4100 6024
677 257 852 388 saneim
868 327 989 388 ΒΑΜ
1006 328 1212 394 scammata
1727 341 1758 397 ti

133 432 281 512 quidpiam
302 430 528 492 omassum.
551 433 643 492 Porro
665 437 798 494 «sonim
819 433 922 506 ignota
964 434 1071 498 bondis
1093 455 1261 514 occupansr
1281 438 1395 515 quibus
1414 445 1445 500 et
1461 439 1571 501 meaos
1585 444 1615 502 ei
1630 455 1762 518 praem

133 522 226 592 sigas,
245 519 288 578 sii
305 517 501 590 Augustinus,
524 531 591 590 esp.
605 531 636 574 xi
653 520 923 590 etxn1,megnu1u
964 537 1034 580 oum
1047 523 1235 582 iconoclastis
1257 524 1490 598 imperatoribus
1502 526 1694 586 Constantino
1706 526 1763 589 Co·

131 602 289 664 ranedlum
306 604 353 661 est
370 600 541 673 linguarum
560 600 730 672 cognition
753 603 826 660 sunt
842 602 922 662 enim
964 621 1132 679 prouymo,
1146 609 1280 665 etLeone
1294 611 1412 680 isauro,
1427 607 1496 668 iorti
1506 623 1603 681 agone
1616 612 1646 671 oi
1657 608 1760 671 duello

132 687 266 764 madum
283 685 392 755 rerba,
411 700 481 760 quat
499 685 532 742 in
547 699 639 744 usum
656 685 777 744 alterius
793 685 921 758 lingum,
964 703 1154 760 congressus,
1167 689 1642 766 hcrainjugutavit,etpc1meta
1651 697 1760 756 mom

129 787 178 848 por
194 769 466 846 interpretationem
489 769 614 826 haurire
635 783 699 828 non
723 773 868 843 possunt3
893 773 923 828 et
962 769 1034 830 fidei
1047 775 1180 847 tropheo
1190 777 1304 832 oternee
1319 775 1469 833 memorias
1482 776 1673 836 consecrauit.

130 861 159 914 ut
177 854 364 913 doctisdmus
391 853 429 910 sit
449 852 609 926 interpres,
629 867 684 912 neo
706 867 835 911 asensu
852 868 923 912 auo
1000 858 1042 914 iix
1056 858 1176 930 Anglia,
1190 857 1261 916 audi
1275 857 1478 917 venerabilem
1495 859 1603 919 bedam
1624 859 1758 920 iallisto·
1817 876 1851 919 ιι.

128 938 195 997 ioris
214 938 321 998 dedus
342 935 922 1010 sbcnu,q11asttipesscntentionon
962 941 1194 1011 minutissime
1207 943 1368 1014 «Egomit,
1382 945 1531 1016 septennis
1544 945 1758 1005 monasterium
1769 934 1864 1041 „yffi

129 1024 262 1095 apparet,
281 1019 339 1078 nial
357 1018 390 1077 in
403 1035 440 1080 ea
452 1018 557 1091 lingua
570 1019 757 1092 inspiciatur,
771 1034 864 1094 quam
877 1020 923 1078 iu·
963 1025 1128 1097 ingressus,
1142 1025 1184 1086 ibi
1197 1030 1260 1085 tota
1270 1026 1462 1086 ritaomoem
1473 1028 1651 1089 meditandis
1664 1029 1758 1103 Scrip-
1768 1055 1815 1102 ,iu
1833 1001 1878 1100 ,ιζ

128 1108 308 1177 tcrpmtatur.
335 1104 411 1162 inter
434 1101 494 1162 aiis
520 1102 580 1162 boo
602 1100 688 1162 aileri
714 1103 885 1177 exemplum
912 1121 919 1161 ι
961 1109 1036 1166 turis
1050 1124 1174 1183 operam
1191 1109 1274 1181 dedi,
1294 1114 1383 1184 atque
1395 1110 1472 1169 inter
1483 1111 1703 1173 observantiam
1713 1113 1758 1174 di·
1797 1117 1847 1162 duit

131 1188 261 1262 espuria
272 1187 450 1247 vitulamina
463 1185 779 1248 nondabuutradiees
799 1189 920 1258 altas,s
963 1192 1096 1266 sciplino
1116 1192 1259 1264 regularis
1281 1198 1311 1252 et
1332 1194 1540 1268 quotidianam
1561 1194 1701 1256 ouandi
1726 1197 1759 1258 lu
1777 1189 1872 1298 ,⁶⁸:¹⁰ss

127 1271 248 1345 Sunium.
262 1285 304 1343 rr,
317 1273 351 1342 ³3
373 1271 508 1344 machot
527 1269 608 1330 euim
620 1270 780 1344 interpres,
794 1275 824 1328 et
834 1271 923 1346 quasi
963 1276 1087 1336 aeclesia
1100 1291 1218 1348 curem,
1232 1291 1348 1350 semper
1367 1281 1419 1336 sut
1432 1277 1560 1349 disome,
1572 1283 1623 1339 sut
1636 1279 1759 1350 domm,
1804 1309 1842 1344 ιι.

128 1359 242 1429 arium
254 1357 420 1428 imbirem.
434 1355 467 1413 id
479 1359 524 1414 esi
534 1370 553 1414 a
562 1353 658 1414 vitulo
670 1354 861 1425 vitulamina,
872 1356 923 1414 de·
964 1362 1017 1418 ant
1035 1359 1163 1419 scribere
1179 1360 1267 1418 dulce
1286 1360 1391 1420 habui.
1406 1380 1421 1415 c
1438 1361 1508 1420 ilino
1521 1361 1553 1420 in
1566 1377 1670 1422 omnes
1683 1375 1759 1436 poue

24 1515 25 1528 ἵ
130 1440 222 1512 dudit
245 1443 402 1513 μικύμτα
421 1442 522 1498 autem
534 1443 605 1500 suut
617 1439 766 1510 stolones,
779 1439 840 1498 sire
853 1455 923 1514 pro·
964 1457 1055 1502 saera
1073 1443 1229 1518 Scriptura
1250 1444 1359 1514 libros,
1373 1444 1760 1506 uedeextcntoomroents-
1848 1515 1851 1522 ¹

23 1533 25 1588 ζ
128 1525 267 1601 omines,
286 1528 317 1582 et
332 1521 404 1586 nori
425 1523 537 1582 surculi
558 1535 596 1580 ex
619 1522 727 1582 arbore
746 1523 860 1598 precisi
867 1561 878 1593 ,
895 1526 924 1582 et
963 1526 1023 1598 ria,
1037 1528 1173 1601 adeoque
1187 1543 1241 1586 neo
1254 1527 1362 1586 morbo
1376 1527 1441 1600 ipse
1454 1527 1564 1588 destitit
1579 1545 1586 1583 ι
1601 1528 1760 1599 quinrero

129 1609 250 1668 interra
275 1605 411 1683 piminii.
433 1607 510 1666 Sauo
533 1621 627 1681 quam
649 1605 785 1666 iirebrteis
803 1605 923 1664 Gracia·
963 1611 1069 1668 ultima
1086 1609 1256 1670 infirmitate
1275 1610 1307 1668 in
1331 1610 1529 1682 scengelius.
1544 1607 1663 1670 ioannis
1676 1609 1761 1670 iabo-

129 1708 184 1768 que
194 1689 356 1752 idiotismis
363 1689 457 1750 Latini
470 1689 625 1750 abundent
632 1689 749 1750 codices
760 1691 846 1760 seori,
857 1691 924 1750 luce
964 1694 1056 1767 rarii,
1070 1698 1099 1752 et
1111 1709 1187 1767 pene
1200 1696 1332 1753 enimam
1344 1709 1450 1765 agens,
1464 1698 1498 1755 ut
1513 1694 1697 1765 absolveret,
1712 1709 1760 1758 ao·

128 1781 169 1836 est
180 1775 307 1846 dhrim,
319 1779 429 1833 utnon
443 1773 508 1832 sins
521 1787 611 1832 cause
629 1773 709 1832 idem
724 1773 922 1844 Augustinus,
964 1777 1022 1834 cito
1032 1776 1147 1835 scriba:
1161 1777 1302 1850 «Accipe,
1313 1777 1364 1846 ait,
1378 1777 1538 1848 calamum,
1549 1782 1578 1836 et
1589 1776 1760 1838 festinanter

127 1863 147 1919 ii
159 1863 283 1919 flamm.
304 1873 334 1930 r,
352 1861 405 1929 st,
427 1861 542 1931 septem
555 1856 678 1926 libellis,
693 1858 746 1932 qui
760 1857 924 1916 etiamnum
964 1859 1104 1930 scribon
1120 1863 1149 1918 et
1160 1859 1299 1920 undem:
1314 1863 1431 1929 «Beue,
1441 1860 1555 1934 iuquit,
1567 1875 1761 1923 cousumma-

127 1951 238 2015 unct,
259 1943 406 2004 termulae
418 1941 574 2015 phrasium
588 1956 678 1998 sacrm
691 1940 847 2014 scripture
860 1940 924 1998 ool·
964 1947 1028 2001 tum
1038 1947 1095 2014 est;
1106 1963 1120 1997 s
1131 1948 1161 2002 et
1174 1957 1326 2017 cycnoeum
1340 1957 1449 2003 canens
1466 1961 1473 2000 t
1490 1942 1611 2002 «Gloria
1625 1944 1714 2014 Patri,
1727 1947 1758 2005 ei

127 2030 228 2102 legisse
252 2043 285 2086 se
307 2029 462 2084 memoret.
477 2024 565 2095 Quod
581 2024 711 2084 imitatus
731 2028 775 2083 est
788 2028 925 2098 postmo-
964 2027 1095 2097 Filio,ci
1107 2027 1225 2101 Spiritui
1238 2029 1360 2096 Sancto,
1374 2046 1389 2081 a
1405 2026 1606 2099 placidissime
1624 2027 1760 2101 spiritum

127 2114 198 2174 dum
213 2111 377 2170 Eucherius
395 2109 600 2181 Lugdunensis
615 2107 670 2167 lib.
689 2110 730 2167 lle
742 2109 847 2166 Formis
867 2112 924 2180 spi·
965 2111 1061 2169 emisit
1081 2127 1138 2184 pro
1161 2109 1231 2168 fidei
1258 2108 1361 2168 lohere
1382 2109 1432 2170 liei
1453 2109 1567 2170 mione
1588 2108 1758 2181 beandum,

127 2199 290 2264 erodiona,
304 2197 416 2267 etpost
427 2207 497 2250 eum
510 2192 602 2250 hocce
615 2191 706 2250 etiem
720 2191 830 2250 saeuio
841 2206 925 2252 eom·
964 2207 1045 2252 enno
1058 2211 1077 2251 a
1089 2199 1176 2268 partu
1190 2193 1317 2264 Virginis
1331 2194 1394 2253 731.

126 2281 224 2358 piures
235 2279 299 2338 alii.
1000 2282 1163 2340 Venerabili
1183 2282 1268 2340 Beda
1289 2279 1413 2353 aqualis
1429 2278 1486 2338 icit
1498 2279 1636 2351 Albinus,
1650 2281 1698 2342 rel
1710 2281 1758 2340 Al·
1803 2289 1879 2338 atoni·

157 2359 922 2434 s.sugusuncccnceotitscmyscstcmus,qnsndo
964 2365 1069 2424 cuinus
1088 2367 1223 2436 Flaccus,
1244 2365 1297 2438 qui
1310 2364 1405 2424 caroli
1426 2365 1521 2434 iiegni
1534 2364 1581 2423 rel
1594 2363 1819 2439 preceptorem

126 2451 157 2508 is
170 2447 310 2506 &nasim
323 2445 472 2517 emmens,
485 2446 556 2505 lom.
570 2446 624 2516 ti,
646 2459 745 2518 neque
758 2443 921 2517 syllohom,
963 2447 1032 2519 init,
1045 2449 1093 2508 rei
1106 2449 1207 2523 potius
1219 2447 1391 2518 familiarum
1405 2448 1454 2508 hio
1474 2447 1639 2508 mercolio
1653 2449 1758 2520 Augila

126 2547 221 2605 titii·²⁰
233 2531 390 2606 ⁸i>¹⁰¹¹l¹¹m
403 2543 468 2588 Μ
485 2529 518 2586 ἰιὶ
536 2528 627 2589 *ιιιῑι
641 2529 772 2599 litteris,
790 2529 824 2587 in
837 2528 922 2601 mitit
964 2547 1061 2594 sacros
1074 2533 1193 2594 Litteras
1206 2533 1307 2607 pelam
1320 2531 1464 2600 dooebst;
1479 2533 1561 2590 unde
1574 2532 1614 2590 nd
1627 2545 1695 2593 eum
1707 2548 1759 2592 au·

124 2615 282 2690 mundis
291 2630 354 2673 non
363 2615 452 2673 hicat
459 2612 582 2687 mandis
590 2611 742 2686 quispiam
754 2612 922 2683 mmouriu,
964 2616 1109 2678 donnum
1130 2633 1168 2678 ox
1180 2617 1272 2678 Friaia
1289 2618 1317 2678 S.
1333 2616 1486 2689 Ludgerus
1504 2615 1670 2676 moratum
1689 2629 1760 2674 eon-

125 2699 313 2761 nondubiiat
324 2713 455 2758 emerem
464 2716 474 2756 ε
484 2713 520 2756 ao
530 2697 658 2773 proinde
672 2694 761 2757 nobis
773 2711 850 2770 opus
859 2709 923 2756 esso
964 2701 1065 2772 cessit,
1079 2706 1254 2776 tantumque
1267 2699 1406 2776 proiecit,
1421 2703 1454 2760 ut
1465 2699 1504 2759 od
1518 2714 1590 2756 suos
1606 2713 1759 2770 reuersus,

125 2785 224 2845 dunc
237 2784 343 2857 gratia
356 2789 386 2842 et
397 2788 431 2842 ut
440 2782 549 2857 Spiritu
558 2784 665 2843 Sancto
676 2781 849 2852 collustrati,
860 2780 923 2840 elo·
963 2785 1125 2846 Frisiorum
1144 2785 1271 2861 apostoli
1286 2798 1397 2846 nomen
1415 2783 1562 2842 meruerit.
1577 2783 1673 2842 Testes
1690 2786 1760 2841 sunt

126 2870 312 2946 quisdiviua
325 2868 479 2926 adeamus.
963 2871 1089 2928 Annales
1102 2869 1257 2940 insimul
1269 2873 1373 2932 auctor
1389 2869 1460 2926 Vita
1473 2867 1503 2926 S.
1514 2865 1643 2937 Ludceri.

157 2954 295 3029 mplius
308 2952 398 3014 sudet
410 2951 566 3024 Gregorius
575 2952 699 3023 iisgnus
708 2953 738 3010 et
750 2948 885 3008 Pontifex
893 2954 924 3010 et
999 2955 1086 3029 Apud
1107 2954 1224 3027 Belgae,
1244 2953 1275 3012 S.
1294 2949 1460 3014 iloniiueius
1478 2965 1548 3008 oum
1561 2949 1638 3020 suis,
1653 2950 1792 3009 Christis.
1812 2962 1878 3036 equ.

126 3041 231 3097 metor
248 3037 410 3096 :toteuim
423 3039 546 3109 tamque
558 3032 676 3104 abdita,
691 3032 725 3093 in
743 3034 922 3094 Ezechielem
963 3037 1059 3110 legem
1078 3035 1386 3112 propagans‚iugiter
1402 3034 1496 3092 saneti
1510 3033 1661 3105 Evangelii
1675 3034 1757 3090 cedi·
1802 3023 1853 3070 Μ

126 3125 349 3195 commentans,
370 3121 403 3179 in
425 3118 533 3178 meotis
559 3115 764 3177 voluminibus
789 3118 924 3190 agnoseit
963 3137 1028 3182 cem
1048 3119 1332 3190 seeumdeierobat,
1345 3118 1421 3180 adeo
1435 3120 1468 3174 ut
1487 3117 1666 3176 eumuaein
1679 3132 1757 3174 mar
1774 3081 1872 3192 Elffl*

125 3205 279 3279 mysten'a,
299 3210 334 3263 ut
346 3207 491 3262 moereret
503 3202 644 3278 quadm
663 3200 839 3260 mortalibus
852 3217 923 3260 uec-
962 3205 1041 3279 tyrio
1063 3203 1225 3275 dimiserim
1251 3202 1327 3276 quin
1352 3216 1423 3260 vero
1442 3215 1512 3258 oum
1532 3213 1613 3258 anno
1640 3199 1756 3256 bomini
1769 3205 1874 3255 mimate

125 3289 360 3360 dnmmsomia,
378 3285 744 3360 solisomlostibuspatcre
757 3284 921 3360 spiritibus.
963 3293 1017 3348 755
1038 3289 1070 3348 in
1088 3290 1152 3362 eius
1172 3290 1262 3362 eaput
1282 3283 1365 3347 Frisii
1387 3298 1488 3342 ensem
1508 3282 1678 3351 vibrarent,
1691 3282 1755 3355 ipse
1787 3279 1861 3372 ‘iffi‘

123 3372 366 3445 Atcshtnurjm
379 3371 568 3444 Gregorium,
580 3368 921 3442 cognanummmhro·
961 3373 1044 3433 huno
1056 3373 1207 3442 codicem,
1221 3369 1308 3445 quasi
1319 3367 1502 3441 spiritualem
1516 3367 1656 3440 clypeum
1674 3367 1754 3439 objc-

123 3459 217 3529 sinm,
230 3457 410 3528 Eusebium,
428 3455 600 3527 origenem,
620 3455 848 3527 Hieronymum,
860 3456 922 3527 Cy·-
962 3458 1014 3528 eit,
1029 3461 1058 3516 et
1071 3455 1178 3516 illustri
1191 3452 1354 3523 mumulo,
1371 3451 1439 3512 licet
1451 3465 1520 3510 ense
1534 3455 1621 3509 acuto
1631 3466 1685 3525 par
1695 3466 1758 3509 me·

122 3540 456 3610 riiium,ctunirersum
464 3543 636 3597 sanctorum
648 3541 766 3597 Petrum
779 3537 920 3608 chorum,
962 3540 1047 3600 dium
1060 3545 1155 3600 sectus
1169 3539 1206 3598 sit
1218 3531 1407 3608 librariolis
1419 3540 1521 3594 tamen
1538 3534 1634 3594 littere
1646 3549 1684 3593 ea
1695 3549 1757 3594 eec-

123 3626 185 3682 iam
205 3623 340 3698 impensa
362 3622 453 3681 saeris
472 3621 559 3681 libris
579 3624 680 3680 noctes
703 3624 732 3679 ei
753 3619 817 3678 dies
838 3620 921 3679 insu·
960 3626 1041 3683 tione
1056 3625 1168 3683 abolita
1181 3627 1235 3682 esi.

123 3707 228 3768 mi
239 3706 410 3765 mirabimur
422 3706 519 3764 cosin
532 3707 589 3764 hae
601 3703 758 3777 disciplina
770 3702 921 3777 principes
997 3709 1084 3782 Apud
1098 3710 1226 3768 Francos
1239 3710 1301 3766 iiex
1321 3709 1350 3764 et
1368 3707 1530 3779 imperator
1542 3703 1665 3764 Carolus
1679 3707 1759 3777 biog-
1810 3719 1844 3761 os.

123 3791 313 3866 eipsimaras
332 3789 539 3859 consenuisse,
562 3803 616 3846 neo
636 3785 730 3846 alium
743 3801 796 3846 eos
808 3787 922 3846 studio·
961 3805 1038 3861 nus,
1063 3794 1125 3850 imo
1145 3798 1189 3852 ter
1201 3789 1366 3861 maximus,
1379 3789 1546 3849 eruditione
1558 3788 1682 3859 scilicet,
1695 3789 1757 3862 pie·
1790 3777 1860 3822 ⁰¹¹⁰¹¹

121 3889 192 3934 rum
210 3875 338 3944 nomm,
357 3888 449 3948 quam
468 3873 535 3928 vitas
556 3870 648 3928 linem
666 3869 792 3930 iecisset
805 3869 921 3930 liirabi·
961 3879 1020 3934 tote
1036 3877 1166 3934 eilande
1178 3874 1300 3943 bellica,
1317 3887 1466 3932 sacrarum
1481 3873 1654 3932 Litterarum
1672 3873 1756 3930 eobo-
1777 3838 1873 3948 ,ffffi

122 3971 193 4018 mur
214 3957 426 4031 Hieronymum
440 3953 579 4026 Gregorio
596 3953 777 4012 Nmionaeno
791 3956 819 4010 et
832 3953 922 4026 nicy-
962 3957 1007 4018 lae
1026 3964 1091 4016 tum
1110 3958 1197 4028 alibi,
1218 3963 1282 4018 tum
1304 3957 1420 4014 Parisiis
1434 3956 1527 4030 (adeo
1541 3961 1625 4014 vetus
1638 3960 1681 4014 est
1693 3955 1757 4014 hmo
1770 3966 1795 4013 t.
1809 3964 1878 4023 aaa

122 4056 191 4114 mo,
205 4039 396 4100 Ambrosium
409 4038 526 4110 Basilio,
539 4037 738 4109 augustinum
751 4036 921 4106 Ambrosio,
963 4039 1758 4115 academia,qumcoloniensisestmeter,chauiensis
1794 4030 1860 4073 ω’·

121 4125 368 4197 chrysostomum
378 4121 520 4192 Eusebio,
533 4121 671 4196 aliosque
683 4118 745 4178 tuit
759 4121 923 4193 proettpio·
964 4125 1050 4198 avia)
1064 4125 1197 4182 instituit.
1210 4124 1286 4192 Quin
1300 4127 1329 4180 et
1341 4121 1463 4181 Carolus
1477 4121 1557 4195 ipse,
1573 4122 1759 4193 ilginbordus

120 4289 228 4360 cleda,
252 4291 371 4350 scholas
382 4303 534 4348 sacrarum
548 4288 722 4348 Litterarum
736 4286 869 4346 erectas?
882 4287 921 4345 iio
965 4293 1154 4363 ligentiesime
1170 4289 1347 4348 emendavit.
1360 4290 1443 4346 Adeo
1456 4303 1526 4348 vero
1541 4287 1631 4348 saeris
1647 4288 1761 4350 Litteris

119 4373 322 4434 Alexandrina
331 4374 480 4444 enim,tot
489 4374 648 4432 Doctorum
660 4374 689 4429 ct
697 4371 859 4430 Proculum
869 4385 924 4444 pa·
967 4378 1084 4435 deditus
1096 4376 1166 4446 icit,
1180 4379 1214 4432 ui
1226 4375 1268 4430 oio
1282 4373 1458 4431 immortuus
1469 4372 1517 4430 eit.
1531 4375 1640 4432 Auctor
1653 4377 1696 4430 eei
1708 4376 1765 4433 Tei
1808 4396 1815 4402 ·

119 4462 219 4529 mit,
242 4457 355 4519 nemini
376 4455 504 4516 dubium
522 4458 567 4516 esi
587 4455 646 4514 :cie
658 4453 770 4514 mittit
784 4453 922 4512 stittin·
966 4461 1105 4534 genucio
1122 4462 1188 4516 Vita
1199 4459 1340 4528 Ludocs're',
1350 4456 1490 4514 carolum
1504 4455 1561 4514 sub
1576 4455 1701 4526 obitum,
1712 4471 1762 4516 eo-

120 4545 321 4604 ouutPatrtun
329 4543 561 4611 lucubrationes,
571 4554 641 4614 qum
648 4539 750 4600 multis
761 4543 923 4614 antequam
964 4548 1070 4602 renato
1089 4541 1267 4616 Aquisgraui
1279 4539 1429 4599 Ludorico
1442 4538 1521 4610 iiiio,
1535 4542 1631 4597 totum
1645 4554 1676 4596 se
1691 4553 1760 4598 ora·

119 4627 285 4701 Theologis
304 4626 480 4686 scholastica
498 4623 642 4686 methodo
664 4621 846 4693 traderetur,
869 4637 923 4682 sa·
964 4625 1113 4696 tionibus,
1129 4625 1325 4700 eleemosynis
1343 4629 1372 4684 ei
1393 4623 1484 4684 saeris
1501 4623 1612 4684 Litteris
1625 4621 1743 4683 dedisse
1748 4661 1760 4694 ,

121 4710 199 4770 culis
210 4709 387 4780 elaborato,
400 4723 477 4784 pene
489 4708 523 4769 iu
534 4708 596 4768 boo
614 4709 807 4779 argumento,
822 4705 855 4764 in
865 4704 923 4766 hae
965 4710 1074 4769 seilicet
1083 4714 1210 4784 quatuor
1223 4708 1382 4781 evangelis
1394 4708 1434 4768 ad
1445 4708 1542 4768 areca
1553 4710 1581 4763 ei
1594 4706 1668 4779 Syra
1680 4721 1761 4778 egre-

121 4795 495 4856 unumaieriarersentur.
965 4793 1013 4867 gie
1036 4793 1164 4854 conexit
1184 4808 1275 4865 agane
1294 4805 1371 4866 pene
1395 4791 1527 4850 enimam
1542 4808 1550 4847 ι
1568 4789 1674 4848 merito
1687 4805 1761 4861 ergo

18 4885 111 4938 lnce
156 4877 923 4956 comicuiinopolioiimcelebraiuitmonesterium
966 4878 1063 4936 Caroli
1084 4877 1179 4936 codex
1197 4875 1334 4948 religioso
1355 4874 1549 4949 Aqulsgrunl,
1562 4873 1671 4947 utipse
1683 4873 1761 4947 ridi,

23 4952 96 5061 Q
122 4966 210 5042 qood
222 4965 263 5025 ab
275 4971 412 5036 auctore,
432 4969 461 5023 et
480 4981 499 5023 a
519 4979 670 5024 sacrarum
684 4960 872 5034 Litterarum,
888 4974 923 5019 tto
966 4966 1149 5030 cooriatur.

122 5051 191 5110 titre
203 5049 387 5124 perieatioris
396 5046 506 5120 studio,
517 5048 612 5108 studii
622 5045 865 5119 nomenaocepii,
875 5044 924 5103 oui
1002 5048 1097 5115 Quare
1111 5044 1196 5118 quod
1209 5043 1241 5101 in
1253 5044 1384 5102 Concilio
1400 5041 1583 5103 Latereuensi
1597 5041 1654 5102 sub
1674 5046 1763 5105 inuo-

24 5139 111 5188 Μ
123 5133 243 5209 proicit
255 5135 285 5192 S.
300 5133 382 5192 Plato
395 5149 404 5190 t
418 5137 487 5207 posi
506 5148 598 5207 wem
611 5131 783 5192 Theodorus
795 5129 924 5201 studita,
966 5128 1062 5190 centm
1075 5131 1124 5199 iii,
1134 5129 1171 5188 de
1184 5129 1325 5188 cathedra
1338 5141 1489 5187 morarum
1506 5127 1679 5212 Litterarum
1693 5143 1760 5189 san-

10 5205 111 5307 25‘*
124 5216 183 5278 sab
201 5231 318 5278 sunum
337 5216 455 5276 homini
468 5217 537 5286 eoo,
548 5219 594 5274 toi
606 5213 719 5288 ingenii
731 5215 779 5273 sui
791 5217 821 5271 et
832 5213 925 5287 pieta-
967 5213 1059 5272 citum
1072 5216 1128 5280 eat,
1143 5225 1206 5272 non
1218 5228 1312 5282 nova,
1324 5212 1378 5271 scd
1390 5213 1517 5270 veterem
1529 5209 1677 5268 innovans
1691 5227 1762 5270 eou-

124 5301 212 5373 iis,e
233 5301 327 5362 ueris
345 5299 459 5360 litteris
479 5298 600 5373 reliquit
618 5302 829 5368 monumenta,
851 5311 923 5358 suos
967 5295 1153 5356 suetudinem
1166 5294 1350 5369 firmansque
1368 5294 1509 5354 habenda
1521 5296 1565 5352 est
1578 5294 1701 5353 sanotio.
1714 5293 1762 5352 itt·

126 5384 289 5461 wate·
299 5388 531 5447 moremiarttm
541 5383 924 5450 mowhornmiisctesect·
967 5383 1094 5453 mirum,
1114 5377 1205 5440 simili
1223 5380 1285 5439 tsm
1307 5377 1412 5439 sedula
1433 5375 1761 5452 cursuroviditetlri·
