4182 6044
684 335 685 339 ’
731 325 973 392 cohnhntllltl
989 331 1025 392 ln
1041 331 1196 406 unhul,
1215 345 1279 394 tlh!-
1296 329 1342 394 lt.
1797 325 1848 392 Ui

216 444 284 490 nra.
302 459 339 474 -
355 429 455 505 Aliqui
467 431 509 490 sic
522 432 670 507 explicant
682 452 691 493 r
705 437 762 501 lu,
784 451 804 492 o
820 436 942 508 marite,
962 436 1012 496 rel
1052 443 1096 496 est
1112 443 1142 495 et
1160 439 1352 511 gymnasium
1364 434 1534 496 omnisne
1549 429 1738 507 religionis.»
1757 426 1848 490 rutis

216 527 335 586 sponse,
348 529 416 572 reus
427 529 492 572 eras
501 516 653 588 sanguinis
663 518 691 574 et
700 516 814 588 mortis,
826 534 951 594 erasque
961 536 1011 577 oc·
1052 524 1096 578 est
1110 523 1142 578 ll.
1155 520 1351 592 stapletonius
1364 519 1397 576 in
1412 519 1480 575 Vite
1492 517 1576 576 llari.
2018 575 2026 588 ,

215 595 360 653 ridendus
370 595 411 655 ob
421 598 562 655 omissam
571 597 1009 668 filiicircumcisioncmverum
1087 602 1258 672 allegorice,
1269 603 1327 659 hoc
1337 601 1416 659 ‹hcat
1427 601 1541 659 Christo
1554 615 1642 658 verus
1656 597 1848 667 Christianus,
1861 603 1971 661 allegorl-

216 677 426 737 diocesaneus
438 682 496 750 est,
511 679 552 738 oh
565 681 834 753 circumcisionem,
849 681 882 745 ld
894 688 952 754 est,
966 679 1008 746 ob
1053 683 1216 758 praesertim
1236 678 1423 763 Religiosns:
1446 685 1601 756 «sponsus
1622 682 1802 755 sanguinum
1815 683 1849 736 tu
1861 677 1971 722 mepan-

215 762 391 832 sanguinem
404 761 458 818 tilii
469 764 543 833 mei,
562 778 653 837 quem
666 764 698 822 in
710 766 774 836 ejus
786 767 1008 826 circumcisione
1053 763 1187 836 mihies,
1201 783 1220 824 ο
1234 766 1385 836 christe»
1400 769 1465 824 tum
1478 765 1550 840 quia
1562 773 1615 824 tuo
1633 764 1776 836 sanguine
1788 762 1851 820 ani·
1863 739 1969 844 ῗξιῃῖζ

215 842 323 914 effudi3
337 847 383 914 tu,
396 860 416 902 o
430 844 531 915 iioses,
543 861 575 903 es
587 846 1007 924 mihisponsussauguinum:
1052 864 1134 906 mam
1155 864 1253 906 meam
1273 848 1328 906 tibi
1350 848 1483 908 coemisti
1497 852 1526 906 et
1546 846 1741 922 desponsasti.
1767 846 1848 905 Unde
1862 849 1971 954 affin

1962 940 1970 962 .

1888 969 1943 1014 anri

216 929 289 1001 quia
303 929 363 989 hoo
381 929 525 1001 sanguine
532 970 542 1000 ‚
555 933 583 988 te
601 933 690 990 morti
707 935 860 992 addictum
881 939 1008 994 amorte
1053 931 1080 990 S.
1091 937 1186 1004 lignes
1194 932 1311 992 dicebat
1319 937 1447 1005 tyranno
1459 951 1466 989 :
1478 932 1626 1003 oSanguis
1635 931 1740 990 Christi
1747 930 1849 1005 sponsi

114 1016 184 1062 reem
216 1010 342 1082 redemi,
362 1028 390 1082 q.
404 1013 434 1068 d.
452 1015 524 1070 Ante
543 1013 749 1073 circumcisum
766 1017 879 1082 illium,
896 1022 930 1074 tu
942 1033 1008 1076 eras
1052 1016 1208 1073 meitinxit
1223 1031 1312 1087 genas
1323 1031 1418 1086 meas3
1435 1013 1848 1088 stumquiaamevicissim,

95 1079 202 1194 ‘¹¹¹²ssss
215 1095 289 1152 mihi
301 1105 430 1168 sponsus
439 1097 632 1168 sanguinum,
647 1099 736 1156 cedis
748 1103 778 1156 et
787 1099 1007 1172 interiectionis,
1052 1101 1086 1154 ut
1098 1098 1155 1156 sim
1168 1112 1279 1171 sponsa
1291 1103 1319 1157 ie
1333 1099 1435 1170 digna,
1448 1098 1542 1170 ‘³115ssis
1551 1097 1727 1169 mulssim
1736 1113 1848 1178 meum,

103 1200 198 1254 sponsu
216 1177 312 1251 inquii
329 1181 363 1234 R·
382 1177 475 1236 David
492 1179 622 1249 Kimchi‚
641 1183 715 1254 quia
731 1197 796 1240 eras
815 1183 1006 1255 occidendus,
1052 1179 1114 1238 imo
1132 1197 1252 1240 earnem
1271 1187 1300 1238 et
1317 1182 1407 1240 vitam
1425 1196 1543 1252 meam,
1557 1180 1629 1238 dum
1644 1181 1733 1238 doces
1746 1181 1782 1238 iis
1796 1181 1849 1255 qui

107 1261 193 1314 smgnr-
217 1259 396 1333 sanguisque
417 1263 487 1318 tuus
504 1261 703 1320 effundendus
724 1269 787 1322 erat
807 1264 847 1322 ab
869 1266 976 1336 angelo
997 1285 1006 1323 :
1051 1267 1080 1320 te
1092 1265 1193 1336 sequi,
1208 1265 1321 1336 tibique
1333 1264 1449 1337 placere
1462 1261 1583 1332 volunt,
1597 1263 1850 1324 circumcidendae

96 1325 201 1439 fflffl'
214 1342 277 1414 jam
294 1357 365 1403 vero
383 1342 556 1404 circumciso
572 1344 636 1404 filio
653 1362 685 1403 es
702 1347 776 1407 mihi
792 1363 921 1421 sponsus
938 1363 1008 1410 san·
1051 1349 1080 1402 et
1100 1345 1321 1404 mortificandas
1343 1361 1406 1403 esse
1427 1345 1681 1418 concupiscentias
1702 1347 1798 1404 cernis
1821 1351 1850 1406 et

216 1425 315 1499 guinis
330 1423 574 1496 circumcisionis,
590 1428 675 1500 quia,
694 1428 837 1501 sanguine
854 1427 1007 1488 circumci-
1052 1427 1223 1498 sanguinis,
1236 1427 1309 1484 dum
1324 1427 1367 1486 ais
1383 1446 1390 1484 ι
1404 1427 1495 1486 ilemo
1508 1432 1606 1502 potest
1619 1443 1703 1486 meus
1716 1443 1779 1488 esse
1791 1431 1850 1488 dis-

216 1505 372 1566 sienisflili
385 1507 461 1578 mel,
478 1511 561 1566 tuam
572 1510 664 1568 vitam
674 1516 763 1585 teque
775 1512 849 1569 milri
860 1525 1007 1586 sponsum
1051 1511 1184 1584 oipulus,
1197 1512 1254 1568 nisi
1272 1514 1325 1586 qui
1345 1512 1473 1584 abnegat
1499 1512 1707 1585 semetipsum,
1725 1517 1755 1570 et
1773 1513 1849 1574 toltit

216 1593 323 1650 coemi.
1051 1609 1170 1652 erucem
1193 1609 1294 1666 suem,
1315 1595 1373 1652 nisi
1391 1590 1443 1670 qui
1464 1595 1529 1652 odit
1550 1599 1579 1658 at
1598 1595 1696 1670 perdit
1718 1597 1849 1659 animam

96 1681 203 1754 simboli-
250 1677 431 1751 symbolice,
445 1680 665 1752 iloseslunotus
678 1677 1008 1750 alienigenoe,estiioo-
1051 1695 1137 1738 suam
1151 1678 1182 1736 in
1195 1679 1397 1750 hosmundo,
1411 1677 1468 1736 nisi
1483 1677 1536 1752 qui
1550 1694 1670 1736 carnem
1684 1695 1770 1736 suam
1784 1695 1850 1737 cru-

94 1754 201 1847 &essars
215 1763 262 1820 tor
268 1761 448 1820 Christianus
456 1762 573 1820 deditus
581 1764 720 1822 humanm
726 1763 1008 1836 philosophiae.ilaec
1051 1761 1143 1834 eifigit
1154 1777 1223 1818 cum
1237 1762 1313 1820 vitiis
1329 1765 1357 1818 et
1370 1761 1632 1834 concupiscentiis,
1649 1761 1706 1818 nisi
1720 1763 1772 1836 qui
1785 1760 1849 1822 dia·

94 1865 163 1921 qum
216 1841 437 1917 gignit'proles,
455 1843 488 1902 id
500 1847 544 1901 est
556 1845 796 1916 dogmatarera,
817 1847 870 1903 sed
882 1847 966 1903 vanis
979 1849 1009 1904 et
1050 1845 1135 1915 holo,
1144 1845 1225 1902 carni
1233 1848 1262 1901 et
1271 1845 1386 1902 mundo
1394 1845 1501 1902 resistit
1510 1845 1653 1919 usquead
1661 1847 1849 1918 sanguinem,

214 1928 296 1986 laisis
308 1928 485 1998 commixta3
498 1943 567 2000 qum
579 1929 636 1986 nisi
650 1927 912 2000 circumcidantur,
929 1945 1007 1987 mor·
1051 1944 1147 2003 usque
1168 1929 1208 1986 ad
1225 1933 1351 1986 mortem
1363 1933 1392 1986 et
1408 1929 1585 2002 martyrium
1599 1942 1607 1986 t
1623 1932 1713 2004 atque
1729 1930 1792 1988 hac
1806 1937 1849 1990 est

214 2017 274 2068 tem
292 2011 419 2069 efferunt
434 2011 548 2069 homini
568 2011 750 2082 Christiano,
766 2027 797 2069 v.
815 2027 846 2084 g.
867 2012 1008 2082 dogmata
1054 2012 1260 2080 «circumcisio
1275 2013 1374 2070 cordis
1388 2012 1420 2068 in
1432 2013 1549 2087 spiritu,
1562 2027 1625 2070 non
1635 2011 1769 2083 litteram
1785 2027 1848 2072 non

215 2094 1007 2169 Philosophorumsuut,lleumesseprimummotorem,
1051 2096 1186 2165 iudaice,
1207 2096 1260 2153 sed
1275 2095 1455 2166 Christiana,
1470 2111 1533 2152 non
1546 2095 1687 2166 exterior,
1706 2096 1760 2154 scd
1775 2095 1848 2154 inte-

215 2178 342 2235 sednon
359 2192 422 2234 esse
441 2177 690 2250 omnipotentem
708 2183 770 2237 non
787 2192 876 2251 posse
893 2177 1009 2252 aliquid
1050 2179 1126 2250 rior,
1143 2179 1252 2251 «cujus
1265 2179 1332 2237 laus
1345 2195 1408 2236 non
1421 2195 1458 2236 ex
1470 2177 1659 2249 hominibus,
1672 2177 1725 2235 sed
1737 2195 1775 2236 ex
1788 2181 1847 2238 Deo

214 2261 308 2318 lacere
322 2275 359 2317 ex
371 2259 476 2331 nihilo,
491 2259 543 2316 sed
557 2263 672 2317 tantum
682 2275 720 2317 ex
732 2259 854 2316 materia
867 2259 924 2316 sihi
933 2275 1009 2318 com-
1051 2265 1133 2329 εει»
1149 2263 1225 2318 lom.
1237 2275 1276 2331 u,
1286 2263 1333 2318 ss.
1348 2262 1465 2334 llertyri
1478 2275 1549 2336 ergo
1560 2261 1690 2320 christus
1704 2267 1748 2320 est
1758 2277 1849 2336 spon

215 2349 313 2413 terna3
327 2357 390 2399 non
403 2355 489 2414 agere
500 2340 666 2412 diceresed
679 2341 741 2399 lato
752 2347 781 2400 et
791 2357 828 2399 ex
838 2343 1009 2400 necessitate
1051 2359 1102 2402 me
1115 2343 1304 2415 sangrrinum.
1314 2345 1398 2402 Unde
1407 2345 1435 2402 S.
1448 2344 1612 2418 Cyprianus
1623 2346 1662 2402 lie
1670 2345 1763 2404 turn
1776 2362 1848 2404 mor

215 2433 336 2485 natura.
356 2429 421 2484 limo
434 2426 535 2484 omnia
548 2425 784 2484 circumcidenda
797 2431 866 2486 sunt
879 2440 934 2501 per
946 2426 1008 2484 cul-
1051 2430 1140 2498 tprttr
1157 2425 1332 2497 «sanguini,
1347 2425 1454 2498 inquit,
1467 2430 1570 2484 nostro
1579 2431 1659 2500 patet
1669 2428 1788 2500 coelum,
1802 2445 1848 2488 rn-

214 2516 294 2570 trnm
305 2509 470 2586 petrinum,
485 2509 517 2567 id
528 2510 571 2566 est
583 2523 637 2580 per
653 2507 746 2568 fidem
762 2508 878 2576 Christi.
1049 2507 1692 2582 graditurmilesvulneribussuisgaudens.r
1704 2512 1845 2572 idemlih.

248 2601 376 2658 Rursum
391 2596 469 2654 disce
483 2595 548 2667 hic,
566 2611 628 2654 non
646 2611 709 2654 esse
721 2596 790 2654 satis
803 2595 1007 2669 patrifamilias
1050 2593 1088 2662 ll,
1106 2595 1218 2666 epistt
1233 2609 1241 2649 :
1260 2591 1363 2662 ellos,
1379 2592 1434 2661 ait,
1450 2592 1488 2650 de
1508 2592 1594 2650 vinea
1608 2593 1724 2651 Domini
1737 2597 1847 2657 racemi

214 2682 239 2740 sl
250 2682 313 2754 ipse
321 2681 358 2738 sit
367 2678 524 2750 religiosus
533 2681 562 2736 et
569 2681 699 2749 sanctus,
713 2679 767 2737 sed
776 2677 1006 2746 deberecurare,
1048 2676 1185 2750 pingues,
1199 2679 1229 2733 et
1238 2676 1301 2746 jam
1310 2675 1433 2734 maturis
1444 2673 1590 2734 fructibus
1602 2675 1692 2748 botri,
1703 2690 1847 2750 pressura

94 2774 153 2818 run
178 2774 201 2818 a.
214 2768 248 2823 ut
259 2770 288 2822 et
299 2763 355 2822 filii
367 2766 395 2820 el
407 2761 520 2820 familia
531 2765 594 2819 tota
606 2761 729 2819 talissit.
743 2762 820 2819 iudi
829 2776 921 2836 quam
929 2765 1007 2823 reate
1049 2761 1198 2820 secularis
1216 2760 1402 2818 intestatione
1421 2760 1541 2831 calcati,
1564 2762 1695 2820 torcular
1711 2767 1846 2827 nostrum

101 2834 197 2938 ffffil
214 2852 243 2906 et
254 2849 303 2921 pie
316 2846 461 2907 laminam
474 2861 560 2902 suam
573 2843 729 2902 instituerit
741 2843 770 2900 S.
785 2844 942 2915 iliaeariua,
956 2859 1006 2902 co·
1048 2844 1176 2902 sentitis:
1187 2843 1247 2903 vini
1260 2843 1324 2900 vioe
1338 2843 1512 2915 sanguinem
1525 2841 1663 2914 funditis3
1679 2844 1720 2901 ad
1734 2847 1848 2918 passio·

93 2955 127 2998 u,
136 2955 201 2998 amr.
214 2947 277 2990 mes
286 2929 394 2999 Ariani,
404 2927 514 2988 enllila
524 2926 597 2996 ejus,
611 2941 677 3000 cap.
692 2941 762 2984 xvrrr
777 2944 813 2982 :a
822 2927 914 3006 Primo
927 2925 1006 2984 enim
1049 2926 1095 2982 nis
1106 2925 1292 2983 tolerantiam
1303 2923 1401 2997 tortas,
1415 2925 1548 3000 martyrii
1561 2926 1705 2998 poculum
1716 2925 1842 2986 libenter

131 3015 174 3059 ¹³³·
215 3011 373 3082 constituit,
387 3014 421 3068 ιιι
433 3025 562 3067 omnese
576 3008 668 3066 domo
678 3023 732 3067 sua
745 3009 879 3082 quotidie
891 3011 1007 3068 illesam
1049 3006 1211 3066 hauritis.»

214 3098 326 3168 integre
345 3093 491 3153 audirent.
514 3091 650 3158 Secundo,
673 3095 708 3148 ut
727 3096 858 3149 urerent
879 3097 956 3151 caste
978 3097 1007 3150 ct
1085 3093 1216 3168 lienique
1233 3107 1296 3152 non
1313 3094 1428 3153 suffecit
1441 3093 1512 3153 llosi
1525 3108 1621 3152 unum
1635 3095 1846 3154 circumcidere

214 3193 288 3253 pure
303 3195 311 3235 r
325 3179 378 3251 qui
391 3174 627 3246 assuefacerent,
640 3189 692 3232 eos
706 3175 798 3237 domo
812 3175 1008 3248 suacxpclle
1049 3174 1147 3236 tilium
1164 3176 1326 3248 seniorem,
1345 3177 1402 3234 nisi
1419 3179 1448 3236 et
1468 3178 1634 3237 seeundum
1654 3179 1846 3242 circumcide-

214 3261 276 3320 bat.
289 3261 413 3323 nolebat
426 3258 522 3328 enim,
534 3263 569 3314 ut
580 3257 740 3332 quisquam
751 3273 829 3331 pane
842 3273 897 3316 suo
911 3261 1007 3315 ve'soe-
1049 3262 1094 3319 ret
1107 3275 1115 3314 ι
1129 3258 1170 3316 ita
1181 3259 1319 3330 Praelata,
1338 3261 1367 3314 et
1380 3258 1474 3316 cuivis
1486 3257 1650 3326 Christiano
1664 3277 1726 3318 non
1740 3261 1846 3322 suffieit

213 3350 302 3412 retur,
318 3359 409 3418 quem
423 3340 508 3400 sciret
516 3344 636 3414 peccato
650 3339 802 3398 mortifero
812 3337 1006 3413 implicatum,
1049 3339 1259 3400 circumcidere
1272 3340 1454 3399 intellectum
1467 3339 1506 3400 ab
1521 3357 1634 3415 errore,
1651 3341 1708 3400 nisi
1721 3348 1749 3403 et
1759 3343 1845 3402 affec-

214 3445 253 3487 ne
266 3427 496 3494 aliosiniiceret,
514 3429 542 3481 et
556 3439 593 3482 ne
606 3424 669 3495 ejus
684 3425 951 3497 peceatumiovere
964 3425 1008 3480 ri·
1048 3427 1114 3482 tum
1127 3423 1533 3498 circumcidatacupiditale.
1546 3427 1588 3483 lta
1601 3427 1743 3485 Perarius.
1810 3446 1813 3452 ¹

215 3512 342 3570 deretur.
359 3511 459 3575 ierne,
472 3509 505 3565 ιιι
518 3506 633 3564 nobiles
642 3507 796 3576 etmilitss,
809 3505 939 3580 itemque
949 3508 1007 3564 vir-
1084 3510 1132 3566 tl.
1145 3510 1177 3565 ln
1190 3511 1312 3566 llonrm
1325 3508 1388 3577 liar,
1401 3533 1438 3550 ··
1449 3507 1482 3565 in
1492 3512 1625 3568 montem
1634 3510 1711 3573 Sina.
1726 3510 1846 3573 Videtur
1859 3522 1917 3566 rara
1927 3524 1963 3566 rr.

215 3596 299 3666 ginas
317 3597 346 3650 et
364 3596 506 3649 matronm
525 3591 616 3648 semel
633 3591 664 3648 in
682 3590 871 3648 hebdomade
887 3591 1007 3648 confite·
1049 3589 1845 3665 lioses,oumcomitatusjamiratresuolaronaplane

214 3673 1006 3748 rentar,atsemelinmensecommunicarent.Quarto,
1049 3689 1081 3732 se
1100 3675 1264 3744 accingeret
1281 3673 1321 3730 ad
1338 3686 1424 3729 suam
1441 3671 1620 3742 legationem
1637 3677 1699 3731 tam
1720 3674 1845 3733 arduam

215 3765 249 3820 ut
266 3761 378 3820 eadem
397 3755 525 3828 virgines
544 3760 573 3812 et
592 3761 734 3814 matrone
751 3772 838 3814 mane
857 3757 1007 3830 usquead
1049 3755 1232 3826 obeundam,
1239 3754 1385 3812 remisisse
1392 3755 1423 3811 in
1430 3755 1545 3812 liadian
1555 3755 1844 3829 uxoremcumfiliis,
1858 3767 1964 3812 nosen·

202 3843 375 3918 'prandium
395 3839 534 3915 precibus
555 3843 584 3896 et
602 3837 659 3911 piis
680 3838 823 3897 exercitiis
846 3841 1005 3896 vacarent:
1050 3843 1084 3896 ut
1102 3837 1225 3896 liberior
1237 3841 1313 3895 esset
1324 3841 1353 3893 et
1365 3838 1529 3910 expeditior
1544 3856 1552 3894 ι
1567 3853 1638 3896 nam
1653 3839 1816 3918 Sephoram
1828 3856 1846 3897 a
1859 3829 1965 3934 'ffifffi

155 3985 159 3989 ,
193 3924 201 4004 i
215 3941 234 3982 a
252 3921 379 3998 prandio
396 3922 558 3980 manuarlis
575 3919 717 3993 operibus
734 3936 798 3978 sese
818 3926 1005 3992 occuparent.
1050 3922 1128 3980 llose
1141 3920 1294 3978 recessisse
1306 3918 1347 3976 ad
1363 3933 1451 3984 suos,
1465 3923 1546 3992 patet
1565 3935 1603 3978 ex
1622 3935 1658 3981 eo
1667 3960 1678 3991 ,
1690 3923 1775 3994 quod
1795 3919 1847 3980 iila
1870 3951 1962 3995 mmm„

191 4010 193 4065 l
216 4009 332 4075 Quinto,
349 4012 382 4064 ut
394 4021 483 4064 nemo
496 4005 617 4062 auderet
629 4004 837 4076 blasphemare
849 4006 956 4074 heum,
974 4007 1006 4060 Β.
1049 4003 1246 4077 postmodum
1264 4001 1304 4058 ad
1321 4001 1419 4056 lloscn
1437 4016 1475 4056 ex
1488 4004 1615 4076 AEgypto
1633 4017 1702 4059 cum
1721 4003 1847 4060 liebrmis
1868 4025 1955 4056 uxorem

193 4080 203 4149 i
215 4092 373 4164 Virginem,
387 4092 438 4146 aut
451 4087 582 4162 aliquem
595 4089 779 4156 Sanctorum,
792 4085 841 4144 vel
851 4086 951 4157 jurare
964 4089 1008 4144 te-
1051 4101 1213 4159 egressum,
1222 4085 1253 4140 in
1267 4083 1336 4140 Sina
1348 4083 1477 4153 redierit,
1488 4089 1521 4141 ut
1536 4085 1715 4158 dicituroap.
1725 4102 1807 4157 xvrrr,
1816 4087 1845 4145 h.
1860 4074 1964 4174 hanff*

214 4174 295 4232 mere
302 4215 313 4245 ‚
330 4173 377 4230 vel
390 4173 544 4229 inhonesta
557 4168 690 4242 proferre
697 4187 708 4240 ι
722 4173 915 4242 corrumpunt
928 4167 1008 4225 enim
1087 4171 1131 4226 30.
1146 4169 1328 4232 locsrusors
1341 4177 1391 4222 aar
1401 4167 1630 4224 Arnon-ilem
1642 4172 1740 4226 Aaron
1747 4169 1795 4226 hio
1805 4174 1848 4228 est
1860 4195 1919 4238 vm,
1930 4163 1963 4239 ἐι,

214 4255 313 4314 honos
324 4271 423 4313 mores
435 4253 586 4326 colloquia
598 4267 692 4326 prava
706 4269 713 4308 :
728 4267 797 4308 eum
811 4251 864 4324 qui
873 4266 957 4308 secus
967 4250 1009 4308 ie-
1052 4266 1086 4309 os
1093 4254 1123 4308 et
1134 4251 1277 4322 interpres
1286 4244 1381 4317 liceis,
1389 4248 1433 4306 uti
1442 4245 1619 4321 predixerat
1628 4253 1703 4308 Deus
1711 4265 1789 4310 vera.
1798 4255 1845 4310 16.

216 4343 313 4410 cisset,
332 4339 364 4396 iu
377 4353 454 4412 pane
473 4341 502 4394 et
515 4351 594 4409 aqua
609 4337 742 4407 ieiunare
762 4334 897 4405 cogebat.
916 4334 1008 4401 Serto,
1087 4335 1126 4390 Er
1139 4341 1219 4390 raam
1232 4343 1420 4388 srenlconan
1434 4344 1553 4391 roruao.
1567 4360 1604 4377 -
1622 4332 1765 4404 «Fecit»
1784 4349 1846 4394 non

215 4429 249 4482 ut
260 4439 350 4482 nemo
361 4421 477 4479 luderet
489 4419 604 4478 tesseris
615 4422 666 4475 aut
678 4417 738 4476 alio
751 4418 819 4474 lusu
832 4417 911 4489 turpi
925 4422 953 4473 el
966 4417 1010 4474 in·
1051 4417 1164 4484 Aaron,
1185 4415 1239 4470 sed
1252 4416 1344 4470 lloses
1361 4412 1414 4488 qui
1431 4413 1600 4470 immediata
1615 4415 1787 4486 precessit:
1806 4412 1847 4474 ita

214 4505 351 4571 honesto.
364 4505 498 4574 Septimo,
512 4505 546 4560 ut
557 4515 661 4560 omnes
674 4493 794 4574 paoem,
811 4497 970 4556 amicitiam
981 4501 1010 4555 et
1052 4498 1131 4557 enim
1143 4496 1251 4568 partita
1261 4497 1344 4552 erant
1357 4511 1376 4550 a
1389 4496 1448 4554 lieo
1462 4495 1563 4551 munia
1574 4495 1661 4553 llosis
1674 4499 1702 4553 et
1712 4499 1846 4570 aaronis,

215 4585 407 4645 concordiam
421 4583 550 4641 coierent
569 4601 576 4639 :
592 4583 617 4640 si
630 4581 699 4656 quis
717 4581 810 4640 alium
823 4579 1008 4650 offendisset,
1052 4583 1086 4636 ut
1100 4579 1191 4635 iloses
1204 4575 1260 4635 suo
1273 4575 1399 4649 imperio
1416 4577 1570 4634 mandaret
1586 4581 1615 4636 et
1633 4577 1740 4636 iaceret
1751 4581 1846 4654 sigua,

215 4684 289 4727 mox
306 4682 376 4724 cum
393 4666 507 4722 offenso
520 4664 629 4724 rediret
644 4667 675 4722 in
690 4665 825 4737 gratiam.
843 4665 959 4729 Octavo,
977 4668 1011 4720 ut
1052 4672 1150 4718 Aaron
1159 4661 1299 4718 mandata
1309 4658 1395 4718 lloais
1404 4659 1490 4717 stilai
1498 4659 1695 4734 eloqueretur,
1704 4667 1849 4736 tanqum

216 4748 350 4825 quotidie
364 4747 521 4821 aprandio
541 4752 592 4804 aul
610 4761 731 4818 vespere
747 4744 925 4815 interillos,
943 4745 1010 4818 ipso
1054 4745 1113 4802 dux
1127 4743 1221 4800 verbi.

215 4829 459 4908 praesentaneis
469 4828 587 4886 collatio
596 4834 625 4886 et
635 4829 792 4886 collocutio
803 4829 841 4886 de
854 4827 944 4887 rebus
952 4827 1011 4900 piis
1089 4829 1190 4897 Sient,
1204 4854 1240 4868 -
1252 4824 1309 4885 trio
1319 4823 1386 4899 illa,
1400 4825 1438 4884 de
1452 4825 1563 4902 quibus
1573 4826 1657 4894 initio
1670 4829 1783 4912 capitis,

217 4921 246 4974 et
258 4912 450 4972 salutiferis.»
466 4911 541 4982 Lege
555 4915 584 4967 et
596 4909 730 4980 lobiam,
743 4925 809 4984 cap.
825 4923 864 4979 rr,
878 4909 932 4967 uhi
947 4909 1011 4983 ipse
1089 4909 1327 4979 3l.v1srrrsssr,
1347 4938 1383 4951 -
1402 4909 1577 4982 respexisset
1595 4911 1635 4969 ad
1654 4923 1706 4970 eos
1723 4908 1850 4972 liberan-
1860 4919 1968 4974 tenna.

216 4999 314 5058 filiurn
330 4995 446 5056 instruit
459 4995 499 5052 ad
513 5008 635 5052 omnem
648 4991 795 5051 virtutem.
816 4995 877 5050 iloo
890 5007 1011 5064 quoque
1055 4994 1129 5051 dum
1142 4994 1170 5048 et
1183 4991 1370 5048 educendum
1384 5004 1421 5046 ex
1435 4990 1560 5064 AEgypto
1568 5011 1578 5064 3
1592 4993 1738 5052 hocenim
1753 5001 1851 5074 poste·

218 5082 326 5140 saeculo
340 5084 371 5137 Β.
385 5078 628 5146 thomassinus,
643 5073 754 5146 angliae
772 5073 966 5135 cancellarius
984 5077 1012 5130 et
1055 5076 1116 5133 rius
1128 5072 1254 5131 verbum
1269 5073 1425 5148 explicatio
1439 5077 1482 5130 est
1496 5073 1604 5150 prioris
1618 5076 1667 5150 (l).

113 5165 118 5170 '
217 5169 345 5238 martyr,
362 5163 514 5236 itaproles
528 5157 708 5218 etlamiiiam
722 5171 808 5215 suam
821 5159 882 5214 tam
896 5155 1013 5213 inlitte-
1442 5167 1448 5190 ·

218 5249 271 5318 ris,
283 5262 375 5321 quam
389 5247 420 5302 in
434 5246 541 5303 virtute
553 5239 868 5317 etpietateChristiana
878 5239 1013 5311 instituit,
1087 5261 1122 5326 (ι)
1135 5261 1317 5322 nmmum,
1332 5262 1426 5318 pm
1438 5263 1492 5324 πῃ,
1506 5263 1619 5328 ,emp
1634 5263 1790 5332 „ww
1805 5263 1861 5328 Dei,

219 5335 253 5390 nt
269 5328 307 5387 de
324 5344 361 5386 aa
372 5327 482 5386 scribat
495 5329 656 5387 erasmus:
673 5326 808 5382 silemus
821 5323 892 5381 ilori
911 5322 1014 5380 schola
1057 5331 1216 5396 prophetam.
