4018 5976
246 191 301 252 toa
732 191 975 254 contestante
991 193 1026 254 lN
1043 191 1197 267 monum,
1216 211 1280 256 cta.
1298 194 1387 258 xxix.

128 306 186 354 tuae
201 317 234 350 a·
247 293 443 355 immolabant
462 295 590 368 Hebrai,
611 295 746 354 videlicet
766 311 879 370 agnum
900 312 987 356 mane
1009 301 1039 356 et
1116 301 1338 371 alternemus,
1358 317 1446 360 serm.
1462 302 1482 358 2
1497 303 1610 358 ettoc
1622 301 1814 372 mammea
1828 313 1880 372 aq-
1901 308 1962 380 ‚uas

128 367 234 484 xm
247 393 358 450 agnum
371 392 505 450 vespere,
521 373 559 436 de
572 394 635 452 quo
644 375 757 438 Numer.
768 392 872 452 xxviii,
886 379 918 451 3,
930 379 963 440 ut
975 381 1037 440 tam
1080 396 1155 440 uum
1169 383 1345 440 matutinum
1366 379 1504 454 intelligit
1519 379 1667 440 Christum
1686 374 1834 440 infantem
1848 377 1920 440 ium
1953 379 1963 442 'l

128 488 188 535 cert
246 475 334 518 mane
347 473 440 534 quem
452 474 573 532 vespero
587 457 643 518 hae
656 460 775 520 victima
788 459 880 522 [teum
893 459 1036 536 colerent,
1080 463 1193 536 templo
1214 465 1423 538 praesentatam
1441 465 1469 520 et
1488 461 1624 522 oblatum
1637 459 1668 520 in
1685 458 1760 521 testo
1775 459 1880 522 Purifi-
1890 431 1964 482 Μ

247 537 334 616 eique
353 537 414 600 tam
434 537 579 616 primitias
595 557 688 618 quam
702 541 794 602 tinem
807 539 866 603 diei
879 541 1017 606 offerrent
1026 564 1036 617 3
1082 541 1203 600 cationis
1212 567 1221 613 ;
1236 559 1289 618 per
1309 563 1420 616 agnum
1441 561 1510 604 vero
1526 543 1728 620 uespertinum
1740 541 1881 619 intelligit

245 619 374 698 indeque
395 619 571 682 sacrificium
589 621 647 684 hoo
666 627 789 686 vocatur
810 625 989 686 matutinum
1009 626 1039 685 et
1081 625 1229 686 Christum
1239 629 1302 700 jam
1316 627 1431 696 virum,
1444 627 1476 686 in
1490 625 1550 686 tine
1563 621 1629 686 vita
1642 626 1836 688 immolatum
1849 625 1881 688 ia

245 703 462 782 vespertinum,
475 707 560 782 cujus
575 723 654 785 saepe
665 707 799 768 meminit
811 707 919 768 Psattes
929 711 959 768 et
969 711 1037 768 Pro·
1082 722 1176 782 eruce.
1192 707 1233 767 lta
1246 711 1275 768 S.
1289 707 1469 784 Cyprianus,
1482 707 1535 767 lib.
1550 709 1589 782 ιι,
1604 707 1688 786 epist.
1702 714 1721 768 3
1737 707 1777 768 ed
1796 710 1882 770 θεει-

230 787 351 863 ·phalm.
836 833 839 838 -
1082 789 1164 859 tium,
1183 791 1269 850 docet
1287 793 1487 866 vespertinum
1506 803 1618 866 agnum
1636 792 1798 866 figurasse,
1818 811 1882 854 nou

128 877 206 930 trino.
283 870 355 927 Nota
371 873 462 942 primo
484 889 494 928 e
515 876 617 946 Agnus
630 869 680 932 hio
698 867 828 932 debebat
849 883 913 930 esse
934 865 1039 930 similia
1082 873 1197 932 tantum
1217 869 1320 932 christi
1341 875 1467 930 nrortem
1486 875 1517 931 in
1532 877 1702 945 crucc,seri
1718 877 1881 952 ettempus

247 959 326 1024 agito
339 947 484 1026 paschali,
496 955 569 1028 puta
580 973 643 1015 esse
656 953 814 1016 anniculus
825 955 855 1014 et
867 954 1038 1014 immacula·
1082 953 1185 1012 mortis
1190 975 1199 1027 ς
1211 949 1267 1012 sub
1278 972 1433 1030 vesperam
1445 953 1525 1014 enim
1536 951 1666 1016 Christus
1677 957 1817 1017 mortuus
1827 961 1879 1019 esi.

247 1033 294 1090 ttts
303 1075 314 1106 ,
325 1037 358 1090 ut
369 1037 448 1110 patet
460 1035 544 1096 tiam.
558 1049 662 1109 urin,
674 1039 702 1098 3.
922 1097 937 1108 ,
1117 1038 1326 1114 tropologice,
1337 1041 1408 1112 juge
1429 1037 1606 1098 sacrificium
1629 1039 1672 1098 est
1686 1041 1837 1102 matutina
1854 1053 1882 1103 et

130 1129 233 1176 acrem.
280 1111 417 1186 Setuado,
441 1137 510 1179 eum
531 1137 610 1194 agno
632 1119 810 1182 offerebatur
832 1117 947 1182 decima
967 1134 1038 1196 pars
1083 1123 1248 1194 vespertina
1262 1123 1371 1192 oratio,
1384 1137 1478 1196 quam
1491 1123 1617 1196 quilibet
1633 1123 1730 1180 tidelis
1742 1125 1880 1201 quotidie

247 1195 316 1274 ephi
329 1195 433 1261 simile
449 1219 614 1279 conspersae
634 1206 721 1278 oleo,
736 1206 820 1279 quod
833 1205 933 1264 oleum
948 1202 1039 1262 debe·
1084 1203 1143 1260 ileo
1155 1205 1260 1262 oilerre
1275 1203 1362 1260 debet
1378 1217 1385 1259 ι
1400 1205 1472 1260 ιιειιι
1482 1199 1659 1264 suentisium
1669 1203 1881 1284 tilssa,quam

247 1279 298 1340 bat
311 1295 374 1342 esse
387 1291 494 1362 quarta
505 1304 576 1364 pars
589 1304 734 1346 mensurae
749 1289 803 1346 ltin
818 1307 826 1345 ι
841 1289 944 1346 eadem
958 1301 1039 1344 men·
1084 1287 1217 1362 quotidie
1232 1285 1365 1356 audiant,
1377 1287 1430 1362 qul
1442 1293 1582 1360 possunt,
1592 1283 1666 1345 utin
1675 1299 1710 1347 ott
1719 1289 1880 1365 Christum,

247 1375 318 1425 aura
338 1365 416 1440 riui,
432 1371 506 1444 puta
524 1375 630 1446 quarta
649 1387 719 1446 pars
733 1367 886 1442 bin,'cum
906 1383 984 1444 agno
1005 1369 1039 1428 li-
1083 1383 1186 1426 verum
1209 1383 1337 1441 agnum,
1357 1365 1545 1427 immolatum
1568 1367 1627 1428 ileo
1646 1369 1723 1430 ratri
1743 1369 1879 1435 offerant

247 1447 362 1521 hunda,
381 1450 488 1525 idest,
505 1451 688 1512 effundenda
701 1457 762 1512 crat
776 1451 806 1509 in
818 1454 964 1510 honorem
978 1453 1038 1512 liei.
1084 1449 1124 1510 tte
1137 1453 1165 1509 S.
1182 1451 1332 1522 Clemens,
1346 1444 1399 1508 lib.
1415 1453 1436 1508 ιι
1454 1453 1569 1510 corattt.
1584 1453 1681 1526 Apost.
1696 1469 1762 1530 eap.
1778 1473 1879 1531 ruer,

247 1529 313 1589 itrat
326 1529 404 1590 enlm
417 1533 475 1592 hoe
488 1533 665 1594 sacrificium
676 1533 762 1610 quast
769 1537 840 1609 iuge
852 1541 880 1594 et
893 1537 1040 1610 quetidie·
1084 1537 1185 1592 monet
1205 1529 1400 1604 Christianos,
1417 1533 1449 1590 ut
1462 1539 1523 1592 tem
1536 1545 1639 1606 mane,
1651 1549 1745 1612 qnam
1758 1557 1880 1615 vespere

246 1623 321 1671 utrm
332 1613 805 1678 eonmviumlteloonstansearne
819 1619 899 1691 agni,
913 1633 991 1692 pane
1003 1635 1040 1676 ex
1084 1617 1236 1674 ecetesiam
1257 1619 1369 1674 oraturi
1382 1615 1499 1674 adeant.
1518 1631 1533 1671 c
1550 1617 1594 1674 ab
1613 1620 1751 1693 eeclesia,
1765 1623 1881 1698 inquit,
1998 1643 1999 1670 ι

247 1697 359 1772 startia,
377 1701 406 1758 et
427 1701 512 1773 vtno;
533 1699 565 1760 in
589 1701 726 1762 convivio
743 1703 824 1760 enim
846 1704 909 1759 tam
933 1707 1039 1776 potus,
1084 1699 1188 1757 christi
1210 1717 1246 1757 ne
1269 1697 1365 1770 absis;
1387 1711 1511 1771 surgens
1530 1697 1570 1757 ad
1590 1713 1657 1758 eam
1677 1715 1782 1776 mane,
1804 1711 1882 1765 ante

248 1791 340 1856 quem
355 1781 439 1841 cibus
453 1785 622 1860 requiritur.
736 1853 737 1856 Ἴ
987 1835 991 1842 ,
1084 1799 1176 1858 quarn
1190 1781 1286 1841 ullum
1300 1795 1377 1856 opus
1391 1779 1629 1856 aggrediamur
1648 1797 1753 1846 rursus
1772 1787 1826 1848 adi
1844 1791 1882 1848 ad

284 1861 391 1936 ιἐνιιο,
403 1861 462 1924 boo
479 1867 550 1940 juge
567 1863 745 1928 saonficium
763 1863 890 1945 publicis
905 1865 1040 1945 expensis
1084 1879 1301 1940 summepere,
1316 1866 1349 1923 ut
1363 1865 1471 1937 gratias
1485 1879 1555 1937 agas
1570 1865 1629 1926 tteo
1643 1867 1680 1925 de
1694 1867 1745 1942 tis,
1758 1880 1882 1948 propter

249 1943 439 2020 offerebatur,
448 1949 545 2026 inquii
556 1951 699 2026 losephus
707 1994 717 2024 ,
729 1949 782 2011 lib.
797 1951 832 2012 111
845 1953 942 2026 Antip.
958 1967 986 2012 x.
1084 1967 1152 2024 quus
1166 1951 1255 2008 vitam
1267 1949 1323 2006 tibi
1337 1950 1460 2022 largitus
1473 1955 1525 2006 est.
1538 1969 1552 2004 a
1566 1951 1600 2009 ld
1614 1954 1777 2014 etiamnum
1786 1959 1883 2016 Cirris·

211 2077 218 2092 .
284 2029 402 2100 Quone,
418 2033 503 2091 utillo
522 2031 973 2107 uteintermittebatur‚etiamsi
987 2035 1040 2096 illc
1084 2033 1156 2090 tiani
1170 2031 1367 2105 religiosiores
1382 2031 1554 2104 observent,
1570 2035 1622 2108 qui
1637 2045 1724 2094 manc
1737 2040 1883 2101 stetimut
1997 2071 1999 2078 ι

249 2109 296 2172 dia
317 2108 425 2173 testum
447 2115 588 2191 aliquod,
609 2121 643 2176 ιιι
665 2119 841 2190 neomenia,
864 2119 1039 2195 sabbatum,
1083 2117 1273 2188 surrexerint,
1286 2121 1533 2192 antequamopus
1552 2115 1771 2193 aggrediantur,
1785 2122 1883 2186 adea

248 2198 369 2270 pasche,
380 2202 447 2270 ata,
461 2199 615 2272 incideret,
629 2215 691 2276 quo
704 2218 760 2277 pro
773 2199 886 2260 ratione
899 2199 964 2262 testi
977 2201 1041 2262 alia
1083 2201 1204 2260 alesiam
1226 2201 1337 2260 adeunt
1346 2243 1356 2274 ,
1371 2203 1399 2259 et
1420 2201 1446 2257 sl
1467 2202 1582 2276 possint
1603 2199 1721 2264 Missam
1743 2208 1880 2269 audiunt
1998 2233 1999 2250 i

247 2277 374 2340 victimae
393 2279 584 2342 immolanda
605 2289 707 2358 erant,
726 2283 760 2342 ut
775 2286 857 2358 petet
873 2285 956 2346 Num.
974 2301 1038 2362 cap.
1083 2282 1165 2342 idem
1179 2281 1312 2360 quotidie
1324 2277 1474 2342 lectitabat
1487 2285 1515 2342 S.
1527 2283 1652 2358 lionica,
1661 2287 1706 2344 uti
1715 2287 1810 2350 hebet
1818 2293 1880 2366 eius

247 2369 482 2436 intraveras.
1085 2365 1237 2425 vitaexs.
1253 2363 1596 2442 augustinodesumpta.

281 2445 336 2506 tihi
349 2456 420 2508 note
440 2469 447 2508 :
465 2447 600 2520 Quotidie
617 2448 716 2526 primo
730 2445 942 2511 immolabatur
954 2451 1042 2512 seori·
1120 2451 1256 2526 Quinque
1269 2447 1359 2524 lamus
1372 2445 1416 2508 ret
1428 2443 1541 2508 bucias
1553 2447 1657 2525 paucis
1668 2455 1800 2528 assignat
1813 2476 1881 2518 nos
1903 2475 1954 2522 eat

247 2529 349 2589 licium
368 2533 438 2606 tuga
458 2535 636 2594 matutinum
645 2553 655 2606 ;
675 2537 743 2610 post
760 2535 837 2594 iilud
850 2547 920 2596 vero
934 2538 1040 2596 immo·
1085 2535 1128 2591 ter
1139 2529 1270 2604 toletus,
1284 2529 1337 2590 lth.
1354 2529 1387 2590 tii
1400 2527 1530 2602 Summa,
1541 2550 1607 2608 cap.
1620 2551 1641 2594 x
1653 2555 1661 2592 :
1674 2537 1822 2610 «primm,
1839 2545 1879 2602 in·
1901 2539 1960 2610 ἰιι

247 2609 386 2672 labantur
399 2613 467 2674 elta.
478 2621 549 2690 tege
560 2617 842 2694 verovespertlnum
854 2617 960 2678 ultimo
973 2626 1042 2696 post
1084 2617 1163 2692 quit,
1178 2621 1222 2675 est
1235 2617 1335 2690 gratiae
1349 2622 1558 2692 augmentum
1573 2616 1626 2694 qui
1639 2620 1719 2679 enim
1738 2621 1769 2681 in
1786 2627 1879 2698 gratia
1894 2603 1963 2718 Ἓξ

249 2693 308 2754 alie
326 2695 427 2756 omnia
444 2693 674 2772 immolabatur;
695 2699 776 2760 unde
793 2703 855 2760 tota
875 2707 961 2761 nocie
981 2719 1041 2763 ere·
1085 2705 1142 2770 ost,
1156 2713 1273 2758 sacrum
1288 2697 1438 2759 audiendo
1457 2699 1557 2774 gratia
1572 2709 1765 2776 augmentum
1778 2726 1880 2772 conse
1903 2723 1956 2768 aaa

249 2775 387 2838 mabatur
397 2781 428 2838 ln
442 2777 540 2853 altari,
552 2779 595 2840 utl
608 2784 702 2841 sancit
714 2786 807 2857 Deua,
819 2783 905 2844 lenit.
920 2797 965 2858 ur,
976 2789 1004 2846 o.
1085 2786 1200 2857 quitur,
1215 2790 1279 2842 turn
1293 2783 1365 2858 quia
1377 2781 1474 2855 offert,
1483 2789 1546 2843 tum
1559 2787 1631 2859 quia
1642 2802 1699 2860 pro
1712 2787 1779 2862 ipso
1791 2795 1880 2853 ettam

131 2883 237 2938 peragar.
283 2863 458 2936 allegorice,
475 2865 547 2936 iuga
568 2861 744 2924 sacrificium
766 2865 953 2940 significabat
970 2869 1041 2942 juga
1085 2866 1800 2945 secrumottertur.sccccec,consequiturpoena
1808 2876 1879 2934 tear·

130 2953 154 2991 οι
183 2945 237 3018 ipa
250 2943 425 3004 enuntiatum
438 2941 587 3005 christiin
601 2947 791 3020 Eucharistle,
805 2947 1042 3026 quodomnibus
1085 2947 1197 3024 porolis
1213 2963 1269 3024 pro
1283 2949 1410 3024 peccatis
1428 2945 1535 3009 debita
1548 2951 1762 3013 remissionem.
1779 2959 1879 3032 Tertio,

131 3006 238 3114 affin
251 3030 356 3089 diebus
369 3029 490 3090 elienor
507 3029 536 3089 et
554 3031 692 3090 niteretur
709 3045 806 3108 usque
825 3033 865 3092 ad
885 3033 1043 3094 Antichrts·
1086 3029 1170 3106 quod
1190 3033 1279 3106 petit,
1302 3027 1418 3089 lucilius
1440 3031 1577 3107 impetrat
1599 3049 1608 3092 ι
1628 3045 1699 3092 nam
1723 3041 1783 3096 lieo
1805 3043 1880 3100 Patri

131 3123 237 3172 necari-
249 3119 329 3187 tum,
341 3117 394 3190 qui
410 3112 485 3174 iliud
503 3112 627 3189 unieret,
643 3119 747 3176 saitem
760 3131 798 3176 ne
811 3117 931 3193 publice
947 3119 999 3178 ilat
1011 3122 1043 3178 in
1085 3113 1267 3173 oblationem
1281 3115 1610 3189 acceptissimam,pute
1622 3115 1770 3178 christum
1785 3123 1879 3184 offert.

157 3189 209 3234 ’ω’
249 3199 349 3271 regnis
362 3199 419 3256 sibi
434 3200 575 3265 subditis,
588 3205 623 3257 ut
634 3206 715 3274 patet
728 3203 834 3258 flectet.
850 3217 896 3274 rr,
908 3199 953 3260 at.
1086 3201 1206 3266 Quarto,
1226 3203 1308 3255 aetus
1327 3197 1471 3254 virtutum
1491 3201 1678 3272 exercentur,
1691 3207 1720 3259 et
1731 3209 1879 3282 precipue

130 3301 211 3348 rm
285 3285 377 3340 Primo
397 3291 485 3354 argo,
504 3281 634 3340 Christus
653 3287 698 3341 est
716 3281 1043 3358 translatumesse
1085 3283 1190 3351 trium,
1213 3297 1280 3356 qum
1302 3285 1372 3338 sunt
1394 3283 1496 3354 magui
1517 3283 1630 3355 meriti,
1651 3287 1763 3345 scilieet
1783 3291 1877 3362 Fidei,
1998 3351 1999 3356 ,

250 3362 304 3442 qul
315 3363 391 3423 tollit
404 3367 523 3440 peccata
537 3363 658 3436 mundi,
669 3363 753 3440 quod
764 3363 858 3424 iecere
871 3356 933 3424 ιιόιι
946 3367 1044 3442 potuit
1085 3365 1237 3423 eharitatis
1255 3367 1282 3421 et
1296 3362 1466 3438 lieligionis.
1487 3363 1604 3435 Quinto,
1616 3375 1769 3443 comparet
1787 3370 1878 3434 bomo
1997 3359 1999 3392 ⁴

249 3463 345 3524 agnus
355 3450 434 3523 jugis
447 3456 475 3507 et
488 3445 600 3522 legalis.
616 3447 686 3508 ltine
700 3449 831 3508 Christus
845 3449 884 3508 ab
897 3451 987 3524 isaia,
999 3453 1043 3508 le·
1086 3451 1117 3508 in
1131 3447 1285 3524 prasentia
1294 3447 1397 3506 Christi
1405 3465 1414 3519 ;
1425 3453 1454 3506 at
1464 3461 1500 3507 eo
1513 3463 1576 3523 quo
1587 3457 1683 3524 potest
1693 3455 1798 3529 modo,
1807 3465 1878 3532 puta

248 3533 342 3590 remia
362 3537 390 3588 et
408 3531 473 3590 aliis
495 3531 646 3606 Prophetis
658 3533 780 3590 uocatur
793 3545 899 3603 agnus.
915 3538 1043 3606 «agnus
1085 3545 1138 3608 pcr
1152 3530 1255 3598 iidem,
1272 3531 1447 3604 presentem
1468 3527 1550 3589 videt
1569 3535 1732 3608 christum,
1746 3545 1775 3597 et
1792 3541 1878 3601 hana

248 3615 381 3688 eligitur,
394 3616 434 3673 ait
447 3619 474 3674 S.
490 3617 680 3688 Augustinus,
692 3619 726 3673 ut
737 3617 908 3689 simplicitas
919 3621 949 3674 et
958 3617 1042 3674 inno·
1085 3621 1174 3689 utque
1194 3613 1347 3687 impetrat,
1361 3609 1445 3686 quod
1466 3613 1636 3688 impetraret
1656 3619 1681 3675 ai
1703 3621 1833 3697 rideret,
1853 3627 1876 3682 si

249 3697 345 3755 centia
359 3697 547 3770 designatum
563 3696 712 3756 masculus
726 3700 884 3774 quaeritur,
898 3705 931 3756 ut
950 3701 1042 3758 virtus
1086 3699 1186 3756 debito
1206 3699 1298 3755 modo
1318 3701 1413 3770 petat,
1430 3703 1463 3755 ut
1479 3715 1574 3755 eacus
1590 3701 1795 3774 impetravitc
1811 3709 1876 3768 Eos

250 3775 473 3856 comprobatum
488 3779 711 3851 immaculatus,
724 3787 757 3838 nt
770 3781 832 3838 stne
847 3781 1003 3840 crimine.»
1086 3783 1154 3838 dem
1168 3779 1261 3837 tristes
1279 3777 1369 3837 tradit
1389 3786 1488 3838 noster
1507 3781 1628 3856 semea,
1641 3790 1723 3845 tomo
1737 3787 1787 3861 til,
1801 3789 1830 3848 tn
1843 3795 1877 3851 iit

132 3881 237 3932 mma.
284 3865 419 3932 Secundo,
432 3861 561 3922 Christus
575 3866 619 3921 est
633 3877 743 3935 eguus,
758 3863 811 3938 qui
824 3879 911 3922 mene
925 3865 1041 3939 mundi,
1083 3871 1171 3938 pert„
1182 3866 1258 3938 disp.
1273 3877 1370 3936 erari,
1384 3870 1453 3924 sect.
1466 3863 1531 3938 viii,
1547 3867 1603 3939 pt,
1614 3871 1667 3942 qui
1680 3875 1819 3944 praeterea
1828 3881 1876 3950 pie
1996 3889 1999 3900 ·

248 3943 338 4007 idest
350 3941 390 4006 ab
402 3943 467 4021 ipsa
477 3946 583 4006 mundi
594 3945 716 4018 origine,
729 3948 842 4003 occisus
854 3951 897 4004 est
909 3961 965 4022 pro
976 3961 1043 4022 pec·
1085 3955 1112 4006 et
1125 3945 1318 4022 probabiliter
1332 3950 1487 4022 opinatur,
1501 3949 1666 4010 assistentes
1679 3951 1773 4014 atissa
1786 3959 1876 4036 (quos

249 4029 320 4092 catis
340 4033 472 4090 veterum
493 4035 629 4106 petrum
650 4036 679 4088 et
698 4031 752 4105 qui
772 4043 908 4104 vespere,
930 4031 969 4090 ab
988 4033 1041 4090 ed·
1084 4038 1114 4088 et
1127 4026 1281 4088 atterentes
1295 4045 1358 4088 assc
1373 4035 1488 4106 censet)
1501 4045 1539 4091 ex
1557 4047 1646 4109 opere
1665 4041 1789 4112 operato
1807 4057 1875 4101 eon-
1998 4045 1999 4062 ³

248 4120 339 4175 reatu
357 4111 466 4173 seilicet
484 4114 589 4172 christi
608 4127 704 4187 usque
719 4111 757 4170 ad
770 4111 861 4170 tinem
876 4115 973 4172 saeculi
987 4115 1041 4172 lm·
1084 4115 1168 4186 sequi
1183 4113 1337 4188 proprium
1350 4111 1478 4172 trucium
1491 4127 1595 4189 suum,
1609 4119 1725 4179 etiamsi
1743 4127 1875 4185 sacerdos

249 4199 392 4270 molatur,
405 4203 550 4272 tanquam
562 4197 594 4254 in
608 4195 801 4267 sacrificium,
815 4209 872 4269 pro
887 4193 956 4254 filiis
970 4198 1042 4256 novt
1083 4196 1244 4255 intentione
1267 4211 1321 4256 suo
1342 4198 1458 4256 nullum
1480 4195 1538 4255 iliis
1559 4195 1649 4260 talem
1670 4199 1802 4266 tructam
1823 4223 1875 4286 ep

248 4281 431 4344 Testamenti.
1083 4281 1181 4354 plicet.

205 4413 212 4429 .
286 4361 388 4432 ιἐειιο,
402 4375 471 4423 eum
484 4375 562 4438 agno
577 4359 756 4426 offerebatur
769 4361 1040 4438 similaeteinnm‚
1120 4364 1201 4422 iiisce
1219 4362 1257 4423 de
1277 4365 1373 4424 causis
1386 4365 1413 4426 S.
1429 4361 1584 4426 anselmus
1597 4365 1815 4436 cantuariense
1828 4379 1873 4437 iir-
1909 4401 1966 4446 a„

249 4443 322 4524 qula
333 4443 464 4506 Christus
473 4459 536 4505 non
549 4443 646 4506 solum
656 4448 750 4506 occidi
763 4446 857 4506 votuit
868 4459 923 4522 pro
937 4446 1040 4519 nobis,
1083 4444 1302 4522 chieptseopus,
1316 4463 1384 4508 cem
1399 4449 1438 4508 ob
1452 4453 1566 4509 sanium
1579 4447 1674 4513 iacere
1686 4457 1804 4518 litssam
1816 4471 1873 4520 non
1884 4461 1920 4518 rb

248 4527 303 4592 sed
319 4533 408 4592 etiam
422 4529 453 4589 in
470 4532 538 4606 ipso
553 4533 697 4592 sacrificio
710 4531 831 4608 reliquit
841 4532 929 4590 nobis
943 4533 1041 4590 secra·
1083 4534 1192 4604 posset,
1207 4533 1324 4590 deletus
1338 4535 1369 4589 tn
1384 4532 1545 4594 oratorium
1554 4533 1813 4610 quotidieltissam
1826 4557 1873 4604 aa·

246 4615 381 4676 mantum
394 4617 527 4690 eorporis
540 4620 569 4673 et
581 4611 732 4689 sanguinis
746 4613 791 4673 sui
809 4617 865 4674 sub
880 4615 976 4689 speeie
988 4625 1041 4690 pa·
1083 4613 1198 4686 diabat,
1213 4615 1253 4674 alt
1269 4617 1410 4676 Edinerus
1423 4613 1453 4674 in
1468 4619 1531 4690 ejus
1543 4619 1623 4692 lita,
1638 4619 1691 4680 lib.
1707 4621 1742 4682 ιι.
1761 4623 1790 4684 S.
1805 4623 1873 4686 Tho

246 4697 295 4759 nia
307 4697 424 4769 etvini,
440 4711 503 4774 quo
521 4697 644 4756 mirltlee
660 4700 766 4757 anima
786 4701 893 4757 nostrae
905 4694 1038 4769 aluntur,
1082 4709 1147 4754 mas
1166 4693 1297 4774 aquinas
1317 4701 1348 4756 in
1365 4702 1489 4757 summis
1510 4697 1598 4761 etiam
1619 4703 1725 4764 studiis
1744 4705 1872 4786 quotidie

246 4779 462 4841 confirmantur
474 4782 503 4838 et
514 4783 692 4839 recreentur.
707 4779 807 4839 simila
819 4779 882 4838 haec
895 4779 1041 4838 mirtuest
1082 4775 1199 4838 inissem
1216 4780 1354 4854 iaciebat,
1368 4785 1397 4840 et
1413 4779 1536 4842 alteram
1556 4783 1713 4863 audiebat,
1731 4793 1763 4850 at
1781 4789 1872 4862 eidem

246 4863 326 4937 oleo,
337 4864 410 4940 quia
419 4863 548 4922 Christus
558 4864 616 4921 hoo
625 4864 841 4922 sacramentum
854 4862 1041 4921 Eucharistiae
1082 4873 1160 4938 saepe
1177 4863 1371 4922 ministrabat.
1391 4871 1423 4924 in
1444 4865 1582 4928 chronicis
1596 4867 1740 4945 Hispania
1754 4873 1872 4936 celebris

150 4987 153 4992 -
246 4959 286 5005 ex
297 4941 471 5005 suavissima
488 4941 627 5003 charitate
641 4949 669 5002 et
682 4942 884 5003 misericordia
899 4943 1038 5017 institrdt5
1082 4950 1126 5004 est
1137 4948 1306 5020 capitaneus
1321 4949 1445 5005 pascens
1457 4947 1557 5022 vives,
1569 4954 1621 5028 qai
1637 4956 1771 5032 tempore
1781 4959 1871 5036 prati

248 5027 306 5088 olei
314 5033 343 5087 et
351 5029 412 5087 vini
420 5039 476 5104 par
484 5030 546 5087 erat
555 5039 703 5100 mensma,
714 5027 786 5104 quia
795 5028 877 5086 ιειιιε
885 5031 928 5086 est
936 5027 1040 5088 Christi
1082 5033 1184 5087 contra
1205 5043 1305 5104 regem
1329 5029 1474 5090 cordubae
1493 5033 1645 5108 Maurum,
1665 5040 1741 5106 dum
1762 5043 1873 5102 eudbet

247 5105 459 5184 misericordia,
469 5114 582 5184 quante
592 5113 636 5170 cst
644 5107 737 5169 obius
746 5109 897 5184 saugtdnis
908 5109 972 5184 ejus
981 5125 1038 5187 pro
1072 5111 1180 5171 ittssas
1193 5113 1350 5189 intemplo
1364 5113 1391 5173 S.
1406 5113 1537 5187 Martini,
1552 5119 1634 5178 risus
1656 5123 1701 5179 list
1720 5124 1753 5181 in
1772 5121 1872 5201 prelio

247 5193 442 5256 nobisetiusi.
1079 5193 1193 5256 fortiter
1210 5209 1359 5270 pugnare,
1373 5199 1403 5256 et
1416 5195 1613 5263 vextlltiarnm
1632 5202 1873 5280 oooideto,essa
