4236 6040
734 363 1346 454 romaarlmaritel'ooust,m.trt
1802 373 1858 434 aas

221 480 451 542 sacrificandum
474 481 635 542 mundanis
654 469 762 542 relictis·
781 483 859 562 euris
872 487 901 542 et
920 501 939 546 a
956 499 1019 544 soe·
1062 488 1132 544 rant
1162 489 1192 544 et
1207 498 1288 544 nuno
1300 501 1423 566 quoque
1437 471 1541 548 colunt
1557 477 1722 554 lebraham,
1735 469 1858 542 aeae

221 564 318 628 lerum
333 563 567 637 inquinamentis
584 565 703 638 expiati,
716 566 759 623 rei
773 565 881 625 divine
895 581 1017 642 operam
1063 524 1154 626 lacoh
1162 585 1171 638 3
1193 558 1304 650 quibus
1317 563 1443 642 proinde
1457 583 1583 628 suorum
1602 567 1791 641 posterorum
1811 570 1858 622 s‘a-

222 647 336 706 darent.
351 639 424 705 itant
439 649 469 706 et
484 641 584 706 latare
602 642 694 722 pedes
713 647 835 722 mystice
853 655 1017 721 expurgare
1063 649 1156 708 lutam
1173 641 1420 724 desiderantibus,
1433 655 1462 710 et
1475 668 1531 726 pro
1542 668 1577 710 ee
1591 646 1709 710 assidue
1721 647 1752 706 in
1761 645 1857 708 limbo

221 736 352 792 mentem
370 732 513 803 dicimus,
533 748 594 806 qua
613 733 652 791 de
669 749 701 790 re
719 738 748 791 et
766 733 859 793 nostri
877 732 1018 804 theologi
1064 729 1229 802 orantibus,
1243 721 1346 804 tidem,
1359 735 1535 807 quamolim
1547 731 1616 794 dedi
1626 733 1664 794 de
1677 735 1772 796 vestra
1785 727 1858 794 libe·

221 816 398 874 mandatum
413 815 529 874 Domini
544 816 582 873 de
596 815 707 890 pedum
721 816 832 874 lotione
846 821 1015 889 exponunt3
1063 815 1269 888 rationetur
1283 817 1430 892 praestabo
1445 819 1492 892 (l).

222 903 251 956 et
263 898 353 957 simul
363 889 456 970 illud,
468 892 659 957 excutiendos
673 902 810 974 pulveres
824 898 861 956 de
878 893 1016 972 pedibus.
1099 895 1141 954 Ex
1159 889 1216 956 hoc
1234 899 1301 958 loco
1325 896 1455 960 Christus
1474 893 1575 960 natea.
1602 918 1672 974 rari,
1687 903 1739 974 33,
1752 895 1858 960 contra

222 982 398 1056 Euthymius
414 997 536 1058 quoque
553 983 646 1056 pedes
665 999 721 1056 pro
738 981 966 1062 cogitationibus
987 981 1019 1038 in
1064 973 1858 1057 sadduceosprobatanimeinmortalitatem,arcon-

224 1069 330 1122 Psalmo
342 1080 421 1123 urrr
433 1065 564 1138 exponit.
581 1068 633 1124 Per
645 1067 737 1140 pedes
752 1067 811 1138 (eit)
826 1058 1018 1132 cogitationes
1064 1071 1220 1138 sequenter
1230 1067 1473 1126 resurrectionem
1486 1061 1690 1143 mortuorumr
1701 1059 1765 1128 tres
1778 1062 1859 1125 enim

223 1149 374 1222 intelligit,
391 1145 484 1208 veluti
498 1152 565 1226 qima
583 1150 688 1208 anlmra
703 1153 811 1209 nostrae
825 1149 1017 1222 religionem,
1064 1151 1125 1204 tam
1139 1164 1175 1206 ex
1189 1143 1331 1209 sententia
1347 1141 1579 1212 Sadduoaeorum
1587 1195 1596 1224 ‚
1610 1169 1688 1226 quos
1702 1151 1858 1226 impugnat

224 1233 337 1305 pedum
346 1233 438 1291 instar
450 1228 555 1304 regunt
568 1239 602 1290 ac
617 1233 770 1291 sustinent.
1064 1230 1107 1288 ibi
1117 1231 1258 1304 cbristus,
1268 1249 1360 1307 quam
1371 1232 1570 1296 naturalitera
1582 1235 1665 1312 parte
1673 1232 1716 1295 rei
1724 1251 1859 1295 connexa

118 1331 201 1388 corpu
261 1317 445 1392 symbolice,
460 1318 657 1376 calceamenta
674 1319 750 1374 fiunt
763 1333 800 1374 ex
813 1316 942 1391 pellibus
957 1316 1020 1376 ani·
1064 1318 1144 1372 sunt.
1158 1312 1312 1374 sadducei
1326 1315 1422 1388 enim,
1437 1320 1479 1376 uti
1492 1319 1520 1380 et
1534 1317 1584 1378 aiii
1601 1319 1750 1394 plerique,
1769 1333 1858 1392 nega-

105 1404 147 1450 pm
157 1391 212 1496 ξω·
225 1400 349 1458 mulium
369 1405 559 1458 mortuorum
580 1419 587 1456 r
611 1400 795 1473 depositione
817 1398 1020 1476 ergocalcea-
1064 1402 1134 1457 runt
1146 1396 1390 1482 resurrectionem
1398 1419 1435 1460 ex
1443 1402 1501 1460 boc
1509 1401 1614 1476 capite,
1623 1403 1707 1476 quod
1718 1395 1860 1476 negarent

105 1461 214 1571 ἶζωῳῗξζ
225 1485 394 1542 mentorum
418 1484 593 1558 significavit
613 1488 689 1541 licus
716 1484 804 1552 llosi,
828 1486 862 1540 ut
884 1477 1019 1554 deposito
1064 1481 1171 1539 animae
1185 1478 1445 1556 immortalitatem,
1460 1481 1789 1562 utpaietextosepho,
1801 1485 1857 1544 lib.

110 1575 207 1621 calceum
225 1567 329 1626 mortis
343 1573 438 1639 metu,
453 1567 663 1640 aggrederetur
677 1567 802 1624 tidenter
820 1581 930 1622 munus
948 1563 1021 1622 libe·
1065 1567 1246 1638 libellulo,
1265 1581 1322 1636 ιιι,
1341 1572 1370 1626 et
1383 1567 1477 1626 Actor.
1493 1584 1577 1639 ιιιιι,
1592 1568 1620 1626 8.
1635 1557 1707 1626 ilinc
1726 1555 1857 1628 Christus

120 1647 197 1742 ’ἐξὲξ
225 1652 313 1710 randi
325 1651 430 1724 populi
445 1652 573 1722 llabroei,
588 1652 673 1725 quod
687 1652 714 1707 ei
728 1655 797 1708 tunc
812 1651 888 1706 Deus
901 1645 1021 1705 volebat
1064 1648 1105 1706 eis
1119 1647 1161 1708 ait
1174 1666 1182 1708 r
1197 1653 1291 1732 allon¹
1301 1656 1344 1708 est
1361 1653 1434 1710 licus
1445 1656 1678 1722 mortuoram,a
1695 1668 1786 1726 quem
1803 1651 1859 1708 scl-

129 1727 186 1803 mut.
225 1734 749 1808 injungere;utquccorpusctvitam
762 1731 1021 1806 tamlaoilcquam
1064 1729 1131 1790 licet
1145 1735 1252 1792 mortui
1267 1735 1380 1807 colant,
1394 1739 1445 1792 aut
1458 1729 1857 1812 quidemortuisglorietu'r3

226 1817 358 1877 colosum
372 1830 478 1876 exuere-
490 1819 629 1888 disceret,
643 1833 699 1892 pro
711 1817 764 1884 ,oei
782 1832 884 1875 amore
899 1821 927 1872 et
939 1831 1021 1873 revo-
1068 1817 1148 1874 «sed
1159 1817 1362 1888 virentium;r
1379 1819 1483 1878 vivunt
1493 1836 1564 1890 ergo
1579 1819 1742 1876 etiamnum
1755 1822 1813 1876 tres
1826 1811 1857 1876 bi

226 1901 330 1972 rentia,
342 1917 459 1976 proque
471 1918 523 1976 spe
535 1908 650 1960 eterne
659 1901 740 1960 vitas:
753 1915 876 1973 corpore
891 1895 971 1956 enim
981 1899 1021 1958 ad
1064 1891 1237 1976 patriarche
1251 1901 1332 1978 apud
1348 1903 1450 1974 Deum,
1463 1894 1515 1976 qui
1530 1898 1645 1960 animas
1658 1917 1762 1960 corum
1776 1901 1858 1982 viras

226 1984 405 2060 obsequium
419 1986 468 2043 uei
481 1989 609 2056 tantum,
623 2000 685 2044 non
699 1988 799 2042 autem
813 1982 853 2040 ad
866 1977 1021 2056 propriam
1065 1989 1228 2056 conservat,
1243 1982 1386 2060 brevique
1396 1999 1446 2043 eas
1459 1983 1592 2044 redivivo
1605 2001 1730 2060 corpore
1744 1975 1857 2044 vestiet.

226 2069 409 2128 voluntatem
436 2074 488 2128 aut
513 2069 698 2141 voluptatem
725 2061 872 2124 utendum
899 2063 951 2122 est.
981 2063 1022 2122 lta
1101 2068 1230 2138 Quaeres,
1244 2084 1296 2126 cur
1306 2067 1381 2126 Deus
1395 2068 1453 2138 bic,
1467 2062 1495 2126 et
1507 2064 1645 2142 deinceps
1659 2085 1747 2142 saepe,
1762 2087 1793 2126 so
1807 2085 1858 2128 ro
1871 2073 1916 2120 aar
1940 2085 1981 2118 ve·

227 2151 255 2210 S.
269 2151 453 2224 ambrosius,
467 2150 521 2209 lib.
534 2153 580 2209 vll
592 2155 623 2209 ta
636 2152 745 2217 lucum,
758 2164 823 2222 cap.
837 2162 866 2205 x.
1065 2155 1111 2209 cet
1122 2154 1213 2209 Deum
1225 2143 1390 2222 Abrabam,
1401 2152 1481 2210 isaac
1492 2148 1520 2208 et
1532 2143 1638 2222 Jacob,
1652 2153 1751 2226 potius
1764 2162 1858 2226 quam
1894 2139 1960 2240 ᾖξ’

262 2235 382 2294 Addunt
395 2234 488 2310 aliqui
498 2219 615 2308 jussum
634 2235 732 2291 lloseir
746 2229 911 2290 excalceare
925 2247 974 2302 sc,
989 2223 1023 2290 ut
1066 2230 1155 2314 abel,
1170 2235 1267 2292 Nocet
1281 2229 1427 2292 aliorum?
1441 2231 1731 2310 Respondeoprtmo,
1744 2225 1858 2310 quiebi
1894 2207 1962 2300 aet:-

227 2319 332 2378 similie
345 2323 419 2378 esset
434 2319 575 2391 llcbrmis,
594 2317 648 2394 qui
666 2317 753 2394 quasi
767 2317 843 2374 servi
857 2310 1022 2390 nudipedes
1065 2322 1124 2374 tres
1132 2312 1251 2376 tuerent
1260 2311 1390 2390 proximi
1399 2310 1743 2390 parentesetconditores
1754 2316 1858 2393 populi
1891 2316 1955 2398 aem.

226 2402 259 2462 in
270 2407 395 2476 AEgypto
408 2402 594 2472 incedebant,
606 2402 752 2459 calcantes
763 2393 860 2459 lutum
871 2403 900 2482 et
909 2388 1021 2475 paleas,
1066 2399 1188 2470 Hebroei,
1200 2400 1284 2471 cujas
1299 2389 1362 2456 dux
1372 2397 1488 2456 iuturus
1498 2391 1559 2458 crat
1569 2401 1670 2470 lioses,
1683 2402 1711 2458 et
1720 2393 1759 2459 ad
1769 2405 1859 2477 quent
1872 2377 1980 2483 ffb?

228 2506 256 2560 q.
272 2489 301 2546 d.
313 2488 418 2546 llabitu
431 2487 562 2544 assimila
579 2489 608 2544 te
626 2487 700 2555 tuis,
718 2500 849 2560 quorum
867 2488 896 2542 tc
915 2485 1022 2542 ducem
1065 2476 1190 2542 reiertur
1203 2486 1300 2540 totum
1314 2486 1398 2542 vetus
1410 2477 1636 2542 Testamentum.
1891 2500 1963 2544 errae

228 2570 726 2646 destinmportaeorumprobrum,
736 2568 797 2628 imo
806 2568 1022 2646 improperium
1100 2565 1235 2634 saeuam,
1250 2565 1322 2640 quia
1339 2563 1486 2624 Abraham
1498 2560 1553 2622 tuit
1566 2570 1649 2641 pater
1663 2557 1858 2642 credentium,
1873 2573 1956 2668 ξωῖᾱ

229 2653 347 2724 Christi,
362 2656 442 2712 Heir.
454 2669 494 2726 ιι,
506 2655 553 2712 96.
689 2721 693 2730 Δ
1066 2649 1231 2726 populique
1245 2647 1359 2722 fidelis,
1374 2659 1442 2719 cunt
1459 2665 1521 2724 quo
1536 2644 1612 2708 tieus
1626 2648 1722 2710 ioedus
1736 2646 1814 2724 iniit,
1829 2653 1860 2711 in
1889 2635 1926 2666 ‘⁰⁰
1957 2636 1977 2668 ²·

107 2749 216 2807 rapoto·
263 2737 474 2812 tropologica,
489 2738 635 2812 depositio
652 2737 818 2796 calceorum
838 2721 1023 2806 significahat
1065 2753 1128 2816 quo
1139 2723 1264 2795 abrahe
1278 2735 1414 2792 successit
1428 2725 1654 2794 isaaoettacob.
1677 2806 1682 2814 ι

109 2816 167 2886 ’ἔξω
176 2809 219 2916 ωξᾶ
228 2825 332 2894 ptimo,
346 2821 447 2880 tuturo
469 2823 538 2882 duci
558 2813 587 2880 et
602 2822 716 2880 doctori
730 2820 834 2896 popuii
855 2820 904 2876 liei
918 2835 1022 2878 omncs
1103 2822 1203 2886 lertio,
1217 2813 1290 2892 quia
1304 2813 1428 2876 lbrahae
1436 2860 1446 2889 ,
1466 2809 1546 2878 isaac
1559 2819 1587 2876 et
1604 2819 1695 2876 iacob
1713 2819 1860 2893 promissa
1873 2817 1954 2867 recu.

106 2887 217 2977 {hirec-
231 2920 332 2976 curas,
347 2904 555 2976 cogitationes,
575 2905 744 2962 affectiones
762 2906 790 2960 et
810 2895 1022 2959 sollicitudines
1064 2900 1121 2962 tait
1133 2903 1283 2970 chanaan,
1299 2901 1330 2958 in
1344 2916 1436 2975 quam
1448 2917 1503 2976 per
1516 2897 1613 2962 tiosen
1625 2894 1761 2962 ilchrmos
1773 2903 1860 2962 indu-

129 2996 199 3037 ctores
230 2991 369 3068 terrenas,
382 2993 411 3046 et
424 2987 542 3046 mortali
555 2988 623 3044 ritae
638 2987 820 3045 adhaerentes
833 3000 956 3062 prorsus
970 2984 1023 3042 ab·
1065 3001 1131 3046 cere
1144 2985 1263 3045 volebat
1279 2975 1364 3042 licus.

112 3062 447 3161 Jfffijiaicndasesse
464 3059 621 3128 eniienim
635 3067 666 3128 in
680 3071 721 3128 eis
738 3067 863 3128 mortale
881 3067 945 3128 vult
958 3083 1023 3126 esse
1101 3071 1216 3140 Quarto,
1230 3069 1301 3144 quia
1314 3061 1394 3128 hiare
1409 3065 1502 3128 tribus
1516 3056 1668 3126 familiaris
1682 3070 1710 3127 et
1723 3071 1796 3128 mire
1809 3069 1962 3130 beoums
2034 3135 2037 3140 Ι

107 3185 163 3222 ..Ἧι
178 3179 218 3220 aa·
231 3155 317 3222 Deus,
329 3153 370 3210 ait
382 3153 410 3210 S.
424 3153 607 3212 ambrosius.
620 3156 677 3212 llac
688 3154 767 3212 enim
779 3153 816 3210 de
827 3167 916 3210 causa
924 3151 1022 3223 angeli
1065 3151 1178 3210 aericus
1191 3149 1286 3210 iuerat
1301 3153 1393 3222 Deus,
1408 3160 1572 3228 eorumque
1589 3148 1714 3228 posteris
1726 3157 1758 3210 se
1771 3150 1861 3211 bene-

106 3241 217 3309 ematque
230 3235 494 3308 pingunturnudis
508 3236 651 3310 pedibus,
672 3241 701 3294 et
720 3235 885 3292 discalceati
905 3252 912 3290 ι
934 3237 1022 3294 eltoc
1064 3234 1213 3318 iacturum
1225 3233 1410 3310 promiserat.
1456 3309 1461 3318 Ι

106 3301 309 3408 ξξξωξξιιιίιη
323 3313 478 3393 signifieat,
493 3322 577 3396 quod
590 3320 686 3390 liberi,
701 3318 829 3376 absoluti
842 3317 1022 3391 eterpaditl,
1102 3319 1219 3400 Quinto,
1241 3317 1312 3400 quie
1334 3319 1365 3396 in
1386 3313 1432 3402 his
1454 3309 1548 3378 tribus
1570 3319 1684 3378 eximiae
1703 3318 1860 3382 eluxerunt
1871 3320 1957 3374 θωωῑ·

127 3423 196 3470 marr.
230 3407 319 3477 atque
337 3395 376 3462 ab
394 3397 546 3463 exterioris
565 3406 664 3462 omnis
683 3397 856 3476 abjectionis
875 3401 943 3460 laha
965 3403 1024 3459 alni
1065 3393 1187 3459 virtutes
1200 3391 1494 3461 :inabrahamfides
1508 3395 1535 3460 et
1550 3395 1769 3475 obedientiam
1780 3407 1859 3472 isaac

229 3485 309 3562 puri,
320 3487 349 3545 et
357 3475 396 3545 ad
406 3487 513 3564 divinae
525 3484 718 3562 simplicitatis
731 3478 953 3546 similitudinem
966 3489 1022 3560 pto
1065 3485 1179 3559 puritas
1192 3485 1284 3544 animi
1294 3490 1322 3542 et
1335 3485 1520 3556 innocentia,
1530 3485 1561 3542 in
1573 3484 1663 3546 Jacob
1682 3479 1822 3548 taborum
1831 3495 1859 3550 e't

229 3568 343 3628 viribus
356 3571 477 3631 tendant
483 3609 494 3641 ,
508 3591 523 3624 ι
541 3571 581 3629 ait
594 3573 622 3630 S.
637 3571 792 3644 Dionysius
800 3610 809 3640 ‚
825 3569 945 3626 delestis
958 3568 1022 3625 llic-
1065 3584 1266 3652 aerumnarum
1274 3561 1415 3642 patientia
1428 3570 1456 3626 et
1466 3569 1645 3643 constantim
1656 3571 1735 3632 unde
1749 3566 1859 3631 horum

228 3654 319 3710 rarrlt.
337 3668 403 3727 cap.
427 3661 475 3712 rt.
496 3655 639 3724 Quocirca
659 3657 806 3727 Nyssenus
818 3653 907 3711 tradit
925 3654 1022 3710 Mosen
1066 3651 1156 3734 trium
1170 3649 1301 3710 actaiere
1313 3653 1505 3711 solaennrrat
1516 3648 1650 3714 llosesin
1661 3653 1773 3716 Genesi.
1790 3651 1860 3717 ltine

228 3735 443 3810 postquamltlc
452 3738 566 3794 calceos
575 3737 665 3806 exalt,
673 3735 1023 3810 nunquamamplluseos
1066 3741 1094 3794 et
1112 3731 1224 3794 Hebraei
1241 3736 1273 3794 in
1294 3733 1453 3796 afflictione
1474 3731 1551 3796 soliti
1573 3744 1644 3796 sunt
1664 3737 1756 3799 neum
1776 3742 1860 3802 invo-

229 3819 370 3877 lnduisse.
388 3813 580 3894 cl’ostquatb,
592 3819 642 3891 ait,
656 3832 691 3878 ex
705 3817 807 3878 divino
822 3819 962 3876 mandato
979 3833 1023 3875 aa·
1066 3821 1281 3902 care,·sibique
1300 3821 1419 3880 reniam
1437 3824 1466 3879 ct
1482 3823 1607 3894 gratiam
1621 3825 1718 3898 petere
1732 3841 1786 3899 per
1799 3842 1860 3884 me

229 3903 288 3961 mel
308 3901 487 3962 cadaveroso
506 3897 631 3978 pellium
651 3898 916 3976 tegumentopedes
927 3899 1023 3959 ersol-
1066 3905 1122 3962 rita
1133 3903 1274 3975 abrahe,
1288 3908 1370 3964 isaac
1383 3910 1411 3963 et
1424 3904 1515 3964 iacob
1524 3948 1533 3977 ,
1548 3911 1581 3964 ut
1593 3908 1674 3981 patet
1688 3910 1795 3968 Daniel.
1811 3928 1859 3983 ιιι,

223 3988 287 4058 ¹trit,
301 4003 363 4062 qao
376 3992 510 4061 tempore
527 3983 559 4044 in
579 3985 644 4045 solo
658 4002 743 4044 sacro
762 3981 932 4054 incedebat,
947 3999 1023 4042 nun·
1065 3991 1111 4046 25.
1127 3991 1238 4046 llorum
1252 4004 1322 4060 ergo
1336 3989 1424 4046 triam
1436 3989 1570 4061 nomina,
1584 4007 1668 4065 aeque
1680 4008 1715 4050 ac
1727 3993 1859 4067 uirtutes,¹

230 4087 322 4145 quam
336 4074 475 4147 deinceps
488 4071 694 4131 calceamentis
712 4070 805 4144 pedes
826 4067 952 4126 cinxisse
966 4074 1023 4128 tra·
1066 4057 1210 4150 tanquam
1223 4066 1280 4127 sibi
1295 4071 1475 4152 gratissimas
1492 4076 1520 4130 et
1530 4067 1777 4149 jucundissimas,
1790 4094 1861 4152 pos-

230 4157 319 4215 ditur.
335 4175 351 4212 ιι
652 4153 657 4162 ’
1067 4155 1135 4211 teris
1148 4167 1252 4212 corum
1266 4153 1367 4225 objicit
1387 4155 1461 4212 licus
1470 4196 1480 4226 ‚
1493 4158 1527 4213 ut
1544 4155 1600 4229 ipsi
1616 4173 1665 4214 eas
1684 4157 1860 4221 imitentur:

259 4233 390 4304 secundo,
405 4233 431 4294 ei
445 4235 498 4310 qtrl
513 4234 625 4294 accedit
639 4235 679 4292 etl
692 4233 794 4292 dirim
807 4233 947 4306 mysteria
962 4232 1024 4288 liel-
1067 4237 1263 4295 domesticum
1280 4237 1360 4294 enim
1372 4235 1489 4296 virtutis
1503 4234 1673 4313 exemplum
1686 4240 1793 4302 miram
1808 4244 1862 4304 ha.

229 4323 288 4392 quc
310 4319 603 4393 contemplationem,
626 4317 804 4392 deponenda
830 4331 892 4371 esse
914 4310 1024 4371 calcea·
1067 4319 1118 4400 bet
1136 4320 1198 4377 vim
1216 4320 1255 4377 ad
1268 4319 1396 4379 aliorum
1409 4317 1526 4380 animos
1543 4321 1650 4380 eodem
1669 4319 1859 4387 incitandos:

229 4407 328 4462 menta
336 4443 345 4474 ,
360 4403 392 4460 id
406 4409 465 4474 cst,
478 4401 632 4476 passiones
646 4405 675 4458 et
688 4399 872 4468 affectiones,
893 4396 984 4456 simul
996 4404 1024 4456 ct
1067 4407 1169 4462 Narrat
1199 4403 1370 4461 Plutarchus
1394 4405 1430 4462 de
1456 4395 1665 4478 Themistocle,
1690 4399 1775 4482 qaod
1795 4405 1861 4484 ipso
1963 4421 1965 4426 ’

221 4481 358 4544 rationes
379 4486 526 4543 humanas
550 4489 578 4542 ct
596 4489 742 4552 terrenam
761 4483 830 4540 bino
848 4487 877 4538 ct
893 4479 1024 4540 cbristus
1068 4477 1239 4546 adolescens
1255 4487 1381 4544 existens
1395 4487 1554 4562 symposiis
1567 4490 1596 4546 et
1608 4493 1712 4550 scortis
1724 4487 1860 4568 vacaret3
1996 4491 1998 4499 '

229 4573 297 4626 ante
311 4569 521 4627 eucharistiam
535 4566 613 4625 lavit·
624 4567 716 4640 pedes
738 4565 951 4638 discipulorum
959 4606 970 4637 ,
992 4570 1025 4623 ut
1067 4572 1120 4629 sed
1133 4588 1204 4628 mox
1217 4576 1251 4628 ut
1262 4572 1376 4629 audivit
1389 4573 1523 4632 ltiltiadis
1536 4573 1689 4633 victoriam
1703 4573 1786 4651 apud
1800 4577 1861 4639 lta-

229 4651 286 4708 bac
304 4666 335 4709 re
350 4651 526 4722 significaret
543 4648 804 4708 communicaturis
821 4647 1023 4722 purificandos
1067 4656 1233 4726 rechonem,
1251 4655 1306 4712 ista
1319 4655 1500 4730 relinquens,
1515 4649 1573 4716 alia
1591 4674 1714 4734 prorsus
1731 4661 1861 4733 cogitare

230 4747 293 4792 esse
309 4730 431 4791 allectus
444 4733 550 4804 animi,
566 4735 594 4789 et
609 4732 763 4789 seaculares
783 4731 956 4804 cupiditates
974 4743 1024 4788 cu·
1069 4738 1167 4812 ooepit.
1182 4737 1352 4796 llirantibus
1367 4740 1561 4800 mutationem
1575 4740 1650 4800 dixit
1664 4756 1672 4801 r
1689 4737 1778 4803 «Non
1791 4743 1862 4806 sinit

229 4835 338 4893 resque
347 4814 527 4888 abjiciendas
539 4830 612 4873 csse.
624 4815 753 4888 lienique
762 4815 910 4888 Nyssenus
921 4829 929 4870 r
942 4814 1025 4874 «Μο-
1071 4822 1201 4880 dormire
1220 4839 1267 4880 me
1275 4864 1285 4894 ,
1299 4827 1351 4880 aut
1369 4813 1526 4881 socordem
1543 4840 1606 4883 esse
1619 4821 1787 4900 tropheum
1800 4821 1862 4889 lm.

229 4917 295 4972 ⁸0³‚
313 4902 427 4975 inquii,
441 4901 582 4958 &medelis
595 4899 635 4956 flii
649 4900 757 4970 ”eume
773 4899 804 4956 tfl
817 4898 895 4956 rubo
911 4893 1025 4957 calceos
1069 4906 1166 4964 tiadis.
1181 4926 1195 4960 a
1213 4907 1285 4964 llinc
1298 4895 1429 4966 Christus
1448 4909 1557 4966 tudoeis
1573 4907 1772 4981 Jactantibus:
1790 4912 1863 4972 «rt-

229 4985 327 5055 aolvit,
337 4989 370 5042 ut
380 4983 516 5052 disceret,
526 4983 568 5038 nil
577 4999 678 5040 earum
689 4997 788 5039 rerum
799 4984 926 5054 queant
936 4997 1025 5040 sensu
1068 4988 1100 5047 lii
1113 4989 1237 5046 Abrahae
1248 5006 1352 5047 sumus
1367 5008 1374 5046 :
1389 4991 1416 5048 Si
1424 5032 1434 5063 ‚
1447 4989 1559 5066 inquit,
1573 4994 1642 5051 setis
1653 4985 1860 5070 trilibrem,

229 5068 536 5142 comprehenduntur,
551 5071 603 5124 aut
621 5071 717 5123 mente
735 5071 840 5138 praeter
854 5079 1025 5137 supremam
1069 5086 1161 5146 opera
1175 5071 1299 5130 lbrabae
1312 5069 1436 5130 tacitae

229 5149 403 5220 essentiam,
418 5163 486 5224 qum
498 5145 633 5207 omniurn
647 5151 804 5218 causaest,
817 5151 847 5204 ct
861 5162 878 5205 e
892 5158 953 5222 qua
961 5165 1025 5208 om·
1104 5156 1223 5224 Quaeres
1235 5155 1366 5228 remando,
1379 5172 1433 5214 cur
1444 5145 1493 5215 hic
1506 5161 1561 5232 ter,
1572 5163 1646 5234 puta
1656 5162 1697 5221 ad
1709 5161 1843 5240 singulos
1848 5161 1865 5240 ,’

230 5233 281 5292 tila
294 5230 436 5308 pendent,
450 5247 519 5291 vore
532 5228 700 5289 subsistere.
713 5251 727 5284 a

99 5327 203 5376 resec.
265 5318 294 5374 6.
310 5310 434 5376 Ecosue
449 5313 523 5374 lists
540 5311 691 5380 lamara,
710 5312 937 5412 [iiasismcfflr
952 5317 1025 5376 Deus
1101 5342 1180 5406 (υτ,
1196 5349 1258 5392 „m
1272 5345 1354 5402 nm,
1372 5342 1556 5396 prmum„
1576 5345 1673 5398 dmum
1691 5348 1860 5416 sideream

231 5403 329 5473 iecor,
344 5431 380 5444 -·
394 5419 421 5473 q.
439 5403 467 5457 d.
484 5403 544 5476 Ego
558 5415 625 5457 sum
638 5401 712 5457 oeus
727 5414 818 5474 quem
835 5399 908 5458 olim
926 5400 1027 5461 colue·
1068 5422 1167 5476 parram
1182 5420 1287 5469 reorum,
1305 5413 1345 5462 vet
1359 5416 1546 5478 uniuscujusque
1557 5425 1654 5477 parram
1670 5417 1771 5471 tronea.
