4088 6032
255 226 289 281 18
802 214 974 270 ENCOllll'li
993 213 1111 268 Saeuit
1130 213 1333 268 St'lllll‘l'l'ilxh.

255 331 286 386 ln
305 326 533 386 renateueaum
552 321 667 394 scripsit
685 319 811 393 cyrillus
829 319 922 374 libros
947 322 981 374 ti
1005 321 1045 374 De
1090 317 1278 388 tinguerent:
1301 331 1334 372 ao
1354 315 1469 388 primus
1492 325 1528 368 ex
1549 312 1612 383 eJus
1626 309 1737 366 familia
1749 311 1777 368 S.
1793 311 1882 366 huto·

255 407 413 470 adoratione
427 413 458 464 ia
470 410 574 479 optma
587 411 614 460 et
627 407 760 471 vailater
776 418 813 460 ex
826 403 934 460 eodem
947 416 1045 475 quas·
1090 401 1156 457 nius
1170 396 1208 457 de
1230 401 1348 468 Padus,
1361 398 1477 453 vivente
1490 412 1524 452 ac
1539 394 1654 451 vidente
1670 393 1735 467 ipso
1750 395 1778 450 S.
1793 395 1882 450 Fran·
1897 398 1927 472 ⁵5.
1942 398 2014 440 rnre

255 489 350 554 tiones
362 487 390 551 ei
403 491 526 567 phrases
540 488 696 547 ediderunt
706 485 735 546 S.
750 484 941 558 Augustinus,
955 485 1046 542 Theo·
1089 483 1182 555 cisoo,
1196 483 1283 540 hasce
1296 482 1405 539 litteras
1417 479 1527 550 docuit,
1541 479 1586 535 vir
1600 479 1676 536 adeo
1689 478 1721 534 in
1734 477 1880 550 Scriptura
1895 460 2014 566 ζξᾱηᾱ·

256 571 392 646 doretus,
413 571 507 645 Beda,
525 571 703 644 Procopius,
725 569 930 642 Hieronymus
955 568 1046 640 idque
1089 572 1150 625 tam
1163 567 1252 626 veteri
1263 583 1354 640 quem
1369 567 1597 632 novavcrsatus,
1609 567 1640 619 ut
1651 563 1882 619 eoramSummo

255 662 359 720 merito
375 677 382 715 :
398 674 484 728 nam,
498 661 531 713 ut
543 656 582 711 ait
596 657 622 712 S.
639 652 812 710 Ambrosius
829 655 911 723 epist.
932 653 983 722 tl,
1003 650 1048 708 di·
1090 653 1229 710 Pontitice
1250 650 1458 719 concionatus,
1479 647 1518 704 ab
1537 663 1573 704 eo
1587 659 1655 704 arca
1668 643 1832 702 testamenti
1846 643 1884 700 sit

255 740 324 801 vina
337 741 485 816 Scriptura
495 743 638 810 estmere,
647 732 762 794 habeus
776 736 807 792 in
816 752 847 792 se
862 751 965 794 sensus
977 750 1047 808 pro·
1089 737 1298 793 consalutatus.
1320 735 1397 792 Mitto
1418 736 1446 790 S.
1461 733 1656 799 bernardum,
1669 729 1721 802 qui
1735 728 1884 800 quitquid

255 817 384 896 fundos,
400 816 626 882 etaltitudinem
647 820 889 896 propheticorum
909 817 1048 889 enigma·
1090 837 1165 894 pene
1186 820 1335 894 loquitur,
1350 817 1448 874 verbis
1464 816 1617 888 Scriptura
1635 813 1783 886 loquitur;
1799 813 1883 869 mitto
1899 817 1922 861 S·
1962 818 2016 888 Ber·

255 906 337 981 tum,
352 901 453 982 utique
467 906 571 964 veteris
585 905 767 963 Testamenti.
1091 908 1120 960 a.
1143 903 1296 961 attonsum
1310 905 1459 960 Testatum
1466 941 1474 970 ,
1496 900 1674 972 Episcopum
1688 896 1883 966 abulensem,
1903 881 1998 984 Η·

291 992 318 1052 S.
338 989 548 1066 Hieronymus,
567 981 738 1046 pretatione
757 987 788 1044 in
805 987 889 1059 epist.
907 979 1047 1058 adEphe·
1090 987 1186 1062 quiin
1201 985 1500 1052 dccateuohumhoc,
1519 981 1808 1052 eisingulosveteris
1824 979 1885 1036 his·
1939 954 2007 1044 ἔξω

256 1075 316 1135 sios
330 1072 368 1132 De
385 1069 413 1132 S.
428 1075 579 1146 Scriptura
593 1073 684 1128 stadio
700 1091 709 1126 ε
727 1073 921 1142 «Nunquam,
940 1068 995 1136 ait,
1008 1067 1046 1122 ab
1091 1071 1172 1128 toriae
1186 1071 1293 1140 libros,
1309 1069 1425 1141 singula
1437 1065 1601 1136 volumina,
1613 1080 1682 1120 sanc
1693 1079 1811 1134 magna,
1824 1063 1887 1120 aeri

255 1154 451 1218 adolescentia
462 1161 512 1214 aut
523 1154 629 1228 legere,
639 1159 690 1213 aut
704 1153 808 1211 doctos
821 1154 911 1222 viros,
926 1168 993 1224 quea
1006 1151 1049 1221 ig·
1088 1157 1201 1228 J'udicio
1225 1161 1253 1212 et
1273 1155 1371 1211 studio
1396 1151 1578 1220 elaboravit,
1594 1154 1627 1206 ut
1641 1149 1713 1206 mihi
1728 1148 1800 1206 olim
1814 1161 1887 1204 eum

256 1239 401 1302 notabam
410 1241 589 1310 interrogate
598 1237 721 1305 oessavit
734 1252 890 1310 nunquam
901 1235 1048 1308 meipsum
1091 1239 1290 1312 pervolventi,
1305 1242 1333 1294 et
1341 1239 1403 1308 jam
1418 1235 1547 1292 exactius
1559 1232 1741 1303 revolventi,
1755 1248 1818 1289 non
1831 1231 1888 1288 mi-

258 1323 307 1400 (ut
321 1321 473 1400 plerique)
495 1319 587 1380 habui
609 1316 794 1393 magistram.
810 1320 939 1392 benique
954 1333 1049 1390 nuper
1091 1339 1148 1378 nus
1161 1322 1288 1393 laboris,
1302 1337 1395 1394 quam
1410 1319 1475 1393 opis
1488 1318 1599 1374 sileret.

256 1401 297 1467 05
318 1403 455 1467 hancvel
469 1405 748 1475 maximefflusams
762 1403 969 1461 Alexandriam
983 1418 1049 1474 Pii·
1127 1411 1155 1468 S.
1175 1410 1364 1478 lidmundus,
1383 1405 1628 1479 archiepiscopus
1648 1403 1886 1474 cantuariensis,
1937 1401 1961 1443 ⁵·
1973 1399 2016 1469 aa·

256 1497 333 1568 reri,
348 1500 381 1553 ut
390 1495 522 1552 riderem
533 1494 704 1566 Didymum,
713 1496 742 1548 et
752 1490 791 1548 ab
803 1506 838 1546 eo
853 1490 883 1545 in
894 1487 1049 1562 seripturis
1092 1509 1171 1550 anno
1185 1497 1276 1568 partae
1288 1491 1389 1550 salutis
1403 1493 1489 1559 latr,
1500 1490 1531 1546 in
1542 1489 1630 1546 sacris
1640 1489 1750 1545 Litteris
1763 1489 1889 1561 perdius
1902 1461 1991 1505 Μ’·

257 1570 938 1660 omnibusquaehabcbamdubiasciscitarer.r
952 1575 1050 1629 Shu-
1092 1581 1120 1633 et
1133 1593 1262 1650 pernox,
1286 1580 1386 1632 noctes
1409 1575 1487 1646 ipsas
1510 1572 1637 1630 ducebat
1662 1572 1829 1642 insomnes,
1850 1589 1890 1630 ea

257 1663 402 1736 gustinus,
417 1661 470 1718 lib.
484 1662 505 1717 ll
521 1663 560 1717 lte
572 1661 704 1716 Doctrina
719 1659 819 1715 Christ.
834 1673 899 1730 cap.
915 1673 956 1726 vr,
964 1655 1050 1712 docet
1091 1659 1271 1730 reverentia,
1294 1664 1327 1716 ut
1352 1659 1467 1734 quoties
1495 1661 1596 1714 sancta
1622 1655 1716 1712 Biblia
1741 1655 1889 1728 aperiret,

258 1738 397 1804 divinlius
410 1741 564 1818 provisum
577 1754 650 1813 esse,
665 1747 698 1799 ui
712 1745 773 1798 iam
784 1740 940 1814 multiplici
953 1745 981 1797 at
995 1739 1050 1796 ait-
1093 1745 1174 1817 prius
1188 1759 1224 1802 ea
1237 1743 1340 1800 osculo
1354 1743 1521 1798 honoraret.
1546 1743 1586 1798 ue
1607 1755 1670 1814 quo
1684 1739 1761 1797 illud
1774 1755 1890 1796 memo-

256 1824 329 1887 fioill
341 1824 368 1886 S.
384 1825 531 1901 Scriptura
544 1819 677 1884 studium
690 1825 819 1882 hominis
833 1831 863 1880 et
879 1840 898 1881 a
911 1822 1050 1896 superbia
1092 1827 1184 1884 rahile
1196 1845 1203 1882 ι
1216 1827 1393 1898 legationem
1405 1826 1523 1896 obiens,
1539 1826 1576 1883 dc
1588 1842 1672 1883 more
1683 1828 1774 1882 noctu
1786 1831 1892 1884 sancta

257 1917 313 1970 eta
326 1908 445 1970 fastidio
456 1912 652 1968 revocaretur.
668 1928 682 1964 ι
696 1909 765 1965 hlira
777 1907 833 1982 <ait
843 1904 923 1964 idem
936 1907 989 1964 lib.
1005 1909 1049 1964 llll
1093 1910 1185 1968 Biblia
1206 1910 1368 1982 lectitabat,
1388 1925 1494 1968 somno
1510 1910 1703 1983 opprimitur,
1718 1909 1842 1966 candela
1854 1910 1891 1966 in

257 1990 376 2065 rasere.
391 1991 454 2067 xiv)
464 1987 650 2067 profunditas
662 1995 705 2048 est
715 1991 904 2064 eloquiorum
917 1995 1048 2059 tuorum,
1092 1993 1203 2050 librum
1224 1994 1343 2066 incidit,
1366 2011 1494 2068 eumque
1508 1993 1629 2050 flamma
1641 1993 1780 2066 corripit,
1795 1993 1887 2064 evigi-

254 2073 392 2148 Domiue,
406 2093 538 2151 quorum
552 2087 617 2134 ecce
631 2079 698 2132 ante
713 2089 768 2132 nos
782 2073 952 2149 superficies
965 2074 1050 2135 hlau-
1092 2077 1157 2134 lans
1170 2078 1312 2152 suspirat,
1322 2078 1494 2135 ambustum
1503 2083 1611 2150 putans
1622 2077 1743 2147 librum,
1753 2077 1888 2134 favillam

254 2162 338 2220 diens
348 2160 491 2237 parvulis,
503 2161 556 2218 sed
567 2160 643 2218 mira
655 2158 853 2234 profunditas,
865 2160 940 2215 licus
954 2175 1049 2228 meus,
1091 2160 1169 2217 libro
1190 2161 1381 2219 inhaerentem
1403 2159 1498 2232 efflat,
1514 2165 1542 2218 ct
1556 2176 1620 2218 ecoe
1634 2160 1781 2232 integrum
1796 2161 1888 2218 intac-

255 2241 330 2303 mirs
353 2241 556 2318 prolanditas3
573 2237 681 2302 horror
700 2246 744 2300 est
756 2241 908 2299 intendere
922 2240 953 2297 in
967 2257 1048 2298 eam:
1092 2249 1215 2317 tumque
1235 2245 1369 2302 codicem
1390 2242 1563 2302 admiratur.
1586 2246 1613 2302 S.
1639 2244 1761 2301 Carolus
1781 2247 1887 2302 Borro·
1901 2245 1926 2288 ⁵·
1939 2241 2020 2287 ⁸0¹st-

254 2331 361 2388 horror
374 2323 508 2400 honorls,
520 2331 549 2386 et
556 2331 668 2386 tremor
679 2325 824 2385 emoriar
838 2321 920 2384 Unde
929 2329 958 2382 et
968 2329 1048 2398 epist.
1093 2343 1186 2384 maus
1206 2327 1237 2384 in
1260 2330 1287 2387 S.
1311 2329 1490 2403 scripturam
1515 2329 1633 2385 assidue
1654 2329 1740 2402 quasi
1754 2329 1784 2386 in
1798 2345 1887 2403 pors-
1899 2305 1962 2350 Μ’·

254 2415 307 2472 119
323 2432 330 2471 a
346 2407 502 2485 «ligarit,
516 2410 548 2470 in
561 2409 634 2485 ipsis
645 2413 672 2469 S.
687 2407 842 2486 Scripturis
855 2411 950 2470 multo
963 2410 1052 2485 plura
1093 2411 1159 2467 diso
1179 2410 1352 2469 deliciarum
1372 2411 1560 2478 versabatur,
1575 2412 1750 2486 dicebatque
1768 2414 1888 2486 Episco-

165 2548 199 2590 κ·
258 2489 373 2568 nescio,
387 2505 479 2572 quam
493 2495 590 2553 seio.»
1092 2509 1167 2568 pum
1181 2509 1242 2552 non
1257 2511 1341 2568 egere
1354 2497 1452 2568 horto,
1462 2497 1587 2569 sedejus
1597 2496 1717 2554 hortum
1727 2500 1830 2556 esses.
1842 2499 1888 2556 Bi-

139 2607 161 2651 s.
176 2603 249 2649 noas
294 2589 394 2660 Neque
415 2580 441 2641 is
453 2587 568 2641 tantum
580 2584 678 2658 prisca
690 2585 773 2640 atate
788 2585 906 2640 Petrum
918 2577 974 2640 tuit
987 2599 1052 2642 sen·
1092 2573 1165 2636 blia.

138 2667 181 2738 ¹¹{0i
203 2669 248 2710 ⁸²²¹·
260 2686 321 2742 sire,
334 2666 388 2727 sed
400 2673 429 2725 et
441 2667 550 2724 horum
564 2672 607 2725 est
620 2667 808 2738 seculorum,
821 2665 937 2738 vigente
947 2667 1010 2736 jam
1024 2675 1052 2724 et
1128 2667 1222 2737 Atque
1235 2669 1269 2722 ut
1282 2665 1362 2724 hunc
1374 2667 1476 2724 locum
1489 2668 1686 2740 concludam,
1700 2670 1728 2727 S.
1743 2668 1886 2741 Thomas,
1902 2663 1926 2710 ⁸·
1959 2666 2022 2710 rao-

137 2727 246 2845 Ἐμὲ
260 2749 382 2812 florente
408 2747 585 2810 Scholastica
610 2751 778 2823 Thcologia.
805 2752 833 2809 S.
862 2749 1052 2822 Dominicus,
1093 2747 1338 2806 scholasticorum
1365 2751 1521 2825 princeps,
1551 2752 1663 2809 illustre
1691 2751 1779 2810 nobis
1804 2753 1888 2811 dedit
1901 2739 1956 2772 '²²'

140 2851 250 2899 naara·
261 2839 289 2896 S.
303 2829 468 2908 theologia
482 2836 595 2905 doctor,
610 2833 715 2892 crebro
728 2839 789 2892 tam
801 2836 887 2892 vetus
896 2849 988 2908 quam
999 2849 1053 2892 no·
1094 2831 1278 2906 exemplum,
1297 2837 1330 2890 ut
1343 2832 1538 2892 Scholasticcn
1556 2853 1625 2893 cnm
1643 2851 1725 2894 sacra
1738 2837 1889 2910 Scriptura

138 2921 186 3019 m
198 2911 249 3018 Tt‘i'·
260 2938 332 2978 vum
352 2916 567 2978 Testamentum
587 2918 724 2976 versabat
746 2937 753 2974 ι
776 2921 892 2989 Roma,
911 2923 940 2976 et
960 2919 1051 2988 alibi,
1094 2915 1890 2992 quasisororiantemindivulsejuugamus.Nostisom-

187 2988 213 3021 ⁸¹²
232 3005 239 3018 '
258 3001 358 3080 plures
370 3005 433 3078 ejus
446 3001 539 3062 libros
551 3003 708 3079 propalam
723 3003 824 3060 docuit
839 3021 847 3059 :
865 3001 936 3060 inde
950 3003 1052 3074 liegis-
1094 3015 1145 3054 nes
1160 2999 1227 3072 quis
1239 3000 1340 3072 sinsin
1352 3001 1635 3074 Scripturamanror,
1645 3005 1729 3077 quod
1742 3005 1888 3077 studium,

256 3095 300 3146 ter
312 3088 427 3164 primus
440 3089 514 3146 sacri
528 3088 628 3146 Palatii
642 3090 756 3145 creatus
770 3092 827 3159 cst;
840 3093 931 3160 atqua
943 3086 982 3144 ab
994 3089 1051 3146 hoo
1093 3099 1161 3155 quae
1180 3099 1296 3156 preces,
1320 3101 1388 3158 quae
1408 3086 1535 3156 jejunia,
1559 3087 1612 3160 qui
1630 3088 1833 3146 commentarii
1854 3090 1888 3146 in

255 3177 387 3248 tempore
410 3173 536 3245 dignitas
560 3170 624 3231 hrec
645 3173 673 3231 S.
696 3169 925 3230 Pradicatorum
948 3173 1054 3231 ordini
1095 3169 1269 3240 Prophetas,
1289 3167 1320 3224 iu
1338 3167 1472 3239 Cantica,
1496 3168 1528 3224 in
1551 3170 1623 3240 lob,
1646 3175 1675 3228 et
1694 3172 1890 3230 aliosveteris

254 3257 386 3318 adhesit.
401 3258 505 3316 Audite
519 3257 750 3315 auctoremllitrs
764 3256 843 3330 ejus,
855 3256 969 3328 libili,
983 3273 1049 3330 cap.
1092 3251 1265 3308 Testamenti
1278 3251 1371 3309 libros
1388 3251 1567 3324 :inquibus
1582 3253 1624 3310 ilii
1643 3255 1674 3312 in
1687 3263 1819 3313 nosram
1834 3260 1875 3314 Ge

254 3357 298 3412 rr,
313 3338 439 3416 simplici
452 3341 518 3398 licet
531 3341 609 3414 stylo
625 3358 632 3397 ι
652 3360 666 3394 ι
680 3340 771 3410 Quia,
785 3339 840 3410 ait,
854 3339 916 3396 sine
931 3338 1052 3396 scientia
1093 3337 1177 3392 nesin
1199 3336 1242 3409 (si
1264 3340 1364 3393 tamon
1377 3337 1440 3408 ejus
1453 3341 1538 3408 sunt,
1553 3339 1590 3394 de
1604 3355 1667 3412 quo
1680 3341 1827 3413 posterius
1841 3343 1889 3400 di·

255 3425 471 3498 Scrtpturarum
490 3423 636 3499 perlectus
656 3423 831 3496 praedicator
846 3439 984 3480 essenon
998 3439 1052 3495 po·
1093 3421 1178 3492 cam)
1193 3419 1321 3492 insignes
1335 3425 1404 3477 sunt
1417 3425 1444 3476 et
1458 3421 1573 3478 eruditi.

254 3512 324 3580 test,
339 3507 483 3566 suadebat
496 3507 663 3576 Fratribus,
677 3509 711 3563 ut
721 3521 839 3579 semper
852 3506 1002 3562 studerent
1020 3506 1050 3563 in
1128 3506 1258 3579 lienique
1279 3507 1432 3564 utilitatem
1445 3513 1474 3564 et
1487 3509 1688 3568 necessitatem
1701 3513 1806 3569 veteris
1820 3517 1888 3571 Tes-
1954 3517 1995 3556 ⁵⁸·

256 3591 346 3649 veteri
360 3592 388 3648 et
401 3606 482 3648 novo
495 3593 695 3648 Testamenta:
709 3589 851 3660 figmenta
864 3589 944 3646 enim
954 3587 1051 3660 philo·
1091 3593 1212 3650 tomenti
1233 3593 1307 3649 ratio
1329 3593 1496 3665 persuadet.
1519 3596 1627 3666 itoses,
1651 3597 1759 3668 David,
1779 3599 1885 3671 leniae,
1900 3571 1935 3616 Β*
1947 3578 2023 3646 '3²⁶⁰'

258 3675 422 3750 sophorum
434 3671 520 3748 parvi
530 3672 679 3748 pendebat
690 3690 699 3742 3
712 3673 782 3729 hinc
796 3675 909 3728 Fratres
922 3673 962 3728 ad
977 3690 1050 3746 praa
1091 3691 1174 3749 aque
1187 3680 1220 3732 ut
1229 3679 1338 3747 Petrus,
1350 3678 1469 3747 Paulus,
1483 3680 1620 3749 loannes,
1633 3680 1664 3736 iu
1677 3685 1784 3738 emtum
1799 3685 1887 3755 quasi
1901 3638 2026 3752 mpmffn

139 3789 160 3832 s.
195 3759 420 3831 vta-diffidunt
440 3757 537 3830 missi,
561 3755 626 3814 ⁵01³
640 3755 733 3814 Biblia
748 3771 848 3814 Secum
863 3755 1050 3829 deferebant,
1091 3763 1265 3831 arigelorum
1276 3763 1413 3833 admissi,
1428 3763 1467 3820 ab
1481 3765 1547 3837 ipso
1557 3763 1638 3823 fonte
1651 3767 1780 3824 veritatis
1789 3786 1842 3840 per
1852 3786 1886 3827 sa
1936 3765 1990 3804 ω’·

158 3849 226 3920 anta
259 3845 288 3902 el
309 3837 418 3900 multos
441 3835 651 3899 convertebant
672 3832 712 3898 ad
730 3839 942 3914 poenitentiam.
966 3861 980 3896 ι
1009 3844 1051 3900 lta
1092 3845 1264 3919 sapientiam
1283 3847 1460 3917 hauserunt;
1475 3853 1520 3916 et,
1535 3853 1567 3906 ut
1587 3855 1663 3907 recto
1679 3851 1719 3909 eit
1732 3855 1763 3909 B.
1778 3855 1887 3924 Grego-

147 3910 236 3955 resera.
258 3929 286 3988 S.
309 3923 474 3985 Vincentius
495 3923 544 3984 ille
557 3924 689 3983 Fercrius
696 3967 706 3996 ,
721 3923 774 3998 qui
786 3940 968 3998 proavomm
983 3942 1050 3982 nos·
1090 3927 1152 3986 rius
1166 3933 1194 3986 ct
1206 3930 1417 4001 Theodoretus,
1432 3931 1542 4002 lingua
1555 3936 1582 3989 ct
1594 3947 1700 3991 manus
1714 3935 1825 3993 horum
1839 3955 1888 3994 sa-

258 4016 371 4070 trorum
393 4006 680 4078 memorialtaliam,
694 4007 832 4078 Galbam,
848 4009 1048 4080 Germaniam,
1091 4029 1209 4070 crorum
1228 4014 1409 4086 Scriptorum
1428 4014 1502 4071 nihil
1522 4016 1604 4074 aliud
1618 4017 1715 4087 tuere,
1730 4035 1886 4092 quamca·
1911 4027 2020 4086 sarpis-

257 4093 402 4167 angliam,
413 4089 583 4167 llispaniam
590 4091 1050 4167 peragranS,minimumcentum
1090 4098 1162 4155 lami
1176 4098 1308 4168 ejusdem
1322 4097 1445 4170 Spiritus
1459 4099 1570 4170 Sancti,
1586 4101 1677 4172 adeo,
1695 4106 1729 4159 ut
1747 4120 1807 4160 non
1823 4109 1886 4162 tam
1901 4103 1939 4134 Μ
1960 4095 2029 4138 ⁸³⁰⁶

256 4177 411 4236 hominum
423 4175 517 4234 millia
530 4176 687 4246 convertit,
702 4191 798 4232 unum
811 4177 1008 4248 ricciarium,
1023 4183 1051 4234 ct
1091 4183 1146 4253 ipsi
1159 4181 1313 4253 scriptores
1330 4181 1451 4252 diversi,
1468 4199 1560 4255 quam
1574 4187 1661 4242 unius
1676 4189 1826 4260 scriptoris
1841 4190 1887 4246 di·
1912 4154 2019 4259 ffiffl

256 4259 350 4322 Biblia
363 4259 586 4321 circumierebat
600 4262 639 4318 ad
652 4262 902 4320 concionandum.
1090 4265 1167 4322 versi
1180 4265 1286 4320 calami
1300 4263 1389 4321 fuisse
1410 4266 1566 4324 videantur
1582 4287 1589 4324 ε
1607 4271 1712 4328 eadem
1727 4287 1798 4343 ergo
1812 4274 1889 4330 veri·
1908 4275 2021 4330 Spiritus

135 4363 245 4410 saera·
292 4347 320 4406 S.
344 4341 485 4404 iordanes
504 4361 574 4403 vero
598 4345 717 4416 doctor,
739 4343 883 4402 alteras.
898 4346 1049 4404 Dominico
1089 4353 1149 4418 tas,
1173 4347 1347 4417 auctoritas,
1370 4351 1552 4421 reverentia,
1567 4353 1718 4424 studium,
1734 4356 1889 4425 diligentia
1917 4339 2013 4381 snm·

136 4426 178 4471 ¹¹¹³·
257 4431 374 4490 Ordinis
387 4430 433 4488 sui
447 4431 580 4502 Magister
588 4429 745 4498 Generalis,
755 4430 949 4499 interrogatus
960 4445 978 4484 a
989 4429 1050 4485 suis
1090 4427 1249 4488 tribuenda
1268 4431 1355 4502 liosi,
1378 4447 1445 4506 quae
1468 4435 1577 4506 Paulo,
1592 4437 1640 4494 vei
1652 4440 1752 4510 potius
1766 4439 1889 4512 Spiritui

255 4511 511 4588 praedicatoribus,
524 4529 538 4568 c
550 4507 731 4571 ulrumforet
744 4511 860 4582 melius,
872 4513 999 4569 orationi
1011 4529 1050 4570 an
1090 4517 1194 4574 saneto
1217 4531 1270 4588 per
1291 4517 1388 4571 ltosen
1396 4551 1406 4586 ,
1421 4523 1508 4592 atque
1527 4537 1580 4593 per
1594 4523 1718 4578 Paulum
1732 4521 1887 4594 loquenti,

257 4597 355 4657 studio
374 4593 402 4657 S.
425 4593 580 4672 Scriptura
602 4595 783 4654 insisteret»
806 4593 897 4652 facete
911 4597 948 4652 dc
967 4612 1050 4653 more
1090 4615 1286 4673 quacumque
1300 4599 1379 4656 enim
1394 4601 1432 4657 ab
1443 4619 1479 4660 eo
1495 4606 1602 4678 scripta
1615 4607 1743 4676 sunt,ad
1754 4611 1890 4665 ncsham

139 4687 235 4732 orarias
256 4677 431 4757 respondit:
457 4683 586 4739 «Utrum
605 4675 711 4737 melius
735 4695 850 4753 semper
871 4677 989 4750 bibere,
1011 4695 1050 4736 an
1091 4683 1257 4741 doctrinam
1279 4683 1387 4756 scripto
1410 4693 1488 4744 sunt.
1512 4689 1656 4746 bimirum
1679 4691 1741 4763 ipse
1765 4707 1890 4748 omnem

141 4748 238 4854 *ἢ*
257 4783 373 4840 semper
386 4764 567 4850 comederet
580 4765 683 4839 utique
703 4763 779 4820 sicut
791 4762 956 4820 alternatim
970 4779 1051 4820 com·
1091 4783 1177 4822 suam
1190 4766 1364 4839 sapientiam
1378 4768 1551 4828 hominibus
1562 4775 1610 4830 vel
1621 4775 1828 4846 necessariam,
1840 4775 1890 4832 vel

254 4850 326 4922 petit
346 4850 523 4924 utrumque,
545 4851 587 4907 sic
601 4855 629 4907 et
643 4861 728 4906 crare
741 4851 770 4905 et
783 4847 901 4904 studere
914 4847 941 4904 S.
957 4849 1050 4923 Scrip-
1090 4850 1208 4920 utilem,
1232 4865 1323 4922 quam
1347 4868 1383 4908 ex
1406 4853 1516 4926 abysso
1539 4856 1699 4914 divinitatis
1722 4873 1784 4915 sues
1798 4859 1888 4917 nobis

254 4937 328 4990 turea
348 4931 477 4992 vicissim
495 4938 610 5007 oportet
619 4951 658 5006 3»
683 4936 724 5004 et,
750 4936 783 4989 ut
802 4933 829 4989 S.
849 4931 971 4988 Basilius
986 4934 1025 4990 ait
1041 4949 1048 4990 ι
1090 4935 1309 4992 communicare
1323 4937 1433 5008 voluit,
1443 4945 1505 4996 tam
1517 4942 1608 4998 veteri
1621 4959 1714 5015 quam
1727 4957 1808 4999 novo
1822 4945 1891 4999 Tes-

257 5013 413 5077 curationi
427 5017 564 5075 succedat
577 5016 678 5086 lectio,
694 5012 813 5072 lectioni
827 5015 932 5072 oratio.
947 5025 975 5070 ι·
1090 5023 1219 5076 lamento
1233 5019 1386 5077 conclusit.
1407 5020 1455 5078 ilic
1470 5023 1544 5079 liber
1558 5028 1602 5081 est
1615 5025 1679 5096 tlei,
1694 5024 1770 5081 liber
1783 5025 1889 5098 Verbi,

161 5135 195 5176 5„
290 5098 354 5158 Pari
375 5097 468 5159 modo
488 5098 516 5159 S.
539 5098 711 5158 Franciscus
728 5103 851 5171 rogatus
867 5099 977 5169 esuis,
992 5100 1050 5158 hoc
1089 5101 1165 5159 liber
1177 5103 1297 5176 Spiritus
1311 5103 1422 5176 Sancti,
1437 5105 1467 5163 in
1480 5123 1543 5180 quo
1556 5109 1632 5166 nihil
1644 5110 1828 5180 redundans,
1840 5121 1890 5166 su·

133 5192 157 5238 s.
174 5192 242 5239 rna·
254 5200 405 5242 sacrarum
428 5183 600 5242 Litterarum
626 5182 758 5240 studium
783 5182 825 5238 eis
847 5182 990 5255 indulsit,
1014 5200 1049 5242 ca
1090 5187 1238 5260 pertinum
1259 5187 1350 5258 nihil,
1363 5189 1415 5245 sed
1428 5191 1471 5246 uti
1483 5191 1675 5264 scriptorum,
1689 5193 1730 5248 ita
1745 5196 1773 5249 et
1786 5207 1890 5250 rerum

132 5253 209 5313 W
253 5265 333 5341 lege,
348 5272 381 5326 ut
393 5269 534 5327 orationis
548 5272 576 5327 et
586 5264 753 5326 devotionis
768 5267 903 5343 spiritum
921 5282 982 5325 non
996 5285 1048 5325 ex·
1090 5271 1284 5343 variegatam,
1296 5274 1383 5346 atque
1394 5275 1594 5348 pulcherrima
1607 5277 1736 5350 partium
1751 5277 1890 5334 omnium
