4088 6032
642 241 884 298 comtemnere
902 241 936 300 uv
953 243 1114 314 ceassiu,
1134 260 1196 304 cn».
1217 245 1238 304 1.
1720 239 1757 308 u

126 336 297 396 industriam
308 339 338 396 in
352 339 662 413 favis-construendis,
676 346 764 402 melle
777 347 915 419 legendo,
957 365 1020 408 esse
1042 349 1179 408 fabulosa
1201 353 1288 408 docet
1308 351 1444 408 Albertas
1468 354 1606 423 ltagnus,
1620 355 1649 408 et
1668 367 1705 409 ex
1719 367 1755 409 eo

127 420 326 492 disponendo,
348 424 488 494 tutando,
509 430 564 482 etc.
583 426 722 497 Secundo,
739 445 847 500 gruum
866 446 916 486 cx·
956 433 1165 491 Aldrovandus
1180 434 1232 492 lib.
1249 437 1280 492 ttl
1293 435 1440 500 Ornitttot„
1460 437 1603 508 pogAElt.
1618 434 1754 492 vultures

126 504 238 597 cubias,
259 521 336 579 quas
354 511 443 562 noctu
466 507 596 566 vicissim
615 517 723 582 agunt,
742 519 776 568 ut
797 517 916 572 crateras
957 517 1118 574 enimsunt
1140 517 1280 574 animalia
1304 517 1449 590 perlecta,
1470 533 1537 590 quae
1559 517 1660 574 omnia
1673 533 1756 574 com·

117 587 299 660 dormientes
327 589 435 646 obeant
455 593 484 647 et
506 593 683 650 custodiant.
708 597 815 652 Exacto
835 597 916 656 enim
955 601 1164 658 muniuntuma
1177 602 1257 672 lega,
1272 606 1483 674 utroquescxu
1497 602 1642 670 gaudent,
1658 615 1754 674 eoque

126 678 252 746 tempore
263 674 404 744 delinito,
415 675 465 732 illa
474 692 542 750 quas
554 677 826 737 excubavitemisso
836 681 915 738 clau·
955 689 1096 755 generant
1106 689 1134 741 ct
1143 701 1174 742 se
1181 689 1363 758 propagant,
1372 685 1415 742 uti
1422 688 1534 741 caeterae
1541 699 1620 740 aves.
1632 685 1756 756 Insuper

125 771 191 826 gore
202 773 234 812 se
244 757 433 815 adsomnum
444 761 611 833 componit;
622 761 681 819 alia
691 779 762 820 vero
774 765 914 835 succedit,
955 767 1087 824 vultures
1103 767 1202 826 valent
1225 768 1366 838 odoratu,
1381 772 1410 825 ct
1432 768 1577 824 cadavera
1592 782 1611 822 a
1625 765 1754 824 centenis

124 843 387 915 etquamaccepit,
403 844 512 900 caeteris
531 846 628 902 reddit
643 847 820 904 excubando
834 865 916 908 secu·
955 850 1152 922 milliaribus,
1167 851 1228 910 imo
1252 856 1332 908 trans
1357 867 1438 909 mere
1463 851 1518 908 sita
1539 849 1699 918 olfaciunt,
1713 849 1754 906 ad

125 921 243 983 ritatem.
258 926 364 984 Volant
376 932 455 984 certo
467 928 571 984 ordine
583 931 669 1002 quasi
680 931 742 986 acie
753 932 912 990 instructa:
955 949 1049 1006 ecqua
1063 934 1225 992 advolant:
1238 934 1311 1008 quin
1326 937 1354 991 et
1374 934 1513 991 videntur
1535 933 1629 990 caedes
1644 947 1756 1006 prasa-

124 1022 179 1062 una
191 1008 271 1065 velut
285 1010 348 1066 dux
358 1011 460 1083 presit,
473 1027 541 1084 quea
556 1017 631 1070 stato
646 1017 778 1086 tempore
791 1030 914 1073 munere
954 1016 1031 1089 gire;
1047 1017 1127 1075 undo
1139 1017 1255 1088 magnis
1269 1017 1410 1088 gregibus
1431 1021 1597 1090 sequuntur
1608 1015 1754 1074 exercitus

125 1105 175 1146 suo
187 1091 359 1163 perfuncta,
373 1093 413 1153 ad
425 1093 514 1149 totius
535 1092 662 1165 agminis
675 1112 706 1151 se
721 1100 802 1166 terga
814 1099 912 1168 vertit,
954 1104 983 1158 et
996 1104 1101 1157 castra.
1128 1100 1242 1171 Octauo,
1266 1100 1435 1174 vespertilio
1457 1099 1629 1174 quadrupes
1651 1103 1710 1172 est,
1724 1105 1753 1158 et

124 1177 149 1230 et
161 1172 287 1230 ducendi
299 1191 409 1232 munus
421 1177 448 1232 ei
461 1193 528 1250 quae
542 1179 677 1250 proxime
688 1180 831 1252 sequitur,
844 1181 914 1238 resi·
954 1187 1053 1240 tamen
1068 1184 1165 1253 alata,
1179 1184 1267 1256 qussi
1288 1184 1350 1240 avis
1367 1201 1375 1240 ε
1389 1183 1471 1241 unde
1483 1184 1560 1257 parit
1574 1183 1703 1250 animal,
1718 1186 1753 1241 ut

124 1261 197 1328 gnat.
214 1261 321 1328 Tertio,
336 1276 435 1316 mores
455 1261 654 1332 ciconiarum,
672 1277 740 1336 qum
754 1266 828 1321 stato
841 1269 913 1324 tcm—
954 1267 1125 1339 quadrupes
1130 1284 1140 1337 3
1155 1271 1184 1322 et
1196 1265 1259 1324 alas
1273 1266 1378 1336 babet,
1393 1282 1455 1325 non
1467 1265 1573 1340 pennis
1584 1265 1751 1337 distinctas,

124 1357 189 1413 pore
203 1344 346 1400 advolant
356 1347 385 1400 et
395 1344 590 1414 avolant;aas
600 1346 752 1403 deducunt
765 1348 910 1418 cornices,¹
954 1349 1006 1406 sed
1024 1349 1180 1406 continuas
1197 1349 1289 1407 instar
1309 1349 1491 1408 membranae
1511 1350 1660 1408 coniecere.
1684 1350 1750 1420 llis,

124 1428 258 1484 utcontra
279 1427 353 1484 altas
375 1443 443 1485 aves
464 1431 606 1486 tutantur.
631 1430 753 1500 Signum
777 1431 913 1504 praestita
954 1436 983 1487 et
994 1433 1111 1490 noctuis
1134 1431 1246 1490 similes
1262 1438 1332 1490 sunt
1345 1433 1399 1506 qui
1414 1434 1535 1506 sapiunt
1547 1433 1579 1490 in
1597 1432 1688 1490 rebus
1700 1449 1752 1492 va·

124 1512 911 1586 tutclaeest,quodcornicescumvulneribusredcunt.
953 1515 1015 1586 nis,
1036 1531 1098 1573 non
1118 1516 1196 1574 veris
1215 1520 1244 1574 et
1264 1517 1369 1575 solidis
1376 1535 1385 1588 3
1407 1517 1499 1574 instar
1518 1517 1598 1574 enim
1620 1521 1751 1587 noctuae,

124 1597 913 1671 ltursumciooniaesuosparentessenescentes,pcnnis
953 1598 1030 1656 aclas
1043 1614 1148 1656 eorum
1161 1599 1225 1657 sola
1245 1600 1431 1658 illucescente
1451 1600 1623 1671 hebetatum
1638 1601 1752 1660 acuitur

124 1681 244 1753 propriis
267 1681 466 1738 circumdatos
487 1680 609 1750 fovent,
623 1681 736 1738 victum
749 1681 828 1739 laute
842 1682 911 1740 sub-
952 1696 1023 1738 vero
1036 1681 1102 1755 ipsa
1116 1683 1224 1740 umbra
1242 1687 1271 1742 et
1290 1683 1425 1754 caligine.
1440 1685 1532 1755 Nono,
1553 1682 1650 1756 gallus
1663 1698 1752 1742 excu-

125 1763 297 1835 minislrant,
311 1769 340 1821 et
357 1765 505 1838 utrimque
526 1764 587 1822 suis
604 1781 657 1821 eos
677 1764 834 1823 sublevant
845 1767 910 1824 alis.
953 1764 1032 1823 bitor
1051 1781 1139 1824 mana
1153 1771 1181 1823 tc
1196 1766 1323 1837 excitat,
1337 1771 1371 1824 ut
1390 1767 1431 1826 ad
1453 1782 1547 1841 opera
1566 1767 1752 1826 conficienda

127 1849 210 1905 ellac
233 1854 278 1905 est
298 1852 417 1904 vectura
434 1848 565 1921 pictatis,
587 1849 658 1905 nait
676 1850 703 1904 S.
726 1849 910 1908 ambrosius.
945 1847 1124 1922 consurgas,
1135 1856 1222 1908 acuta
1234 1852 1420 1909 inclamitans
1433 1868 1517 1921 voca,
1531 1857 1680 1928 cantuque
1693 1869 1750 1909 suo

125 1933 230 2003 Quarto,
240 1947 331 1989 namo
340 1947 426 1988 suam
437 1934 640 2004 paupertatem
652 1931 796 2004 deploret,
808 1933 834 1988 si
842 1947 912 1990 con·
953 1933 1152 1992 solemadbuo
1161 1935 1350 2009 elonginquo
1358 1935 1565 1994 advenientem
1573 1936 1750 2010 predicens,

24 2031 25 2058 t
125 2015 221 2072 siderei
243 2015 450 2086 hirundinem,
471 2031 538 2088 quae
552 2031 608 2089 pro
627 2016 849 2089 compingenda
869 2017 912 2076 ni·
954 2033 1081 2090 cumque
1099 2016 1263 2074 viatoribus
1282 2034 1370 2075 mane
1392 2017 1555 2092 evigilans,
1574 2023 1603 2078 et
1618 2018 1658 2077 ad
1679 2033 1751 2074 suos

24 2113 25 2120 ¹
126 2098 189 2156 dulo
202 2102 364 2157 stramenta
377 2115 428 2156 ore
440 2099 527 2170 legit,
544 2099 734 2174 portarique:
748 2099 845 2158 lutum
859 2117 911 2158 au·
953 2101 1071 2160 labores
1095 2119 1129 2160 ac
1152 2119 1278 2160 messem
1300 2104 1444 2175 agricolas
1468 2105 1595 2162 educens
1621 2103 1748 2162 cedibus.

24 2237 25 2240 ,
125 2186 177 2237 tem
189 2198 258 2239 cum
279 2182 392 2240 deterre
407 2187 534 2256 nequeat
548 2183 677 2254 pedibus
696 2185 816 2257 (utpote
834 2200 912 2257 quos
954 2189 1076 2257 Decimo,
1090 2187 1217 2260 pervigil
1235 2191 1387 2258 ostensor,
1402 2192 1430 2245 et
1454 2187 1640 2246 acutissimus
1660 2188 1700 2244 ad
1712 2203 1748 2244 es

126 2265 190 2322 adeo
203 2264 310 2322 breves
334 2281 502 2339 parvosque
516 2265 625 2336 babet,
639 2271 672 2322 ut
683 2267 782 2324 nullos
802 2267 912 2324 habero
954 2271 1107 2329 sentienda
1118 2287 1186 2344 quas
1200 2275 1320 2328 ceteros
1337 2271 1437 2328 latent.
1453 2271 1534 2328 Unde
1559 2271 1633 2328 olim
1645 2273 1747 2328 ltornrs

24 2407 25 2418 χ
125 2349 464 2424 videatur31deoquevix
477 2350 651 2421 consistere,
666 2351 793 2408 sedlcro
810 2351 911 2409 volare
954 2369 1071 2412 anseres
1097 2354 1274 2428 Capitolium
1299 2358 1401 2412 contra
1431 2354 1530 2412 Gallos
1555 2355 1654 2412 bostes
1678 2353 1750 2412 irre·

24 2445 25 2484 i
126 2433 263 2506 cernitur),
276 2433 910 2508 extremitatespennarumaquamadelacit,
953 2439 1147 2512 pentes,suis
1158 2437 1340 2496 clamoribus
1357 2438 1495 2497 custodes
1509 2437 1688 2496 dormientes
1700 2454 1750 2496 ex·

126 2533 187 2574 mox
198 2517 321 2591 pulvere
332 2534 395 2576 sese
401 2517 555 2576 involvens
560 2517 637 2588 ,boc
645 2523 732 2591 pecto
746 2518 802 2576 sibi
813 2519 911 2578 lutum
952 2521 1086 2592 citando,
1095 2522 1265 2580 tutatisunt.
1279 2521 1421 2590 Quocirca
1429 2523 1457 2579 S.
1468 2519 1656 2590 ambrosius,
1665 2521 1747 2578 tib.v

126 2599 267 2672 efformet,
281 2618 343 2676 quo
358 2601 464 2658 aidum
477 2601 679 2674 compaginat,
695 2601 795 2675 ibique
807 2603 911 2676 positis
953 2608 1068 2664 limant.
1082 2622 1148 2680 cap.
1163 2621 1216 2664 nni
1231 2624 1238 2662 :
1253 2624 1268 2662 c
1281 2605 1398 2677 llerito,
1409 2605 1466 2675 ait,
1481 2605 1539 2662 illis
1551 2604 1749 2678 (anseribus),

127 2685 180 2740 ovis
192 2686 291 2759 pullos
303 2685 448 2754 excludit;
464 2701 594 2759 quorum
608 2685 634 2741 si
647 2685 796 2760 quispiam
810 2701 910 2759 pupu·
953 2692 1065 2760 Roma,
1080 2689 1170 2746 debes
1191 2689 1276 2763 quod
1297 2704 1413 2760 regnas.
1430 2689 1472 2746 Dii
1486 2689 1530 2745 tui
1544 2687 1749 2759 dormiebant,

126 2773 189 2842 gerit
201 2774 320 2844 oculos,
343 2771 476 2829 adhibita
487 2771 581 2830 herba
604 2773 774 2830 chelidonia
790 2789 911 2836 rursum
952 2779 981 2830 et
992 2772 1156 2845 vigilabant
1173 2789 1301 2832 anseres.
1317 2773 1386 2832 ldao
1400 2772 1459 2830 iltis
1472 2772 1579 2830 diebus
1592 2772 1688 2830 anseri
1702 2788 1748 2830 sa·

127 2859 290 2915 eosoculare
301 2859 394 2913 noel.
406 2859 519 2928 Quarto,
531 2856 747 2928 halcedoJ'uxta
756 2858 837 2916 littus
849 2875 911 2917 rna·
953 2856 1082 2928 criticas,
1097 2873 1158 2914 uon
1180 2857 1255 2914 tovi.
1280 2857 1391 2914 Cedant
1410 2855 1491 2914 enim
1505 2856 1547 2914 dii
1560 2856 1650 2913 vestri
1662 2871 1748 2914 anse-

126 2940 160 2996 ris
175 2940 272 2999 media
286 2940 346 2997 lere
360 2942 468 3010 bieme,
484 2956 553 2996 cum
568 2940 693 2998 saeviunt
706 2941 786 2999 venti
798 2948 828 3000 et
841 2958 912 3016 pro·
953 2939 1051 3010 ribus,
1065 2938 1203 3014 aquibus
1213 2939 1310 2996 sciunt
1323 2955 1354 2995 se
1364 2954 1427 2994 csse
1441 2938 1595 3010 delenscs,
1605 2955 1642 2996 ne
1656 2943 1685 2996 et
1691 2937 1749 3012 ipsi

127 3024 209 3096 celle,
222 3023 911 3100 ovcponit,tumqueillicosilentetsopiuntur
954 3025 993 3083 ab
1006 3025 1092 3082 hoste
1108 3027 1293 3097 caperentur.
1319 3023 1478 3088 Undecimo,
1498 3022 1641 3080 exercitus
1652 3021 1753 3080 locus·

126 3106 910 3184 vantietprocellac,acaequoraplaaenturperseplem
953 3112 1051 3166 tarum
1073 3108 1130 3165 sub
1150 3123 1211 3164 una
1231 3110 1354 3178 tessera,
1381 3106 1413 3163 in
1437 3106 1566 3164 sublima
1592 3105 1749 3166 universus

126 3194 192 3249 totos
212 3194 292 3264 dics,
314 3192 424 3268 quibus
442 3192 506 3248 ovis
526 3191 665 3262 incubat,
684 3192 845 3266 pullosque
858 3209 910 3252 ex·
953 3193 1043 3250 simul
1054 3191 1165 3262 elatus,
1178 3191 1280 3249 castris
1304 3195 1367 3249 toto
1382 3190 1439 3248 late
1452 3190 1558 3264 positis
1580 3205 1671 3262 agro,
1685 3205 1749 3248 non

127 3277 206 3335 cludit
227 3279 369 3348 balcedo,
383 3294 418 3334 ac
432 3277 539 3336 deinde
557 3278 720 3336 succedunt
733 3277 784 3335 alii
796 3281 910 3353 septem
953 3281 1039 3334 antea
1051 3276 1162 3334 tructus
1186 3273 1365 3348 depascitur,
1378 3289 1471 3348 quam
1489 3273 1546 3348 ipsi
1560 3273 1593 3333 id
1605 3273 1642 3330 sit
1656 3288 1676 3332 a
1688 3275 1748 3332 ileo

127 3367 299 3440 serenidies,
322 3365 434 3441 quibus
447 3366 548 3440 pullos
565 3367 684 3425 enutrit.
708 3367 790 3424 Unde
811 3369 910 3424 nautea
953 3374 1143 3431 concessum,
1157 3362 1187 3416 at
1201 3357 1288 3431 quasi
1311 3357 1496 3417 mandatum.
1521 3356 1654 3428 suggerit
1674 3359 1749 3416 Deus

127 3465 213 3509 scama
227 3455 299 3508 tunc
319 3451 469 3522 navigant.
489 3449 560 3507 ltine
579 3455 608 3507 et
627 3454 722 3524 poetes
742 3449 808 3508 dies
829 3453 911 3508 tran·
952 3444 1136 3512 remedium,
1148 3442 1225 3500 illud
1234 3446 1278 3500 est
1291 3441 1414 3500 seleucis
1424 3441 1584 3516 avis,quoe
1595 3440 1749 3500 turmatim

126 3534 223 3606 quillos
249 3539 279 3592 et
298 3550 417 3592 serenos
438 3539 545 3592 vocant
569 3534 755 3607 halcyonios.
782 3533 910 3592 ltalcedo
953 3526 1232 3598 advolanstoeustae
1242 3527 1374 3585 devorat.
1385 3525 1583 3600 insuperquis
1592 3523 1749 3598 qualisque

126 3619 199 3676 docet
211 3635 269 3677 nos
283 3635 402 3691 sperare
415 3617 513 3677 inlleo
524 3636 532 3675 ι
544 3618 731 3692 sienimipse
744 3622 910 3676 tantamse-
954 3621 997 3673 est
1016 3615 1125 3672 modus
1145 3613 1272 3672 canendi
1298 3614 1427 3672 cicadas?
1450 3615 1567 3673 lleridie
1588 3613 1685 3687 magis
1705 3612 1751 3670 ia·

25 3729 26 3744 .
125 3702 267 3760 mmmmm
290 3706 410 3777 prestat
428 3701 480 3758 uni
503 3699 641 3773 aviculae,
661 3702 737 3775 quid
756 3716 819 3758 non
836 3717 911 3775 prm·
954 3697 1067 3757 cambit
1075 3698 1274 3769 cantui,aeris
1282 3697 1519 3772 tractiona,quas
1527 3697 1639 3756 fitcum
1648 3701 1750 3771 pectus

125 3785 202 3844 stabit
211 3785 328 3843 bomini
340 3801 371 3842 se
382 3785 550 3842 invocanti?
565 3786 677 3855 Quinto,
687 3790 784 3843 turtur
792 3789 910 3843 mortuo
954 3781 1143 3857 expenditur,
1158 3798 1267 3839 sonum
1289 3781 1417 3838 eliciens.
1444 3781 1621 3847 duodecimo,
1639 3780 1751 3840 insecta

125 3884 253 3944 compara
276 3869 352 3927 nrdli
372 3868 454 3926 alteri
478 3884 509 3925 se
528 3869 674 3940 jungens,
697 3870 783 3926 docet
804 3869 911 3926 viduas
956 3866 1242 3940 (utapes,vospae),
1256 3865 1297 3922 ita
1319 3864 1412 3936 dicta,
1426 3865 1511 3938 quod
1531 3863 1665 3938 undique
1678 3865 1750 3922 scis·

125 3959 355 4026 maureconem,
370 3968 423 4010 nec
437 3951 477 4010 ad
493 3951 613 4010 alterius
627 3952 683 4009 viri
699 3953 830 4027 aspirare
842 3968 910 4010 con·
955 3965 1039 4008 suras
1055 3951 1219 4024 quasdam,
1239 3948 1300 4008 sive
1326 3948 1471 4006 incisuras
1490 3947 1647 4006 ostendant
1656 3990 1665 4019 ,
1683 3948 1751 4021 pul·

125 4039 251 4098 nubtum.
267 4041 363 4109 Sesto,
375 4037 477 4110 aquila
492 4036 532 4093 in·
544 4037 646 4110 pullos
665 4037 756 4108 dura,
778 4053 911 4096 eosmox
955 4049 1045 4092 mone
1068 4037 1184 4103 carent,
1204 4033 1332 4106 ideoque
1346 4047 1409 4090 non
1430 4034 1593 4106 respirant,
1616 4032 1669 4090 sed
1682 4033 1751 4090 totis

24 4133 26 4146 ²
125 4121 233 4194 deserit,
249 4124 312 4180 imo
333 4120 460 4178 subinde
474 4120 547 4176 nido
571 4120 708 4178 exturbat
723 4120 812 4177 :binc
831 4137 911 4195 sym·
955 4115 1551 4193 corporissuipartibusaerenutriuntur.
1566 4118 1752 4190 Quapropter

25 4259 26 4264 ,
124 4203 217 4263 bolum
229 4211 276 4263 est
289 4209 447 4280 parentum
459 4203 489 4260 in
501 4204 580 4261 filios
593 4220 664 4260 suos
678 4204 855 4261 crudelium.
870 4208 912 4261 Ex
956 4203 982 4260 si
995 4203 1075 4259 olivo
1083 4243 1092 4273 ,
1108 4201 1139 4258 id
1161 4204 1204 4256 est
1217 4199 1284 4257 oleo
1297 4215 1335 4258 ex
1358 4199 1443 4257 olivis
1467 4214 1625 4272 expresso,
1644 4197 1753 4258 tuerint

125 4290 238 4349 adverso
250 4287 373 4362 benigni
385 4289 417 4345 in
436 4287 530 4358 filios,
545 4289 614 4344 sunt
632 4287 742 4345 similes
756 4289 913 4345 coturnici·
956 4284 1139 4356 madefacta,
1154 4284 1279 4348 occlusis
1299 4283 1447 4342 meatibus
1469 4288 1594 4357 pereunt
1608 4300 1616 4341 ε
1631 4281 1656 4340 st
1669 4288 1752 4343 aceto

24 4401 26 4464 3
124 4374 189 4447 bus,
207 4392 277 4454 quae
299 4390 370 4431 suos
390 4373 489 4446 pullos
500 4374 563 4444 jem
584 4373 718 4430 volantes
736 4373 913 4430 comitantur
956 4371 1092 4445 protinus
1105 4367 1264 4442 asperseris
1276 4383 1330 4437 ea,
1345 4367 1452 4425 reclusi
1464 4365 1662 4426 toraminibus
1677 4367 1753 4426 revi-

124 4459 215 4534 eisque
236 4459 414 4532 aliquandiu
437 4457 610 4514 alimoniam
632 4457 834 4530 suppeditant.
849 4459 913 4528 Sep·
956 4455 1082 4512 viscunt.
1109 4454 1333 4521 decimotertio,
1357 4455 1475 4519 anates,
1498 4465 1617 4508 anseres
1636 4452 1665 4507 et
1687 4449 1753 4510 aliae

125 4540 913 4614 timo,vulturestongaeve(pleramqueenimcentenos
957 4552 1108 4611 avesque
1130 4538 1247 4606 natant,
1270 4534 1362 4608 pedes
1384 4533 1497 4592 habent
1518 4549 1581 4592 non
1608 4531 1753 4607 diffissos,

125 4643 210 4685 annos
229 4626 353 4700 vivunt)
373 4626 492 4699 pariunt
513 4623 576 4681 sine
595 4625 686 4681 coitu.
712 4627 767 4680 llas
791 4623 913 4695 objicias
957 4622 1011 4679 sed
1025 4619 1234 4688 continuos,et
1247 4616 1529 4675 instarmembranae
1543 4622 1755 4691 expansos,ut

124 4710 260 4783 Etbnicis,
287 4710 341 4784 qui
359 4710 462 4766 dicunt
476 4727 483 4765 :
498 4709 658 4778 Quomodo
678 4711 708 4764 B.
728 4707 833 4778 Virgo,
852 4723 915 4764 ma·
958 4704 1146 4764 commodius
1169 4703 1285 4760 fluitare
1308 4705 1336 4759 et
1360 4705 1460 4760 natare
1485 4701 1610 4775 possint.
1636 4702 1755 4776 Cycnus

24 4819 25 4874 f
125 4810 189 4852 nens
202 4797 304 4867 virgo,
316 4793 414 4868 potuit
427 4809 531 4865 parere
545 4792 714 4848 Christum?
727 4791 807 4847 ldcm
825 4790 915 4847 habet
957 4791 1049 4862 longo
1063 4789 1141 4847 collo
1157 4789 1188 4845 in
1202 4785 1384 4862 profundam
1406 4801 1517 4862 aquam
1530 4787 1664 4846 immisso
1672 4830 1682 4860 ,
1694 4787 1756 4862 pis·

126 4879 149 4936 S.
164 4880 354 4948 Ambrosius,
373 4876 427 4934 lib.
451 4875 471 4933 V
491 4879 607 4933 liccam.
627 4892 693 4949 cap.
719 4890 767 4931 xx.
788 4875 865 4943 Quin
887 4879 916 4932 at
958 4876 1068 4934 cariam
1082 4889 1238 4944 exercens,
1253 4873 1348 4947 pisces
1360 4878 1496 4933 venatur.
1518 4875 1626 4932 tlen'mc
1640 4880 1755 4947 quarto,

126 4964 256 5036 AElianus,
272 4964 327 5021 lib.
344 4963 366 5018 ll
383 4961 547 5018 deAnimcl.
558 4975 625 5034 cap.
637 4975 687 5030 xs3
704 4962 809 5028 llorus,
824 4957 877 5015 lib.
892 4960 914 5030 l,
957 4958 1179 5018 resurrectionis
1189 4961 1397 5030 argumentum
1408 4961 1437 5014 et
1445 4961 1536 5032 typus
1547 4961 1617 5017 sunt
1626 4956 1756 5034 bomby-

125 5051 250 5125 diasoste
266 5052 415 5119 isidorus,
433 5049 487 5107 lib.
509 5050 551 5106 litt
561 5067 569 5120 ;
592 5048 747 5120 Origenes,
766 5063 833 5120 cap.
859 5062 915 5118 vn,
958 5061 1017 5102 ces.
1032 5046 1064 5100 ln
1079 5043 1125 5100 his
1139 5041 1220 5099 enim
1237 5042 1336 5115 primo
1350 5057 1388 5098 ex
1401 5048 1512 5099 semtne
1533 5041 1679 5100 enascitur
1690 5056 1757 5100 ver-

126 5138 150 5192 et
161 5137 208 5193 alii
220 5153 298 5211 quos
310 5134 379 5191 citat
386 5133 595 5190 ltldrovandus
604 5132 636 5188 in
648 5131 780 5198 vulture,
795 5131 916 5187 tradunt
959 5130 1102 5200 miculos,
1116 5145 1152 5185 ex
1166 5128 1223 5186 boc
1236 5127 1270 5184 tlt
1279 5142 1384 5199 cruca,
1394 5142 1431 5184 ex
1442 5141 1530 5185 eruca
1540 5125 1693 5202 bombyx,
1702 5126 1758 5202 qui

125 5219 248 5284 vultures
262 5233 368 5277 omnes
383 5233 446 5275 csse
467 5215 611 5288 feminas,
634 5231 744 5289 easque
758 5213 820 5270 sina
834 5229 915 5271 mare
958 5213 1037 5272 toliis
1059 5212 1136 5270 mori
1150 5228 1181 5270 so
1203 5211 1324 5286 implet,
1339 5228 1373 5270 ac
1397 5211 1506 5286 plenus
1528 5210 1639 5270 nattila
1651 5209 1756 5285 byssi,

126 5297 916 5381 exveatoconcipereetgenerasclterumbecomnia
960 5312 1027 5371 quae
1041 5313 1078 5356 ex
1099 5293 1262 5359 visceribus
1284 5295 1347 5354 suis
1360 5295 1479 5370 educit,
1501 5293 1757 5375 tactoqueglomo

196 5433 201 5442 .
259 5409 267 5448 ι
1564 5395 1583 5446 5
1652 5415 1653 5418 ,
