4018 5976
864 781 1176 870 noxotouu

604 999 767 1134 DEI
826 1003 1434 1135 SALVATORIS

723 1265 775 1332 EX
792 1265 926 1336 utitis
942 1267 988 1333 ET
1005 1264 1171 1332 urituun
1188 1263 1312 1332 uxunl.

924 1466 1114 1502 a*

236 1705 354 1775 uada,
375 1697 550 1772 Jerusalem,
575 1698 735 1760 nominum
759 1719 766 1759 ι
790 1701 882 1762 laude
903 1704 996 1761 mum
1074 1703 1194 1762 Audiuit
1202 1703 1316 1762 Pharao
1326 1699 1835 1777 coeceucicdimerinubromffit:

200 1787 396 1861 tuum,Sion.
1039 1791 1210 1864 Persequar,
1225 1791 1254 1848 ct
1265 1787 1419 1848 interficiet
1432 1802 1484 1848 ecs
1496 1801 1606 1847 manua
1621 1803 1698 1848 mea.

236 1873 307 1942 Quis
320 1871 459 1946 loquetur
471 1867 617 1944 potentiae
628 1870 765 1929 Domui:
780 1870 897 1930 auditas
910 1870 997 1930 iaciat
1073 1874 1225 1946 ingressus
1237 1876 1281 1930 est
1299 1875 1367 1946 post
1381 1886 1432 1930 eoa
1447 1886 1517 1931 urm
1529 1871 1667 1931 curribus
1681 1875 1710 1931 et
1729 1875 1837 1948 equiti-
1884 1875 1928 1920 ¹¹·

201 1955 519 2027 omueslaudaaejusi
1039 1953 1097 2014 bus
1110 1955 1171 2014 suis
1187 1957 1220 2014 in
1231 1959 1378 2014 marceat
1392 1953 1511 2014 reduxit
1524 1969 1614 2029 super
1625 1969 1677 2014 eos
1690 1935 1928 2015 uominueffl‘*

236 2039 997 2115 inexitnisraeldcEgyptordcmueiaccbdapc·
1038 2053 1133 2115 aquius
1146 2041 1246 2100 maris.

200 2127 274 2204 pulo
287 2125 428 2186 barbaro.
1073 2121 1138 2180 Filii
1157 2127 1256 2182 eutem
1274 2123 1362 2182 lsrael
1376 2119 1606 2182 ambulaverunt
1623 2137 1679 2197 per
1697 2124 1836 2182 siccum:

235 2213 322 2273 Pacta
339 2216 383 2272 est
401 2209 504 2270 iudea
522 2209 713 2268 emetiflcatic
735 2211 799 2283 ejus
817 2227 824 2268 ε
839 2207 928 2268 lsrael
941 2223 997 2283 pc·
1038 2205 1070 2264 iu
1081 2205 1181 2266 medic
1195 2207 1275 2280 eius,
1291 2205 1378 2282 quasi
1390 2206 1423 2263 in
1434 2205 1562 2266 deceno.

200 2297 376 2369 iesueeins.
1074 2287 1615 2362 cantemusbominc,gloricseenim
1627 2290 1838 2363 magnificatus

236 2383 354 2441 iuuerit
367 2379 447 2440 euim
459 2378 548 2438 lsrael
559 2378 591 2436 iu
606 2381 765 2454 Egyptum
780 2396 787 2436 ε
802 2381 832 2437 at
844 2376 935 2438 iacob
949 2392 997 2436 ac·
1039 2377 1083 2435 ast
1098 2393 1105 2431 :
1118 2389 1232 2450 equum
1245 2377 1274 2434 et
1286 2387 1473 2433 ascensorem
1484 2373 1588 2446 dejecit
1600 2373 1631 2433 iu
1644 2390 1737 2435 mere.

201 2463 583 2526 colaiuitiuterracham.
1074 2461 1223 2518 Beetuses
1238 2458 1487 2533 tu,1erael,quie
1506 2457 1607 2517 similis
1622 2459 1837 2534 tuitpcpnle,

237 2547 325 2606 Auxit
339 2547 381 2604 ibi
395 2549 470 2602 bens
483 2543 632 2618 populum
644 2559 734 2602 suum
746 2543 934 2602 vehementer
945 2561 952 2600 ι
967 2545 997 2602 at
1038 2542 1092 2614 qui
1105 2541 1228 2600 salvaris
1239 2542 1272 2600 in
1284 2542 1420 2600 Domino.

202 2630 332 2690 minavit
341 2643 411 2686 eum
424 2641 514 2701 super
527 2623 662 2684 inimicos
673 2627 746 2696 ejus.
1074 2627 1216 2682 ascensor
1228 2622 1294 2682 eoeli
1307 2623 1466 2686 auxiliator
1477 2627 1546 2684 tuus
1561 2642 1569 2682 ι
1583 2625 1647 2702 ipsa
1659 2629 1704 2686 est
1717 2631 1836 2687 scutum

236 2713 383 2775 Convertit
393 2727 445 2770 cor
454 2725 571 2782 eorum,
581 2711 616 2768 ut
625 2709 742 2768 odirent
752 2709 902 2786 populum
911 2710 995 2783 ejus:
1038 2707 1141 2768 auxilii
1150 2707 1194 2766 tui
1208 2710 1238 2767 et
1252 2708 1370 2780 gladius
1382 2708 1485 2783 gloria
1503 2712 1571 2768 tum.

201 2802 231 2860 et
243 2799 349 2858 dolum
360 2797 488 2855 lacerent
500 2794 533 2852 in
546 2808 647 2852 seruos
661 2794 735 2866 ejus.
1074 2792 1215 2850 Dominus
1227 2793 1315 2866 quasi
1326 2792 1373 2850 vir
1383 2795 1533 2867 pugnetur
1547 2810 1556 2852 s
1574 2793 1766 2868 omnipotens
1779 2811 1834 2856 no-
1856 2797 1921 2844 M·

83 2891 159 2942 utcu
237 2883 312 2942 llicit
330 2881 371 2940 ad
390 2879 573 2938 Pharaonem
595 2878 696 2936 ilcsen
712 2891 832 2936 meeum
848 2893 953 2950 suum,
965 2879 996 2936 et
1038 2889 1109 2936 men
1121 2877 1195 2948 ejus.
1858 2863 1920 2965 τῇ

200 2972 349 3028 aaronem
361 2964 487 3023 electum
497 2961 625 3021 Domini.
1074 2961 1183 3020 Currus
1195 2959 1357 3020 Pharaonis
1369 2959 1570 3020 etexeroitum
1583 2961 1647 3034 aine
1664 2962 1790 3035 projecit
1801 2963 1832 3022 in
1901 2948 1906 2964 '

237 3051 338 3110 Posuit
349 3049 381 3107 iu
394 3048 437 3105 eis
449 3045 542 3104 verba
559 3046 715 3117 signorum
731 3059 873 3117 suorum,
886 3047 915 3105 et
926 3059 998 3120 pro-
1038 3059 1138 3102 mere:
1150 3043 1233 3102 electi
1241 3043 1390 3119 principes
1402 3043 1466 3116 ejus
1476 3043 1624 3104 submersi
1634 3046 1746 3104 suntin
1756 3049 1832 3106 mari

201 3137 352 3210 digiorum
363 3131 397 3190 iu
409 3134 487 3189 terre
499 3127 603 3188 eham.
1038 3126 1151 3186 Rubro.

118 3227 190 3284 Piae·
237 3216 385 3281 conuertit
398 3227 492 3288 eques
506 3211 656 3270 eorumin
669 3211 846 3284 mugniuem
860 3229 868 3269 ε
881 3211 997 3272 ctocci-
1074 3209 1180 3284 abyssi
1199 3213 1444 3284 operuerunteos
1459 3211 1697 3272 :descenderunt
1714 3213 1748 3273 in
1765 3228 1833 3289 prc-

84 3288 182 3348 ¹⁸i¹³²¹·
202 3305 246 3365 dit
258 3304 354 3378 pisces
366 3312 482 3358 eornm.
1038 3293 1167 3353 landum
1180 3293 1368 3369 quesilapla.

237 3386 334 3446 Edidit
346 3387 425 3443 terra
440 3393 546 3440 eorum
560 3391 651 3436 renas
666 3397 674 3436 ι
688 3377 722 3437 in
735 3376 938 3454 penetralibus
950 3393 997 3438 rc-
1074 3379 1107 3437 lu
1120 3377 1225 3454 spiritu
1238 3377 1346 3438 terroris
1356 3377 1412 3450 tui,
1424 3377 1557 3450 nomine,
1568 3384 1755 3454 congregatus
1766 3387 1834 3442 suut

202 3472 434 3546 gunipecrum.
1038 3475 1141 3536 aquom
1156 3461 1234 3522 stetit
1251 3462 1334 3521 unda
1350 3461 1445 3521 fluens
1462 3461 1833 3538 utrimqueiustermnro-

238 3555 330 3624 uixit,
344 3556 373 3611 et
388 3551 469 3608 veuit
484 3545 651 3621 coenomyia
665 3563 674 3604 s
689 3548 718 3605 et
731 3541 865 3619 ciniphes
885 3546 917 3602 in
935 3561 999 3604 om-
1037 3557 1130 3604 rum:
1152 3546 1247 3605 donec
1267 3547 1457 3622 pertransiret
1477 3547 1611 3622 populus
1632 3552 1720 3621 tuns,
1742 3567 1833 3625 quem

203 3634 544 3700 nibuaflnibuseorum.
1037 3631 1205 3706 possedisti.

238 3720 339 3780 Posuit
350 3716 468 3793 pluvias
481 3729 586 3772 acrum
599 3713 791 3785 grandinem,
805 3713 905 3785 iguem
918 3728 998 3772 uom·
1073 3716 1166 3775 Pleuit
1178 3716 1298 3791 spiritus
1310 3719 1380 3776 tuus
1388 3761 1397 3790 ,
1405 3722 1434 3778 et
1447 3719 1566 3794 operuit
1572 3719 1722 3796 Egyptioe
1730 3735 1833 3780 mare:

202 3808 358 3866 burantem
371 3801 403 3858 iu
416 3803 493 3858 terra
506 3798 654 3873 ipsorum.
1038 3798 1184 3858 submersi
1204 3803 1273 3857 aunt
1289 3801 1376 3873 quasi
1393 3799 1569 3877 plumbum,
1585 3801 1620 3862 in
1637 3804 1722 3880 aquis
1742 3805 1835 3864 uehe-

238 3893 272 3948 Et
281 3883 427 3962 percussit
440 3883 540 3941 vineas
554 3895 659 3938 eorum
671 3882 700 3937 at
712 3878 854 3938 ficulneas
867 3895 972 3940 acrum
988 3899 996 3938 r
1037 3885 1198 3944 mentibus.

204 3978 234 4035 et
246 3969 381 4031 contrivit
393 3969 509 4039 lignum
522 3964 629 4022 finium
643 3979 757 4021 eorum
1074 3969 1145 4037 Quis
1162 3967 1266 4026 similis
1288 3968 1331 4026 tui
1347 3968 1380 4026 in
1397 3968 1540 4044 toribus,
1554 3971 1695 4030 bomnei
1709 3971 1778 4046 quia
1796 3972 1833 4030 si-

239 4056 328 4125 Eixit,
346 4055 376 4111 ct
392 4049 472 4109 uenit
485 4049 619 4107 locusta:
633 4050 662 4104 st
674 4045 826 4117 bruchus,
839 4046 924 4119 culus
936 4061 1000 4106 non
1038 4051 1118 4110 milis
1134 4053 1198 4109 tuii
1217 4053 1394 4125 magnificus
1411 4054 1443 4112 in
1460 4053 1626 4127 sanctitate,
1639 4054 1780 4114 terribilis
1792 4060 1833 4115 at·
1882 4099 1886 4106 .

205 4144 266 4200 erat
280 4151 433 4198 uumerus.
656 4139 659 4144 “
1039 4151 1098 4210 que
1110 4134 1286 4208 laudabilia,
1302 4140 1331 4194 ct
1342 4135 1452 4196 iaciens
1466 4137 1627 4196 mirabilia.

238 4227 274 4283 Et
294 4221 423 4280 comedit
443 4233 533 4277 omna
554 4216 668 4274 loenum
688 4216 721 4274 in
738 4219 817 4274 terra
834 4230 957 4286 comm,
970 4220 1000 4274 et
1074 4219 1164 4278 bieria
1186 4220 1374 4295 prophetissa
1398 4220 1484 4281 duxit
1510 4221 1635 4279 chorum
1656 4221 1830 4295 mulierum,
1860 4223 1918 4272 Ιώ

205 4322 325 4368 omnem
338 4305 467 4362 trucium
480 4305 565 4359 terrae
579 4315 695 4358 eorum.
1040 4302 1141 4376 eisque
1157 4317 1228 4360 cum
1246 4306 1390 4378 tympano
1404 4303 1560 4378 praeciuuit
1573 4323 1581 4362 ε
1596 4305 1755 4364 Cantemus
1775 4309 1831 4366 Do·
1858 4285 1916 4394 effic

238 4391 313 4452 uisu
322 4387 472 4457 tenebras,
483 4390 512 4444 et
524 4383 694 4443 obscurarit
710 4381 852 4457 :perculit
867 4397 918 4442 ecs
931 4384 999 4457 igne
1039 4385 1122 4443 mino
1136 4386 1275 4459 gloriose.

204 4479 233 4534 et
245 4473 366 4548 spectris
378 4471 411 4528 iu
424 4472 510 4526 nocte
525 4467 685 4525 horrenda.
1074 4470 1206 4528 Proelusit
1218 4468 1270 4528 illa
1281 4473 1312 4528 B.
1323 4472 1419 4530 ituria
1432 4473 1573 4548 Deipcraa
1585 4472 1674 4532 matri
1687 4475 1767 4546 iesu,
1779 4473 1833 4550 qui

239 4555 382 4616 Percussit
394 4568 484 4612 omne
494 4551 724 4625 primogenitum
736 4550 769 4608 in
782 4554 860 4608 terra
871 4563 998 4608 eorum:
1038 4566 1095 4611 nos
1107 4552 1223 4610 interno
1236 4553 1372 4614 liberavit
1386 4573 1394 4612 ε
1408 4571 1501 4632 quam
1516 4555 1645 4632 proinde
1657 4555 1777 4616 beatam
1790 4555 1833 4616 dl-

204 4640 351 4718 primitias
366 4633 714 4696 omnislaborisccrum.
1039 4637 1443 4707 contemnasgeuerationee.

239 4724 346 4784 Eduxit
364 4721 501 4780 liebroecs
519 4733 587 4776 cum
602 4720 723 4790 argento
736 4721 765 4775 et
777 4733 872 4776 auro:
888 4717 999 4793 quibua
1075 4720 1221 4778 Petierunt
1243 4721 1356 4780 Hebraei
1379 4737 1481 4783 carnes
1491 4765 1501 4796 ,
1521 4729 1551 4784 et
1571 4725 1653 4784 uenit
1671 4725 1831 4784 coturnixr

204 4808 408 4884 spoliaverunt
417 4805 587 4877 AEgyptum.
1042 4801 1124 4861 dedit
1136 4803 1178 4862 eis
1191 4807 1268 4864 Deus
1279 4820 1399 4877 manna,
1410 4809 1438 4864 et
1448 4822 1526 4882 pane
1537 4807 1603 4867 ceu
1616 4809 1759 4869 saturavit
1770 4825 1831 4867 cos.

239 4895 380 4964 Egressus
404 4891 448 4946 est
466 4886 598 4961 populus
619 4886 669 4944 Dei
689 4885 721 4943 in
741 4884 921 4946 exultatione
944 4903 952 4943 ε
972 4889 1001 4946 et
1076 4887 1187 4944 Panem
1200 4887 1376 4961 angelorum
1390 4890 1582 4949 manducauit
1591 4889 1685 4950 homo
1698 4907 1707 4949 ε
1722 4891 1833 4951 cibaria
1844 4900 1918 4946 uma

206 4970 532 5045 electieJ‘usiulaetitia.
1041 4970 1121 5029 misit
1134 4972 1176 5031 eis
1190 4971 1430 5032 inubundentia.

233 5056 349 5116 'hatata
357 5051 1001 5127 estAEgyptusiuproicctioneecrum:quia
1076 5055 1109 5111 ln
1124 5053 1282 5128 Rephidim
1296 5055 1399 5114 eduxit
1418 5069 1530 5130 aquam
1546 5056 1584 5115 de
1600 5059 1685 5131 petra
1699 5073 1708 5116 r
1722 5059 1832 5117 uada·
1866 5066 1935 5122 aar·

208 5139 342 5201 incirbuit
354 5137 560 5196 timorecrum
573 5151 737 5208 supernos.
1042 5137 1491 5213 queviteos,veiutinabyssc
1504 5139 1608 5200 multa.
1845 5132 1905 5186 ΡΜ

91 5239 196 5289 uolumus
244 5223 390 5301 Expendit
403 5222 545 5280 Dominus
558 5220 670 5278 nubem
682 5220 714 5278 in
726 5219 936 5293 protectionem
949 5237 1001 5282 ec·
1078 5220 1162 5279 venit
1179 5219 1313 5293 Amalec,
1327 5237 1465 5296 pugnans
1484 5227 1587 5284 contm
1604 5223 1691 5284 lucei
1707 5241 1716 5284 ε
1731 5229 1833 5286 orante
1853 5229 1928 5278 1¹³¹·

91 5300 163 5368 ΝΜ
208 5302 688 5382 rumeetignem‚utluoereteis
701 5307 894 5378 pernoctem.
1042 5307 1140 5378 licea,
1154 5303 1290 5363 contrivit
1304 5306 1482 5367 cumtosue.
1846 5289 1935 5339 Μ’·
