4020 6026
1711 333 1755 398 ΙΝ

129 435 314 496 memorati
330 437 505 512 tbcotognrn
520 452 627 511 norm,
639 443 803 514 quantum,
816 442 849 501 tn
863 443 921 502 bo·
966 443 1011 500 sta
1029 441 1084 500 bes
1097 439 1230 518 altasque
1250 441 1407 518 opiniones
1423 437 1532 516 pariter
1548 438 1667 512 tolerata
1681 440 1711 498 ct
1723 437 1755 498 in

129 520 212 580 mine
232 522 296 580 aliis
313 523 418 581 stodiis
437 521 565 581 distento
585 523 764 600 addictoque
784 525 921 585 sanctiori
963 526 1171 600 biartyrologio
1193 541 1337 597 romano,
1361 523 1415 583 ubi
1444 521 1594 584 dominica
1617 522 1753 582 nativitas
1791 501 1816 556 ⁸

129 603 309 678 ministerio,
323 608 374 665 vix
386 621 505 682 sperare
518 606 595 666 iicet.
610 611 666 668 Nea
684 610 709 666 si
729 609 796 684 quis
813 626 849 667 ex
864 609 920 668 hu·
964 609 1142 680 enuntiatur,
1163 625 1289 684 sequens
1307 608 1473 666 versionem
1491 622 1615 680 grecam
1636 607 1756 681 Septua-

126 689 260 762 jrrsmodi
277 687 450 750 hominibus
469 691 546 752 bano
564 698 693 769 spartam
714 696 921 754 adornandum
964 695 1045 766 ginta
1061 695 1270 769 interpretum,
1286 696 1356 752 0000
1370 708 1464 750 annos
1480 691 1568 750 inisse
1589 708 1656 750 cum
1669 693 1753 750 Euse-

128 775 307 849 susciperet,
320 775 425 848 tectis,
442 778 486 834 uti
501 776 642 848 arbitror,
656 793 675 835 a
688 777 788 837 multis
807 778 920 837 theolo-
962 776 1014 836 bio
1024 783 1245 837 commemorat.
1256 781 1353 836 Atneo
1363 777 1415 850 qui
1427 775 1615 850 Septuaginta
1625 791 1755 852 sequun-

126 857 183 930 giar
204 860 344 917 studiosis
363 861 582 934 intelligeretur.
601 863 729 920 tandem
749 863 821 920 dum
837 862 921 920 labo·
964 866 1010 918 tur
1028 861 1199 935 interpretes
1212 861 1287 918 inter
1304 873 1335 916 se
1349 859 1543 930 conveniunt,
1558 877 1628 917 narn
1645 877 1692 919 ex.
1706 875 1752 932 gr.

125 941 205 999 riose
213 942 346 1001 refellere
359 946 456 1003 studet
466 943 622 1016 theologus
633 945 811 1018 objectiones
820 961 858 1002 ex
867 945 920 1004 ob·
963 945 1095 1004 Clemens
1105 945 1318 1004 Alexandrinus
1331 944 1416 1018 ponit
1429 945 1499 1002 5000
1511 959 1616 1014 annos,
1625 948 1653 1002 et
1664 947 1693 1004 S.
1704 947 1753 1003 lu·

126 1026 344 1085 certationibus
357 1029 545 1102 petitas,ecce
555 1045 640 1087 novas
653 1045 690 1088 ex
705 1029 769 1088 otiis
782 1029 920 1088 observo·
962 1027 1058 1086 lienus
1071 1029 1228 1103 episcopus
1241 1027 1396 1086 toletanus
1408 1025 1516 1099 (saecul.
1532 1028 1587 1100 litt)
1601 1030 1683 1098 cart.

126 1107 260 1167 tionibus
283 1110 462 1183 objectiones
483 1116 661 1186 exsurgunt,
678 1113 804 1188 quibus,
824 1127 919 1186 quum
997 1112 1189 1170 stamineo
1202 1107 1521 1182 nostrsiortesseopus
1530 1117 1654 1181 nonest,
1670 1112 1753 1172 utad

125 1193 236 1265 ignote
246 1198 357 1266 essent,
366 1196 429 1270 lpse
441 1197 620 1271 respondere
632 1212 694 1255 non
706 1198 818 1272 potuit,
831 1197 919 1256 adeo-
962 1209 1054 1253 novas
1068 1199 1097 1254 et
1109 1196 1233 1254 omnino
1245 1194 1392 1252 inauditos
1403 1191 1538 1252 locorum
1551 1198 1579 1252 ct
1592 1194 1751 1256 verborum

125 1291 184 1352 que
198 1278 251 1336 vix
263 1293 325 1336 non
335 1281 437 1338 oleum
448 1284 476 1339 et
489 1295 612 1356 operam
622 1281 807 1356 perdidisset.
961 1277 1391 1353 explicationesconiugiamusr
1399 1275 1751 1338 animadversionesenim

159 1363 258 1421 tiliam
279 1365 372 1422 modo
393 1363 481 1422 video
499 1365 704 1440 prudentiores
717 1357 752 1424 ‘et
773 1365 918 1424 doctiores
958 1359 1751 1436 ismnotataebinterpretibussufficiuntVenionunc

125 1447 283 1520 theologos
291 1451 319 1504 et
329 1445 479 1521 religionis
490 1447 658 1508 defensores
668 1448 741 1508 inire
750 1449 840 1519 viam,
850 1463 918 1523 ques
961 1443 1300 1520 adprimumextribus
1312 1442 1522 1508 conciliationis
1537 1444 1645 1508 modis.

126 1535 155 1589 et
166 1531 355 1590 commodior·
368 1533 620 1601 est,etamoleste
632 1545 704 1590 cure
716 1534 918 1606 perscrutandi
995 1529 1052 1598 Qui
1064 1529 1145 1590 huno
1157 1533 1339 1604 sequuntur,
1358 1531 1475 1602 ponunt
1489 1527 1594 1600 longas
1612 1529 1751 1602 periodos

126 1620 292 1674 terrestrem
309 1617 468 1686 corticem,
482 1619 512 1673 et
531 1617 701 1691 inquirendi
718 1616 749 1674 in
767 1615 918 1676 tornatio·
960 1612 1127 1686 gsologicas
1142 1618 1212 1688 post
1229 1612 1407 1672 mentionem
1428 1611 1494 1670 coti
1515 1615 1545 1671 et
1564 1615 1664 1685 terrm,
1683 1629 1751 1690 quo

128 1713 199 1758 nem
212 1699 345 1774 lepidum
358 1704 387 1758 et
406 1700 567 1769 montium,
583 1701 616 1758 in
631 1699 743 1759 fossilis
756 1715 917 1773 regnorum
959 1711 1046 1756 versu
1059 1700 1072 1756 t
1087 1697 1243 1767 indicetur.
1257 1702 1285 1756 ei
1298 1701 1365 1756 ante
1375 1695 1567 1769 oriumluois,
1578 1699 1663 1772 quod
1674 1715 1751 1774 opus

130 1786 333 1857 organicorum
341 1825 351 1856 ,
364 1785 396 1842 tn
410 1785 551 1856 conches,
566 1783 597 1842 in
611 1799 679 1842 ossa
695 1783 916 1858 deperditarum
958 1779 1015 1838 init
1027 1781 1130 1855 primae
1141 1781 1209 1840 diei.
1224 1783 1334 1840 Revera
1344 1780 1428 1854 quod
1438 1781 1541 1854 primis
1553 1781 1673 1840 duobus
1686 1800 1750 1842 ver-

130 1869 315 1937 animetium‚
332 1873 362 1925 et
384 1867 416 1924 tn
438 1867 496 1925 alia
515 1881 591 1941 pene
614 1867 856 1940 innumeraque
877 1868 917 1926 ad
959 1861 1053 1934 sibus,
1067 1869 1119 1924 aut
1131 1865 1303 1938 certequod
1315 1864 1599 1938 inprimotegimus,
1612 1867 1753 1940 precedit

129 1952 260 2010 minutias
272 1949 421 2008 naturales
433 1949 596 2023 pertinent,
610 1950 783 2022 tbaotogurn
800 1951 915 2010 liberat.
960 1946 1179 2023 dtesinquibus
1188 1947 1433 2008 audimusdisina
1442 1947 1535 2006 verba
1547 1967 1555 2007 z
1568 1952 1612 2008 Sit
1626 1953 1686 2020 trra,
1696 1955 1749 2011 eto

128 2035 231 2092 ilicum
246 2034 393 2104 bt,nutlo
406 2035 498 2092 modo
511 2031 729 2108 longitudinem
742 2029 916 2109 quomrum·
962 2032 1089 2090 «secuti
1109 2037 1176 2092 onte
1196 2047 1316 2092 omnem
1335 2031 1414 2090 diem
1435 2032 1590 2091 coctumst
1607 2039 1748 2108 terrem„

125 2115 832 2200 qustemporiscontrarianressettostsbistorioe,
846 2134 916 2178 cunr
959 2114 1000 2172 ait
1016 2114 1195 2186 Augustinus
1214 2116 1263 2189 (tl.
1284 2117 1318 2174 Et
1335 2115 1513 2174 Venerabilis
1531 2118 1630 2176 Beda:
1648 2121 1751 2178 «duas

123 2201 172 2262 nte
186 2203 226 2260 de
241 2206 376 2275 ternpore
392 2215 412 2258 a
428 2199 575 2258 creatione
593 2199 659 2258 coeli
676 2204 705 2258 et
723 2205 807 2258 terro
821 2216 915 2276 usque
958 2203 1084 2258 recente
1098 2215 1218 2258 ornnem
1232 2199 1311 2258 diem
1324 2202 1353 2257 et
1369 2202 1436 2258 ante
1450 2215 1538 2258 omne
1551 2203 1668 2275 tempus
1681 2219 1750 2262 oon·

123 2287 163 2348 ad
176 2287 284 2344 Adurni
305 2283 481 2342 creationem
499 2282 574 2343 nihil
591 2285 714 2343 omnino
733 2284 861 2343 definiat.
874 2287 916 2346 lta
959 2279 1034 2340 didit
1046 2284 1132 2353 beas,
1145 2282 1310 2355 arrgeltcsm
1321 2281 1455 2343 videlicet
1467 2287 1632 2344 creaturam
1646 2291 1675 2346 et
1689 2303 1750 2346 ma·

121 2372 183 2442 isti,
199 2371 276 2444 quin
296 2369 419 2428 alterins
437 2367 632 2441 geologorurn
650 2368 758 2443 placita
775 2371 805 2426 et
825 2369 915 2428 ratio·
958 2365 1061 2422 teriam
1077 2364 1328 2440 informamini
1343 2369 1408 2427 tien.
1423 2384 1489 2443 cap.
1504 2385 1525 2426 r.
1545 2372 1645 2429 Petrus
1662 2373 1750 2432 bona-

121 2469 196 2514 num
209 2459 362 2514 rnamenta
375 2453 536 2524 excutiant,
550 2452 656 2525 longas
669 2453 809 2527 temporis
819 2454 915 2528 perio·
957 2448 1070 2509 bardus
1084 2449 1394 2527 dcceastnpriuctpto
1405 2454 1496 2510 neum
1505 2468 1619 2512 creasse
1630 2455 1749 2530 corium,

122 2539 178 2598 dos
190 2553 270 2614 quas
283 2535 327 2596 illl
338 2538 526 2612 expostulant
539 2551 608 2594 cum
625 2551 708 2594 sacro
722 2540 803 2594 textu
817 2539 914 2598 conct-
958 2533 978 2594 i.
989 2549 1016 2594 e.
1026 2533 1163 2607 angelos,
1172 2538 1333 2605 etterram,
1345 2535 1452 2596 scilicet
1461 2537 1750 2600 materiamclemen-

121 2623 206 2681 liant.
217 2622 502 2696 tintusmodiautem
510 2621 915 2698 concibatiotripliciretione
956 2621 1056 2678 torum
1070 2619 1168 2678 adlrno
1186 2617 1342 2678 contusam
1360 2624 1389 2678 et
1402 2617 1578 2693 intormem,
1598 2627 1628 2680 et
1644 2639 1713 2699 quae
1731 2641 1749 2684 a

121 2706 185 2767 bert
202 2711 312 2783 potest.
957 2703 1062 2762 Grecis
1076 2703 1153 2762 dicto
1166 2709 1210 2764 est
1221 2704 1329 2776 chaos,
1348 2709 1378 2764 ct
1394 2705 1452 2763 hoo
1472 2705 1528 2765 init
1547 2711 1614 2765 ante
1629 2724 1749 2768 omnem

154 2793 200 2851 tv.
214 2793 274 2852 Sed
287 2795 445 2866 annonam
455 2792 511 2851 tras
521 2790 733 2852 conciliationis
743 2791 807 2850 urs
817 2795 915 2850 osten·
957 2786 1076 2860 diem,c
1098 2790 1120 2850 lt
1134 2790 1209 2850 seat.
1228 2787 1296 2848 dist.
1309 2803 1360 2850 ιιι.
1375 2790 1562 2864 superfluum
1576 2791 1652 2852 toret
1670 2794 1748 2854 testi-

123 2877 202 2947 dnm,
216 2875 295 2934 illud
309 2877 383 2934 mibi
393 2875 477 2936 licem
486 2876 671 2950 promittere,
683 2875 767 2951 quod
778 2876 803 2932 si
814 2876 854 2936 ad
864 2892 915 2934 ve·
956 2871 1059 2932 monio
1071 2873 1179 2933 addere
1189 2874 1221 2931 in
1234 2874 1371 2932 eamdem
1384 2875 1557 2934 sententiam
1570 2892 1607 2934 es
1620 2878 1666 2936 SS.
1680 2882 1750 2938 Am·

122 2961 236 3019 nuum
257 2975 411 3020 sacrarum
427 2960 590 3018 litterarum
606 2974 676 3018 curn
696 2959 822 3017 naturali
838 2961 914 3020 veri·
955 2954 1067 3027 brosio,
1078 2959 1193 3028 Basilio,
1202 2961 1415 3030 bonaventura,
1424 2959 1618 3034 Thestorem,
1628 2961 1748 3024 alberto

122 3048 178 3104 tsts
188 3043 409 3103 conciliandam
417 3057 533 3102 nemsse
541 3042 717 3102 haberemus
726 3043 841 3119 aliquot
852 3049 913 3104 tex·
955 3041 1062 3114 itagno
1075 3041 1110 3116 (t)
1125 3046 1154 3102 et
1166 3041 1240 3102 aliis.
1255 3043 1383 3102 Statuere
1397 3040 1487 3114 igitur
1496 3059 1673 3118 possumus,
1691 3050 1747 3106 ter·

123 3133 169 3187 tas
185 3134 215 3187 et
233 3129 327 3188 verba
344 3129 430 3191 tiosts
449 3139 526 3187 nore
547 3128 689 3203 quidem,
708 3127 761 3186 sed
779 3144 840 3187 non
860 3129 913 3187 ab·
955 3142 1020 3186 rsrn
1034 3126 1123 3184 tuisse
1136 3131 1203 3184 ante
1221 3125 1348 3200 primam
1366 3125 1460 3197 diem,
1480 3126 1577 3201 qualis
1592 3129 1747 3190 exhibetur

125 3214 210 3272 sorde
228 3213 432 3288 interpretari,
446 3226 515 3272 oum
534 3212 581 3269 hio
601 3227 663 3270 non
679 3216 783 3284 agetur
799 3212 836 3270 de
852 3211 913 3272 tide
955 3225 1032 3271 vers.
1047 3211 1082 3280 2,
1096 3208 1231 3268 videlicet
1243 3213 1305 3268 erat
1317 3209 1427 3277 irrorate,
1441 3214 1468 3266 st
1486 3225 1587 3278 nocuo,
1601 3217 1655 3270 etc.
1671 3215 1747 3274 inter

125 3302 174 3356 snt
189 3298 228 3356 do
244 3296 400 3368 moribus,
414 3297 466 3354 sed
484 3296 521 3355 de
535 3295 743 3367 chronologia,
757 3309 826 3354 cum
839 3297 914 3355 anti·
955 3294 1131 3353 creationem
1148 3297 1176 3350 et
1187 3291 1314 3367 primam
1329 3291 1407 3350 diem
1424 3291 1514 3352 breve
1526 3292 1616 3352 fuisse
1629 3301 1747 3372 tempus

1 3409 2 3448 ι
124 3384 286 3456 qott'atres
299 3379 622 3440 inborumserborum
635 3383 664 3437 et
678 3381 813 3438 iocorum
827 3381 912 3440 inter·
955 3381 1040 3453 putat
1053 3375 1198 3436 Pcrertusr
1221 3380 1250 3436 ot
1268 3375 1388 3436 brevius
1401 3375 1503 3448 viginti
1523 3380 1747 3452 quatuortroris

1 3531 2 3538 ἵ
124 3467 286 3539 pretatione
298 3479 361 3524 non
378 3465 567 3534 convenient,
580 3477 660 3521 nova
676 3464 727 3523 illo
742 3464 912 3538 interpratu-
955 3461 1055 3532 luisse,
1069 3461 1165 3520 dicere
1177 3475 1238 3520 non
1251 3461 1350 3520 audet.
1366 3461 1526 3522 Prudenter
1539 3461 1679 3536 quidem,
1693 3467 1747 3526 scd

1 3541 2 3606 i
91 3584 95 3595 ·
125 3550 166 3608 tio
179 3564 241 3608 non
254 3555 330 3608 esset
342 3549 510 3623 rejicienda.
524 3548 705 3606 Naturalium
718 3547 800 3606 enim
812 3565 912 3608 rerum
954 3543 1310 3621 prudentiust’etaviusdn
1319 3546 1450 3620 tempore
1459 3547 1746 3621 anteprimomdiem

125 3633 253 3706 cognitio
267 3635 298 3692 in
310 3633 374 3693 dies
387 3647 536 3704 crescens,
547 3632 616 3691 tacit
628 3632 790 3706 aliquando
803 3638 835 3691 ut
848 3650 913 3692 serr-
955 3628 1066 3699 scribit,
1082 3627 1188 3701 «quod
1201 3627 1388 3688 intervallum
1402 3633 1546 3703 quantum
1564 3629 1652 3689 tuerit
1664 3633 1745 3692 nutis

44 3782 49 3792 ,
125 3713 403 3792 mmcjuornmdam
411 3715 713 3789 locorumeprotnnis
720 3717 912 3790 scriptoribus
955 3711 1200 3786 divinatiopotest
1209 3712 1361 3785 assequi»
1374 3715 1413 3771 tie
1430 3712 1745 3789 circumcursat,

124 3801 229 3861 nebus
247 3815 464 3876 assequamur:
482 3815 553 3872 ergo
571 3799 779 3873 multomagis
798 3800 912 3875 aliquid
954 3812 1020 3872 cap.
1035 3797 1078 3865 18,
1096 3796 1153 3870 56.
1168 3795 1356 3854 lnbrsattum
1368 3795 1444 3855 illud
1457 3795 1543 3856 valde
1557 3797 1681 3868 longum
1692 3815 1747 3873 pu-

125 3885 198 3944 locis
214 3886 309 3944 serbo
326 3886 389 3958 ner,
405 3885 527 3960 qnando
546 3886 604 3944 boa
624 3886 661 3942 de
678 3885 818 3943 creaturis
836 3885 911 3959 agit,
954 3882 1026 3942 tavit
1041 3879 1208 3942 Gennadius
1225 3879 1408 3938 ltassiliensis
1427 3880 1494 3952 (seu
1510 3885 1613 3940 auctor
1624 3881 1693 3942 libri
1706 3887 1747 3944 De

126 3975 220 4043 potest
240 3971 293 4028 ille
312 3969 449 4043 adjicere.
468 3970 547 4040 Diri,
562 3971 648 4027 mutto
667 3971 756 4039 magis
772 3969 868 4042 aquia
886 3968 912 4027 st
954 3969 1054 4028 Erotes.
1068 3965 1246 4038 dogmata'bus)
1261 3963 1336 4022 intro
1349 3963 1494 4025 citandus.

114 4053 201 4112 -dicto
223 4051 421 4127 profanorum
444 4054 653 4126 antiquorum,
678 4051 789 4126 quibus
814 4052 912 4110 minus
989 4051 1106 4122 Legitur
1124 4049 1246 4124 quidem
1264 4047 1296 4106 in
1314 4049 1407 4107 Raecio
1425 4067 1435 4106 r
1455 4049 1534 4108 «Sex
1554 4049 1660 4110 diebus
1677 4052 1745 4114 iecit

124 4141 194 4195 nota
212 4141 417 4208 scatentem,
436 4135 587 4194 recentiori
609 4135 772 4208 aliquando
793 4134 912 4195 scientia
954 4134 1377 4204 Dominuseoetometterrem,
1388 4135 1518 4203 otmaro,
1529 4136 1742 4212 etonruiequn

125 4220 255 4293 indigent
267 4225 302 4278 ut
314 4219 524 4292 intelligantur,
539 4218 757 4293 quantomagis
771 4217 863 4276 verba
876 4219 911 4278 il·
953 4219 985 4278 ln
999 4219 1040 4276 eis
1053 4220 1157 4288 sunt»
1173 4229 1239 4291 cap.
1250 4230 1300 4286 xx,
1312 4230 1388 4274 vers.
1399 4217 1445 4287 tt,
1458 4220 1488 4276 et
1500 4231 1742 4292 capacitatem.

1 4373 2 4388 χ
125 4298 247 4378 liusqui
260 4304 484 4364 inimmensum
498 4301 908 4362 vincltscieutinmncstraml
953 4305 999 4360 t't.
1022 4304 1128 4360 verum
1140 4299 1189 4359 lrto
1202 4311 1299 4357 sermo
1313 4301 1356 4358 est
1369 4299 1407 4358 de
1420 4315 1473 4360 sex
1485 4300 1600 4360 dierum
1614 4304 1742 4379 opiticio,

1 4405 2 4408 ¹
123 4387 248 4448 Ecclesia
268 4401 389 4462 semper
410 4387 442 4444 tn
461 4385 673 4460 questionibus
695 4385 911 4458 chronologicis
953 4382 1744 4460 nondeprimacreatione‚sutdetemporeinterhenc

123 4469 287 4530 libertatem
299 4469 643 4544 concessttopinionum3
656 4467 723 4526 ticet
735 4469 910 4541 questiones
953 4475 983 4528 et
993 4468 1069 4526 iliud
1082 4465 1265 4541 interposito.
1278 4469 1388 4528 Locum
1400 4468 1487 4527 illurn
1495 4469 1679 4546 interpretari
1686 4475 1743 4532 boc

124 4555 160 4614 de
176 4555 299 4613 bomine
313 4555 392 4616 etde
405 4553 521 4612 Domini
534 4553 625 4610 nostri
638 4555 706 4612 iesu
719 4552 823 4610 Christi
842 4568 910 4626 pro·
954 4553 1047 4612 modo
1058 4565 1217 4625 possumus
1232 4569 1240 4608 ι
1257 4553 1337 4610 «Sex
1349 4551 1455 4610 diebus
1466 4555 1608 4612 Dominus
1618 4556 1685 4617 tecit
1698 4559 1744 4633 (ex

123 4639 325 4712 genitoribus,
346 4637 467 4711 majoris
487 4637 618 4710 proiecto
638 4637 780 4695 momenti
799 4643 909 4709 essent,
953 4634 1075 4694 materia
1088 4638 1174 4693 anteo
1186 4633 1226 4692 ab
1241 4635 1307 4708 ipso
1318 4635 1443 4710 create),
1460 4638 1507 4696 vol
1521 4642 1741 4713 «compleuit»

124 4739 215 4798 quern
226 4723 286 4781 illm
299 4735 368 4798 quae
382 4722 419 4781 de
429 4721 621 4792 chronologia
630 4720 799 4794 plantarum
810 4726 839 4778 ot
849 4721 909 4780 bei·
954 4715 1156 4795 autcperiecit
1166 4716 1273 4776 coelurn
1284 4721 1312 4776 et
1323 4723 1463 4791 terrama
1473 4725 1527 4780 etc.
1541 4721 1588 4780 itis
1599 4724 1677 4781 enirn
1687 4741 1745 4784 res·

124 4807 242 4865 lucrum
257 4811 448 4881 occupantur.
467 4805 571 4880 Accipe
588 4805 650 4875 ejus
670 4803 712 4861 rei
729 4804 908 4877 exemptum.
953 4803 1067 4876 pandet
1078 4800 1215 4860 hebraice
1228 4809 1297 4892 tratti
1312 4801 1395 4876 quod
1412 4801 1537 4862 verbum
1553 4803 1651 4864 ideam
1664 4823 1744 4868 crea·

1 4965 2 4972 ¹
125 4893 209 4950 toste
226 4893 371 4950 G0ss⁰⁵0⁰⁸
385 4893 498 4948 mlum
515 4887 701 4972 hebilissuffir
715 4887 910 4961 ⁰²V¹¹¹ti³¹flffl
954 4899 1043 4958 tionis
1054 4915 1091 4958 ex
1103 4897 1213 4969 nihilo,
1226 4913 1288 4956 non
1305 4898 1445 4971 includit,
1459 4917 1512 4960 nec
1525 4908 1602 4962 votat
1616 4906 1743 4980 credere,

125 4989 184 5048 (1¹1⁸
195 4975 288 5033 Utitur
300 4977 433 5032 fimana
443 4972 579 5044 Eoelffilsss
591 4971 629 5029 ab
642 4972 754 5031 Mimo
767 4971 808 5030 ad
820 4986 910 5030 ittam
954 4984 1131 5041 creationem
1145 4982 1240 5053 trano,
1254 4989 1385 5057 tempore
1402 4985 1503 5060 atiquo
1517 4988 1621 5060 quoad
1633 5003 1688 5045 nos
1701 4990 1744 5048 in·

1 5075 2 5100 ¹
126 5071 218 5132 “iuti
240 5057 445 5129 chflssflfflssms
458 5056 656 5131 (iuldlsstiima
674 5054 785 5114 θῑῐῡῑῑθΐ
802 5054 910 5112 Soessulss
955 5067 1164 5137 determinato,
1184 5081 1235 5124 sex
1252 5067 1319 5123 illos
1341 5067 1404 5124 dies
1421 5070 1612 5143 praecessisse.
1628 5072 1744 5132 Patroni

127 5143 317 5201 mercedum.
331 5141 438 5200 neutra
456 5139 620 5200 Alexander
636 5139 721 5214 ponit
732 5141 803 5198 0000
816 5153 910 5235 annos
954 5149 1120 5224 sententiar,
1134 5150 1172 5209 do
1188 5165 1250 5228 qua
1267 5147 1393 5226 loquor,
1412 5155 1531 5226 putant,
1551 5149 1609 5212 boc
1626 5155 1744 5234 tempos

127 5231 272 5298 accuratas
298 5224 489 5285 bellarminus
509 5228 538 5281 et
556 5223 795 5296 Petavius30813
816 5224 911 5282 ertus

129 5310 257 5369 Senensis
278 5313 307 5366 et
328 5307 526 5381 0100000050
547 5307 654 5383 Lepide
674 5308 763 5380 39533
785 5306 912 5382 Scaliger
985 5319 1023 5389 (ι)
1039 5319 1193 5384 conpater.

130 5393 464 5472 crassimembre
475 5392 508 5456 in
520 5391 712 5466 auocare.
726 5393 911 5460 assciscere·
986 5399 1021 5468 (s)
1037 5401 1143 5462 &esc
1157 5399 1273 5468 peren,
1285 5351 1524 5466 massmannus
1534 5402 1606 5460 xcv.
