4134 6056
246 339 305 404 {⁰8
752 339 997 403 committit
1013 339 1048 402 ln
1065 339 1226 416 sumu,
1244 355 1307 404 cur.
1326 341 1372 404 lii.

248 447 291 506 lta
303 447 419 509 ilolina.
429 446 566 508 samaiae
577 449 623 508 eat
633 464 641 507 t
653 449 698 508 nd
710 447 809 508 virum
821 459 946 534 inpluit
955 456 1041 509 tescu-
1118 450 1171 508 Ubi
1187 454 1258 509 nota
1279 457 1396 524 ριιιιιοι
1415 447 1536 511 liehraea
1551 449 1613 524 ium
1626 449 1737 510 habent
1754 461 1874 534 initiis

248 531 355 599 total,
372 531 406 590 id
422 534 466 590 est
484 531 722 606 concupiscentia
735 533 773 606 (l)
789 535 974 605 ,discursua,
992 532 1040 592 vel
1083 537 1258 604 bacicreetrc,
1271 537 1303 594 id
1316 539 1360 594 est
1375 543 1486 610 propter
1500 544 1542 605 te,
1556 538 1600 596 nti
1615 539 1700 595 vertit
1717 538 1873 596 Chaldaeus

249 629 384 674 ιειιιιειιε
389 633 400 686 3
414 618 482 685 eut,
494 619 528 674 nt
539 615 728 689 Septuaginta
741 619 770 672 et
782 617 954 687 Chaldaeus,
968 630 1040 673 con·
1083 623 1112 678 et
1128 621 1244 694 Aquila.
1260 623 1361 678 Noster
1377 637 1531 679 varocum
1542 622 1732 696 Septuaginta
1746 623 1797 694 (ex
1810 624 1876 698 qui·

249 697 346 758 versio
362 701 415 756 tna
431 696 500 769 erit,
516 715 545 770 q.
563 699 592 757 d.
614 698 766 774 Quidquid
778 699 974 768 desiderabis,
988 714 1040 757 ne·
1083 701 1141 760 bus
1153 708 1232 777 patet
1245 705 1322 761 hanc
1338 704 1495 762 lectionem
1506 719 1570 762 esse
1585 704 1733 778 priscam,
1747 705 1876 780 indeque

250 796 329 842 cesse
339 783 393 841 erit
405 783 445 842 ad
457 783 556 841 virum
566 799 715 857 recurres,
727 787 761 842 ut
773 784 848 842 illud
862 785 1001 859 impetres
1012 786 1041 842 et
1084 788 1238 862 veriorem)
1252 789 1324 861 legit
1336 797 1456 870 *inim
1470 789 1645 855 taabodectrn,
1657 787 1688 844 id
1700 791 1785 848 estin
1798 807 1876 860 opere

248 865 394 942 perficias.
408 866 535 925 Proinde
551 867 577 923 si
591 866 690 940 sapis,
702 867 781 926 oculi
798 868 842 926 tui
860 882 977 941 semper
989 881 1039 940 cs,
1087 871 1142 930 tuo.
1156 874 1267 931 Litterae
1279 872 1358 932 enim
1373 889 1417 931 res
1429 878 1459 930 ct
1470 874 1563 930 datast
1575 875 1646 929 sunt
1658 870 1875 944 valdesimiles,

249 949 372 1021 oculos,
390 952 496 1008 nutum
513 952 543 1008 at
558 951 789 1024 propensionem
802 952 858 1010 viri
869 951 1039 1024 observent,
1087 958 1120 1014 nt
1131 955 1170 1014 ab
1184 972 1245 1014 uun
1257 957 1289 1015 in
1303 958 1393 1016 aliam
1406 957 1498 1016 facilis
1511 957 1549 1016 sit
1560 957 1672 1031 lapsus.

249 1037 283 1090 ut
295 1032 338 1091 illi
347 1032 481 1107 placeas,
494 1047 609 1093 morem
621 1048 717 1106 geras,
731 1050 860 1109 eumque
871 1035 925 1093 tibi
939 1035 1041 1093 devin—
1118 1041 1310 1114 tropologice
1333 1043 1362 1100 S.
1380 1041 1516 1110 Basilius,
1536 1041 1640 1099 homil.
1659 1043 1699 1098 lte
1717 1042 1875 1099 saradim:

248 1116 308 1176 cias
320 1117 367 1191 (si.
381 1117 409 1176 Si
422 1116 518 1191 sapis,
531 1117 685 1178 nonaliud
696 1123 836 1194 appetas,
850 1133 943 1194 quam
956 1119 1042 1193 qnod
1087 1125 1199 1195 «nosa,
1217 1124 1325 1199 inquit,
1343 1121 1392 1183 hio
1407 1125 1501 1200 spinis
1517 1127 1561 1182 est
1580 1125 1752 1196 coniuncta,
1761 1127 1876 1182 tantum

249 1201 355 1260 marito
375 1199 554 1276 placiturum
578 1201 653 1260 scies
659 1220 669 1274 3
693 1202 720 1262 si
740 1217 846 1278 pacem
864 1208 893 1262 et
910 1203 1040 1277 quietem
1084 1223 1146 1265 non
1157 1214 1259 1282 aperta
1271 1225 1327 1268 nos
1339 1224 1413 1268 voce
1427 1212 1608 1279 contestans,
1625 1213 1654 1266 et
1667 1208 1767 1266 dicens
1782 1227 1790 1266 ι
1806 1211 1876 1278 Quae

249 1299 346 1356 amas,
361 1299 430 1343 cum
442 1285 549 1344 marito
562 1287 671 1346 sentias
682 1291 711 1346 at
721 1288 886 1347 consentias
893 1307 902 1360 ;
918 1302 988 1346 cave
1002 1302 1041 1344 ne
1080 1289 1214 1362 jucunda
1236 1294 1322 1352 vebis
1344 1297 1427 1364 sunt,
1447 1309 1467 1350 o
1487 1292 1639 1362 homines,
1658 1291 1789 1350 tristibus
1811 1307 1876 1366 pcr-

248 1371 352 1428 eontra
359 1369 511 1428 stimulum
521 1369 663 1428 calcitres.
676 1371 765 1430 Addit
776 1374 941 1447 liupertus:
957 1369 1040 1430 «Sub
1084 1375 1176 1433 mixta
1195 1380 1273 1434 sunt.
1295 1379 1367 1436 Nam
1381 1391 1449 1434 vera
1465 1377 1497 1433 in
1513 1375 1652 1434 humanis
1665 1376 1704 1433 ita
1718 1391 1875 1451 compara·
1904 1418 1906 1422 -

248 1453 303 1512 viri
316 1457 459 1528 potestate
471 1454 564 1514 eris.»
577 1455 670 1524 ltdco,
681 1454 788 1528 inquit,
802 1457 860 1512 boc
870 1469 974 1512 verum
986 1457 1040 1524 est,
1083 1462 1148 1516 tum
1159 1462 1213 1531 cst,
1226 1464 1260 1517 ut
1272 1459 1389 1517 nullum
1402 1475 1506 1517 aarum
1522 1459 1669 1517 sincerum
1678 1459 1726 1530 sit,
1740 1459 1794 1520 sed
1807 1476 1877 1519 oon-

248 1540 454 1598 utsecundum
469 1538 548 1611 leges
562 1541 725 1609 Romanoa,
740 1539 866 1598 Gentiles
878 1539 964 1611 licet,
978 1553 1040 1596 non
1083 1541 1180 1601 testim
1198 1544 1305 1603 latitiae
1323 1549 1352 1602 et
1372 1543 1511 1602 hilaritati
1531 1543 1749 1615 conglutinetur
1768 1545 1876 1602 measti·

247 1619 361 1681 licuerit
371 1623 460 1681 uxori
472 1621 826 1694 conderetestamentum‚
835 1623 898 1680 sine
909 1621 964 1680 viri
973 1637 1042 1680 auc-
1083 1627 1134 1698 tio,
1144 1629 1209 1700 conj
1215 1628 1284 1700 ugio
1297 1627 1436 1696 viduitas,
1450 1641 1613 1700 puerorum
1627 1626 1794 1686 educationi
1805 1641 1877 1685 cura

247 1705 379 1779 toritate3
392 1705 503 1782 etmria
515 1704 573 1764 sub
585 1705 641 1764 viri
654 1709 717 1766 erat
728 1721 831 1777 manu,
846 1705 941 1779 eapite
954 1705 1041 1763 dimi·
1084 1715 1113 1771 et
1130 1711 1313 1782 sollicitudo,
1333 1709 1516 1769 toecunditati
1533 1709 1674 1781 aborsus,
1694 1709 1761 1766 vite
1779 1712 1877 1784 splen-

247 1793 321 1849 nutn
331 1789 492 1850 dicebatur.
1084 1795 1150 1853 dori
1164 1794 1329 1867 ignominia
1336 1835 1346 1866 ,
1356 1794 1506 1868 prosperis
1519 1793 1702 1851 successibus
1711 1794 1877 1868 dispendia,

282 1875 323 1932 nr
335 1887 395 1932 usn
407 1887 601 1934 ιοιιιιιιιιιι
613 1873 898 1934 rur-nominatus
912 1872 961 1932 nic
973 1872 1040 1942 viri,
1084 1879 1197 1937 deliciis
1210 1879 1347 1950 sanem,
1364 1877 1482 1936 sarran
1496 1876 1661 1936 infirmitas.
1675 1877 1794 1935 norim
1811 1878 1876 1953 qui-

247 1957 380 2031 sijustus
392 1962 421 2018 et
433 1959 619 2030 moderatus,
629 1957 704 2028 legis
716 1961 760 2015 est
770 1959 897 2028 naturae3
909 1956 934 2014 si
947 1955 1040 2030 impe·
1085 1963 1209 2022 demost
1222 1977 1305 2034 rosa,
1319 1963 1373 2021 sed
1387 1963 1460 2021 mitri
1473 1961 1618 2019 tristitiam
1631 1960 1745 2034 infligit.
1757 1962 1876 2031 Quoties

246 2042 344 2102 riosus
365 2046 394 2101 θΐ
412 2043 601 2117 tyrannim&
621 2044 728 2116 Prffllel'
746 2045 885 2100 naturam
905 2043 963 2112 esti
987 2039 1040 2099 sed
1084 2047 1189 2108 florem
1203 2047 1281 2106 hunc
1293 2045 1393 2117 video,
1406 2044 1516 2120 peccati
1529 2045 1587 2102 mei
1601 2044 1775 2116 admoneor,
1786 2061 1878 2122 prop·
1942 2077 1945 2081 ·

247 2129 372 2202 uterque
388 2125 506 2185 teminoe
523 2125 725 2200 molestus,et
743 2124 959 2200 poenapeccati
978 2128 1038 2196 ast;
1084 2134 1128 2190 mi·
1148 2131 1234 2206 quod
1254 2134 1331 2191 terra
1353 2134 1388 2188 ut
1407 2129 1508 2203 spinas
1524 2144 1560 2187 ac
1572 2127 1699 2186 tribulos
1717 2124 1876 2204 proterret,

247 2229 318 2286 argo
329 2215 433 2272 contra
443 2215 581 2272 naturam
591 2216 651 2277 est,
664 2216 694 2270 et
704 2212 796 2270 instar
807 2210 946 2281 monstri,
961 2209 986 2267 si
999 2207 1041 2268 fe·
1084 2216 1281 2275 condemnata
1294 2218 1375 2272 est.»

247 2296 403 2358 minaviro
414 2296 562 2358 dominari
572 2295 651 2355 velit.
1118 2301 1148 2359 ln
1161 2314 1316 2360 moninus
1329 2310 1456 2357 ocurras
1468 2311 1504 2354 ιι
1515 2311 1561 2356 ιι.
1575 2327 1612 2342 ·-
1624 2298 1779 2357 liebroeum
1788 2307 1878 2380 pinsit

129 2411 190 2459 vm,
201 2413 235 2457 ¹7,
283 2384 329 2440 l'l.
348 2384 565 2454 Qnrrannrsrt,
579 2379 700 2455 -quic
716 2377 875 2440 obedivisti
888 2377 974 2436 uxori
987 2392 1041 2452 po·
1082 2382 1500 2457 ittacbonsignilicatlaborem
1509 2381 1636 2440 mixtum
1645 2383 1761 2456 magnis
1771 2384 1879 2442 moles-

248 2467 307 2527 tius
320 2482 412 2542 qnam
421 2465 505 2525 mihi.
1083 2467 1142 2539 tiis,
1148 2468 1288 2528 arumnis
1295 2470 1325 2528 et
1336 2464 1503 2536 doloribus,
1515 2465 1612 2540 qualis
1625 2469 1669 2524 est
1680 2465 1877 2539 aguculmrae,

168 2579 237 2626 pm.
284 2553 448 2611 Μιιιιιιιι
469 2563 561 2610 mana
581 2565 613 2609 ιιι
633 2553 723 2610 orna
745 2560 812 2607 roo.
825 2577 861 2592 -
878 2549 952 2608 Nota
972 2560 1041 2605 cum
1083 2553 1168 2626 isque
1181 2551 1295 2624 varius,
1308 2550 1465 2625 multiplex
1478 2553 1506 2607 et
1520 2548 1695 2621 continuus,
1708 2553 1878 2623 quotamen

128 2641 182 2689 Μ’
214 2637 408 2711 errocopro,
427 2635 585 2705 abulensi,
605 2633 740 2707 vareno,
759 2636 868 2692 terram
885 2632 1041 2690 hireneo
1084 2637 1167 2697 omni
1186 2637 1237 2696 vix
1249 2636 1349 2696 eunuc
1361 2636 1474 2693 vrorum
1490 2634 1548 2692 sim
1560 2637 1589 2692 a
1602 2633 1664 2692 aas
1677 2636 1876 2709 pestremo.

128 2704 199 2749 Μ’·
249 2721 387 2782 maledici
409 2736 472 2780 non
492 2719 648 2790 absolute,
670 2717 724 2777 sed
747 2717 809 2776 ain
828 2731 918 2791 opere
937 2718 1039 2786 tucn
1119 2721 1204 2780 Notat
1215 2720 1345 2780 Isidorus
1358 2719 1482 2790 Clarius,
1491 2732 1622 2791 congrue
1633 2718 1740 2792 cuique
1750 2733 1820 2777 suas
1830 2719 1878 2778 bic

247 2803 555 2884 quiesciliocttibi,o
572 2803 681 2874 ndam,
696 2815 763 2860 eam
782 2798 930 2859 laboranti
952 2801 981 2856 ct
993 2813 1042 2858 su·
1083 2819 1187 2880 poenas
1200 2821 1219 2864 a
1232 2808 1292 2863 lleo
1306 2803 1400 2878 infligi
1415 2820 1422 2860 ι
1440 2801 1581 2862 nimirum
1601 2816 1721 2876 sarpam
1738 2818 1879 2876 arrogan-

248 2891 330 2950 danti
342 2905 456 2967 paucos
470 2887 554 2948 dabit
566 2885 697 2957 tructus,
709 2885 771 2944 imo
784 2897 861 2960 sape
874 2881 1001 2941 tribulos
1013 2885 1043 2939 et
1082 2893 1127 2947 aer
1140 2904 1172 2946 se
1186 2889 1329 2960 erexeram
1344 2887 1412 2946 ideo
1422 2885 1543 2961 iubetur
1556 2899 1658 2962 repere
1671 2885 1703 2944 in
1716 2888 1804 2946 terra.
1816 2889 1877 2946 tlu-

248 2976 364 3050 spinas,
375 2979 409 3033 ut
421 2974 563 3050 sequitur.
1083 2971 1139 3032 lier
1157 2972 1278 3031 delicias
1294 2971 1379 3046 pomi
1395 2973 1542 3044 gustarat3
1557 2969 1626 3027 ideo
1643 2984 1747 3042 parere
1758 2968 1879 3042 iubetur

282 3060 421 3128 Secunda,
434 3060 501 3118 lieet
519 3061 586 3116 ante
604 3053 759 3131 peccatum
774 3056 853 3113 terra
870 3051 1042 3112 naturaliter
1082 3057 1115 3114 in
1129 3055 1295 3116 doloribus.
1304 3054 1399 3113 Adam
1411 3054 1516 3128 ignave
1530 3057 1655 3112 cesserat
1667 3053 1798 3126 mulieri;
1809 3055 1878 3113 ideo

247 3140 648 3222 spinasquoqueettribnlos
662 3138 854 3212 germinasset
866 3137 961 3212 (quod
974 3136 1041 3196 licet
1082 3139 1115 3200 in
1128 3139 1283 3200 laboribus
1293 3139 1416 3213 jubetur
1434 3138 1547 3196 victum
1561 3136 1619 3196 sibi
1632 3151 1748 3211 parare.
1764 3139 1823 3196 ilco
1835 3143 1880 3196 est

246 3233 355 3302 negent
367 3228 455 3300 Beda,
469 3229 616 3300 liupertus
629 3227 659 3282 ot
675 3222 743 3294 alii,
754 3221 854 3280 verius
867 3224 967 3280 tamen
977 3235 1041 3279 essa
1084 3242 1156 3301 ergo
1168 3227 1297 3299 «jugum
1311 3238 1400 3298 grave
1413 3238 1503 3297 super
1514 3220 1592 3280 tilios
1605 3222 1710 3293 Adam,
1724 3237 1743 3280 a
1756 3221 1804 3280 die
1816 3222 1879 3280 exi-

248 3312 363 3372 ostcndi
377 3325 487 3386 capr,
500 3324 578 3367 vers.
591 3308 639 3381 ts)
652 3303 1042 3379 :illudtamenipsumiam
1083 3314 1132 3369 tus
1146 3312 1184 3369 de
1197 3315 1297 3368 ventre
1319 3306 1421 3366 matris
1441 3320 1561 3376 eorum,
1582 3321 1678 3379 usqne
1693 3305 1725 3362 in
1738 3305 1818 3364 diem
1835 3321 1879 3365 se·

247 3395 358 3458 lactum
369 3400 412 3454 cst
419 3409 509 3468 pmua
516 3391 647 3451 hominis
659 3390 807 3465 peccantis
812 3408 821 3461 ;
830 3389 902 3462 quia
913 3388 938 3446 si
948 3388 1042 3445 Adam
1083 3394 1211 3468 pultum
1230 3393 1262 3450 in
1274 3395 1400 3450 matram
1414 3389 1591 3456 omnium»
1607 3391 1691 3448 sicali.
1705 3403 1760 3460 xc,
1773 3393 1802 3448 i.
1816 3389 1878 3448 sim

247 3495 309 3540 non
328 3482 491 3552 peccasset,
514 3490 552 3534 ex
569 3473 701 3550 paradisi
722 3474 768 3546 (in
787 3487 849 3546 quo
868 3469 1043 3532 monitans
1083 3478 1142 3536 1100
1153 3479 1227 3550 jugo
1241 3475 1389 3548 gemimus
1400 3488 1515 3531 omncs.
1586 3543 1587 3547 Ἰ

246 3567 315 3630 loco
336 3563 439 3621 omnia
458 3559 601 3632 juvissent
621 3561 652 3614 et
669 3562 850 3614 recreassent
872 3555 1041 3627 hominem,
1120 3562 1162 3618 Ex
1181 3576 1227 3618 ru.
1248 3589 1285 3604 -·
1306 3557 1444 3617 Hebraico
1466 3559 1605 3644 opmedes
1627 3575 1701 3627 eom,
1724 3562 1798 3634 puta
1816 3559 1880 3633 eius

247 3664 302 3712 nec
315 3644 482 3720 quidquam
496 3641 598 3700 luisset
609 3640 694 3713 qnod
704 3655 774 3696 eum
787 3637 916 3709 lederet,
930 3655 964 3698 ac
973 3655 1044 3696 con·
1085 3645 1220 3718 germina
1233 3648 1261 3701 et
1274 3643 1397 3701 fructus.

248 3732 405 3806 sequenter
426 3726 457 3782 in
477 3739 513 3784 ao
530 3739 594 3781 non
621 3721 744 3780 tuissent
762 3722 868 3795 spinae)
896 3721 1043 3779 tractibus
1120 3728 1165 3782 ts.
1181 3727 1219 3781 Er
1232 3737 1358 3782 causans
1370 3736 1484 3781 ιιιειιι
1498 3735 1608 3795 ranan,
1620 3754 1656 3767 -
1668 3741 1695 3796 q.
1710 3724 1740 3782 d.
1753 3725 1818 3784 Non
1829 3726 1881 3787 de·
1892 3733 1952 3778 vera
1963 3733 1998 3782 tt.

249 3814 312 3872 eina
322 3811 386 3870 ullo
399 3808 503 3866 labore
516 3807 636 3863 vixisset
641 3824 649 3877 ;
667 3806 730 3878 jam
742 3810 842 3863 autom
857 3803 998 3863 laborans
1010 3807 1044 3864 ut
1085 3807 1166 3868 boias
1177 3813 1206 3866 et
1216 3808 1328 3866 tructus
1340 3807 1491 3881 paradisi,
1505 3822 1568 3866 non
1581 3807 1669 3865 etlam
1681 3808 1880 3882 perdices‚le·

248 3896 361 3954 victum
374 3891 431 3948 sibi
443 3893 539 3963 paret,
553 3888 654 3962 spinas
671 3903 749 3962 sape
763 3892 792 3946 et
805 3887 932 3948 carduos
950 3889 1043 3960 metit,
1085 3909 1191 3970 peres,
1208 3907 1310 3951 carnes
1331 3907 1412 3951 assas
1433 3894 1462 3950 et
1479 3891 1588 3963 elixas,
1607 3893 1659 3948 sed
1682 3891 1830 3965 simplices
1851 3900 1881 3953 et

250 3977 434 4054 quibusnon
445 3973 586 4047 pascitur,
598 3973 652 4033 sed
665 3971 793 4032 laeditur.
1085 3979 1158 4037 viles
1179 3977 1288 4036 herbas
1307 3981 1392 4034 terrae
1411 3975 1565 4048 comedes,
1584 3978 1649 4034 tum
1662 3978 1879 4050 temperantiae,

285 4060 368 4120 udde
385 4060 481 4124 tertio,
501 4073 554 4131 ρει
567 4061 722 4132 peccatum
737 4058 795 4114 hoc
814 4057 884 4115 Adm
901 4055 1045 4131 primaeva
1086 4060 1337 4135 tumpoenitentiae
1347 4060 1447 4120 causa}
1458 4058 1572 4117 Hebraei
1585 4059 1664 4117 enim
1677 4060 1785 4119 herbas
1797 4065 1880 4120 terrae

250 4151 334 4208 terrae
349 4141 467 4200 bonitas
485 4142 513 4199 et
532 4140 664 4200 fertilitas
683 4141 826 4217 impedita
843 4144 872 4199 et
889 4140 1046 4198 irnminnta
1086 4145 1134 4203 vel
1147 4145 1209 4218 agri
1227 4147 1332 4204 vocant
1348 4143 1485 4215 vulgares
1500 4147 1529 4200 ct
1541 4142 1615 4200 viles
1629 4143 1755 4216 herbas,
1767 4145 1878 4219 quibus

251 4229 378 4297 videtur,
391 4225 519 4300 ideoque
538 4226 715 4296 crebriores,
728 4230 757 4286 et
771 4224 909 4300 pluribus
926 4227 958 4282 in
971 4224 1045 4282 locis
1087 4231 1176 4290 hrum
1191 4245 1277 4305 mque
1296 4245 1331 4289 aa
1354 4228 1448 4287 homo
1469 4233 1639 4288 vescuntur.
1663 4231 1808 4288 Nimirum
1827 4246 1881 4306 per

249 4317 313 4388 jam
326 4310 470 4384 germinat
484 4309 612 4368 tribulos
624 4317 652 4369 et
663 4312 778 4384 spinaS,
791 4325 883 4384 quam
897 4312 964 4367 ante
978 4322 1046 4381 pcc·
1086 4319 1240 4389 peccatum
1254 4314 1346 4373 homo
1364 4311 1458 4371 factus
1472 4316 1534 4370 erat
1551 4313 1638 4386 quasi
1656 4329 1752 4388 equus
1768 4317 1798 4372 et
1816 4331 1882 4373 nurd

251 4401 350 4457 catum
362 4394 562 4467 germinnbnt3
572 4396 629 4453 hoc
639 4395 719 4454 enim
729 4395 839 4453 lactum
848 4392 971 4452 estCain
979 4406 1046 4465 pao·
1088 4398 1136 4455 lus
1150 4416 1158 4453 ι
1173 4412 1244 4469 ergo
1258 4397 1364 4455 eodem
1378 4411 1446 4454 cum
1465 4395 1500 4454 iis
1519 4395 1588 4454 cibo
1606 4401 1742 4454 vescatur
1755 4401 1880 4472 oportet.

253 4481 341 4551 canti,
357 4479 448 4538 denes.
463 4495 503 4550 ιι,
513 4482 558 4538 ts.
574 4480 619 4538 Sic
632 4495 754 4556 quoquc
768 4477 965 4548 israelitis,ob
979 4491 1046 4549 pec·
1123 4481 1330 4557 tropologiam
1343 4479 1411 4538 vide
1425 4479 1508 4555 apud
1520 4480 1704 4553 Cassianum,
1717 4481 1815 4540 Callet.
1827 4480 1880 4539 lib.

253 4565 422 4635 cataneus
441 4579 518 4638 saepo
537 4578 592 4637 per
612 4564 771 4637 Prophetas
793 4561 922 4619 minatur
938 4560 1046 4618 coelnm
1090 4569 1184 4638 xxiii,
1199 4581 1264 4640 cap.
1279 4581 1319 4623 xi.

254 4653 406 4708 aeneumet
416 4652 525 4706 terram
535 4648 670 4706 terream.
689 4647 734 4704 sic
744 4644 869 4703 ethodie
880 4658 958 4715 saepe
971 4645 1046 4700 Deus
1125 4653 1170 4710 ts.
1185 4653 1260 4720 Qurr
1276 4663 1373 4708 rurus
1387 4663 1431 4720 rs,
1447 4662 1482 4706 ιι
1495 4664 1525 4707 ιιι
1540 4664 1687 4708 ιιιιιιιιι
1700 4665 1881 4708 remorans.
1894 4665 1955 4711 vera
1967 4665 2003 4712 u.

253 4733 344 4792 nrbes
361 4736 390 4789 et
402 4747 494 4804 regna
507 4730 547 4789 ob
559 4733 680 4804 peccata
697 4727 846 4786 sterilitate
856 4726 954 4800 punit.
965 4725 1047 4784 Unde
1088 4734 1324 4811 -septuaginta,
1338 4738 1405 4808 quic
1419 4739 1552 4801 terreas,
1566 4741 1594 4792 et
1606 4739 1637 4792 in
1651 4741 1752 4794 terram
1770 4735 1882 4794 redibis.

254 4810 923 4889 chaldeusetAquilavenuntmaledierctara
935 4815 1048 4882 propter
1089 4821 1183 4879 nomo
1205 4834 1277 4892 eigo
1298 4822 1366 4893 post
1385 4821 1540 4892 peecatum
1561 4817 1773 4878 immedicabili
1798 4821 1884 4894 quasi

255 4896 695 4969 teieti’heodoiionmaledicta
706 4899 783 4950 terna
795 4895 1048 4962 intransgressibile
1089 4903 1200 4980 phthisi
1208 4946 1216 4976 ‚
1231 4905 1305 4978 puta
1319 4902 1533 4962 contrariarum
1547 4903 1725 4978 qualitatum
1738 4919 1843 4978 pugna
1856 4908 1885 4962 et

255 4989 324 5042 ωσι·
337 4982 424 5042 radix
436 4982 516 5040 essim
529 4989 593 5052 '¹³9
606 4981 673 5036 aba?
685 4973 832 5048 significat
841 4975 1017 5046 transgredi.
1090 4989 1278 5063 corruptione
1297 4987 1431 5058 laborat,
1452 5002 1520 5060 qum
1537 5001 1607 5044 eum
1625 4987 1735 5046 sensim
1755 4987 1886 5046 absumit

1090 5078 1119 5134 et
1129 5078 1239 5132 enecat.
1255 5072 1410 5131 liebroeum
1426 5079 1489 5143 ‘inii
1502 5072 1589 5144 aphar
1598 5073 1718 5146 proprie
1729 5073 1882 5147 pulverem

257 5209 404 5263 durissimos
411 5209 472 5260 istos
479 5203 607 5288 puerperii
615 5203 721 5284 dolores,
730 5205 833 5266 appetas
840 5199 932 5266 denuc,
943 5202 1048 5268 ejusque
1090 5157 1683 5314 ἓὲξξὲξοθῖἱῖἰὲξῶΠιϊέἰῗῗᾳῗιξιὲιᾞῧ
1696 5157 1886 5315 ffigffieqff

257 5285 376 5339 συνουσίαι
390 5279 525 5344 flagranter
538 5275 697 5330 desiderabas.
1355 5283 1364 5311 ‚
1671 5284 1680 5312 ,

288 5353 324 5418 (s)
336 5353 391 5412 tino
404 5363 479 5403 sensu
499 5351 540 5401 Pa.
562 5357 652 5412 curn,
664 5348 690 5409 s,
703 5343 769 5396 macti
786 5355 913 5396 servaram
929 5343 1050 5400 aiamim
1090 5331 1155 5386 tum
1172 5329 1201 5383 et
1220 5325 1310 5382 limus
1328 5329 1429 5394 terrae,
1443 5325 1524 5381 unde
1543 5327 1575 5421 ct
1592 5326 1624 5382 in
1641 5324 1746 5420 limum
1761 5325 1887 5382 cadaver

258 5437 310 5481 msa
322 5423 523 5478 asserciones.
1091 5412 1220 5470 hominis
1240 5414 1308 5483 post
1325 5412 1452 5467 mortem
1469 5407 1636 5470 resolvatur.
1655 5409 1734 5478 Quid
1751 5423 1822 5482 ergo
1838 5421 1887 5468 su·

284 5139 322 5204 (l)
344 5140 383 5191 lta
399 5136 611 5190 Rosenmnllerns.
636 5129 760 5184 Maritum
778 5133 870 5192 tuum,
892 5129 971 5182 etiarn
992 5140 1048 5197 post
