4100 6024
677 259 852 390 amomon
869 328 990 390 SAGRAE
1007 332 1212 396 sesumam.
1727 343 1759 401 tt

124 433 282 512 mptum
302 431 528 496 marimum.
551 433 643 494 Porro
665 439 797 496 scontm
820 435 923 508 ignota
964 438 1071 498 bondis
1094 457 1260 516 occupares
1281 441 1395 517 qulbus
1414 445 1445 502 st
1461 437 1570 504 meone
1585 447 1615 504 et
1630 458 1762 520 prossus

124 521 226 593 sigua,
245 520 288 578 ait
305 519 502 591 Augustinus,
524 533 592 592 cap.
606 533 637 576 xv
653 521 684 577 et
695 534 762 591 arn,
777 535 923 593 magnum
965 539 1034 582 cum
1047 526 1234 584 iconoclastis
1257 526 1490 601 imperatoribus
1501 528 1694 591 consanam
1706 530 1762 592 Co·

122 603 289 666 modium
306 605 353 662 est
369 601 541 673 dugumm
560 602 730 675 cognitio.»
753 605 826 662 Sunt
842 605 922 664 enim
964 622 1131 682 prcnymo,
1146 611 1280 668 etbeone
1294 614 1412 684 isauro,
1426 610 1495 670 torti
1506 627 1602 684 agone
1616 615 1646 674 et
1658 611 1760 674 duodo

124 688 266 764 modam
283 685 393 758 verbu,
411 701 482 762 quae
499 686 532 743 in
548 701 639 746 usum
656 687 777 746 alterius
793 687 921 760 lingum,
964 705 1155 762 congessus,
1167 692 1294 752 heresin
1301 693 1502 765 iugulavit,et
1512 695 1643 768 palmata
1651 700 1760 758 emere

121 788 176 848 per
194 770 466 846 interpretationem
490 771 614 828 transire
635 785 699 830 non
724 776 869 846 possunt;
893 775 923 830 et
962 771 1034 834 fidei
1047 777 1180 850 tropaea
1189 779 1304 834 aterum
1319 779 1469 836 memoris
1482 779 1673 840 consecravit.

121 861 155 916 ut
175 855 364 914 dcodsstrnus
391 854 430 912 stt
450 854 609 928 interpres,
629 869 684 913 uec
706 869 834 913 asama
852 871 923 914 auc
999 861 1041 918 ax
1056 860 1176 932 anglie,
1190 861 1261 918 audi
1275 861 1477 920 Venerabilem
1494 862 1603 922 Bedum
1623 862 1758 924 indisto-
1817 879 1852 922 ιι.

121 939 194 998 toris
214 939 321 998 devius
343 937 478 1034 aberret,
490 954 560 1012 qum
572 937 611 1033 sit
622 937 690 1034 ipse
702 937 847 998 mutantia
858 955 922 1000 non
962 948 1009 1001 rio
1020 944 1194 1015 duplicem.-
1207 947 1303 1017 eligo,
1313 945 1369 1016 ait,
1381 947 1530 1020 septennis
1543 948 1757 1008 monasterinm
1769 935 1878 1045 ἐξιῇ.

121 1025 261 1098 apparet,
280 1021 339 1080 nist
357 1036 391 1078 ιιι
403 1036 440 1082 aa
452 1019 558 1094 bagua
570 1023 758 1094 suspicabar,
771 1037 865 1096 quem
877 1023 923 1080 iu·
962 1028 1127 1100 ingressus,
1141 1028 1184 1087 ibi
1197 1033 1260 1088 tcta
1271 1029 1461 1088 vitacmnem
1472 1031 1651 1092 meditandis
1664 1033 1758 1106 scrip·
1768 1059 1815 1105 ,m
1833 1065 1878 1104 Μ,

121 1109 307 1178 terpretatur.
336 1105 411 1162 luter
435 1103 495 1162 alia
520 1104 580 1164 boc
602 1103 688 1164 uffart
714 1105 885 1179 exemplum
912 1123 919 1162 ι
961 1111 1036 1169 turis
1049 1127 1173 1186 operam
1191 1111 1274 1184 dedi,
1294 1113 1470 1186 etqueintsr
1483 1113 1702 1176 observantiam
1713 1115 1757 1177 di·
1797 1120 1846 1188 tuit

124 1189 260 1264 espuria
272 1188 451 1250 vitulamina
463 1203 526 1248 non
536 1187 654 1248 dabam
665 1188 780 1248 radices
799 1191 919 1261 altae,s
963 1194 1095 1268 sciplinar
1116 1195 1259 1267 regularis
1281 1200 1311 1255 et
1331 1197 1539 1270 quotidianam
1560 1197 1700 1260 cantandi
1726 1200 1758 1262 tn
1777 1193 1857 1289 ,εἴη

120 1273 248 1347 Sapiens.
262 1287 303 1344 ιι,
317 1275 351 1344 e;
373 1273 508 1345 grandim
527 1271 608 1332 enim
620 1272 780 1345 interpres,
794 1273 922 1348 etquaei
963 1278 1086 1337 ecclesia
1099 1295 1217 1350 curam,
1232 1295 1349 1353 semper
1367 1284 1418 1339 aut
1432 1280 1559 1352 discere,
1571 1285 1623 1342 aut
1636 1282 1758 1355 doure,
1804 1247 1872 1348 ”pes

123 1360 242 1430 ssimae
254 1358 420 1430 umatum
434 1355 467 1415 id
480 1360 525 1416 est
534 1372 553 1416 a
562 1355 658 1416 vitulo
670 1356 860 1427 vitulamina,
872 1357 923 1416 da·
963 1365 1016 1421 sut
1034 1361 1163 1420 seribere
1180 1363 1267 1423 dulce
1286 1363 1391 1422 babai.
1406 1383 1420 1418 r
1437 1365 1508 1422 ilinc
1521 1364 1553 1422 iu
1565 1379 1670 1424 omnes
1682 1377 1759 1439 pens

124 1441 221 1514 ducit;
246 1445 402 1515 seudum
422 1441 766 1512 sutemsuutstoloues,
779 1441 923 1517 sivepro·
964 1461 1055 1504 sacra
1072 1446 1228 1520 Scripturas
1249 1446 1359 1518 libros,
1372 1447 1760 1511 Bedaeextenteommeuta·
1848 1519 1851 1526 ,

122 1527 267 1603 pagium,
286 1531 317 1584 et
332 1523 404 1588 novi
425 1524 537 1584 emonii
558 1537 596 1582 ex
620 1524 727 1584 arbore
746 1525 878 1599 precise,
894 1529 923 1584 et
962 1529 1023 1601 ria,
1037 1529 1173 1603 adeoque
1187 1545 1241 1588 nec
1254 1529 1362 1590 morbo
1376 1529 1440 1603 ipse
1454 1530 1563 1592 destitit
1579 1549 1586 1586 :
1601 1531 1760 1604 qrrinvero

123 1611 155 1669 in
168 1615 251 1669 tems
275 1607 411 1684 plantati.
434 1609 510 1667 Sane
532 1623 627 1683 quem
649 1607 785 1668 mareu
802 1607 923 1668 arecir-
963 1613 1068 1670 ultime
1086 1612 1255 1672 infirmitate
1275 1613 1306 1672 iu
1330 1612 1489 1684 Evangelio
1500 1613 1529 1672 S.
1544 1612 1663 1672 ioannis
1676 1613 1761 1674 labo-

123 1709 183 1770 qus
194 1691 356 1754 idiotismis
363 1692 457 1752 narmi
470 1690 749 1752 abuudantcodicee
759 1693 846 1762 sacri,
857 1693 923 1752 luce
963 1697 1056 1770 ravit,
1069 1701 1098 1754 et
1111 1712 1187 1770 pene
1200 1699 1332 1756 ammam
1344 1711 1450 1768 agene,
1464 1701 1497 1758 nt
1514 1697 1697 1768 absolveret,
1712 1714 1760 1762 aa·

123 1783 167 1838 cst
179 1777 306 1848 darius,
319 1780 353 1835 ut
365 1791 429 1835 uon
443 1775 508 1834 sine
521 1789 611 1834 cauea
628 1775 709 1834 idem
724 1775 922 1847 augurinus,
964 1779 1022 1838 cito
1031 1779 1147 1840 scribe:
1161 1779 1301 1852 «accipe,
1313 1779 1363 1848 ait,
1378 1780 1538 1852 calamum,
1549 1785 1578 1838 et
1590 1779 1760 1842 festinanter

122 1864 144 1920 ll
156 1865 282 1921 Βειιπιι.
304 1875 334 1932 ι,
353 1863 405 1931 ιιι,
427 1863 542 1933 septem
555 1859 678 1929 libellis,
692 1859 746 1935 qui
760 1859 923 1918 etiamnum
964 1862 1074 1932 scribe,
1089 1883 1103 1918 r
1119 1867 1149 1922 et
1159 1863 1298 1922 undem:
1313 1865 1430 1934 «Beue,
1441 1864 1555 1937 iuquit,
1567 1879 1761 1926 couerrmms·

122 1951 239 2017 extum,
259 1945 406 2005 tormdes
417 1943 574 2020 parasium
588 1957 678 2001 sacrae
691 1943 847 2015 scripture
860 1943 923 2002 col·
964 1950 1028 2004 tum
1038 1949 1094 2016 est;
1105 1966 1119 2000 s
1130 1950 1160 2014 et
1173 1961 1325 2019 cycuoeura
1339 1959 1449 2006 canens
1465 1965 1473 2005 r
1489 1946 1611 2006 «Gloria
1624 1947 1713 2018 Patri,
1727 1951 1757 2010 et

122 2031 229 2104 ιοςιιιιο
251 2046 285 2088 se
307 2031 461 2088 memoret.
477 2027 564 2097 Quod
581 2026 711 2086 imitatus
730 2031 774 2084 est
787 2030 924 2100 postmo-
963 2030 1052 2100 Filio,
1065 2035 1094 2088 et
1106 2029 1225 2103 Spiritui
1237 2032 1359 2099 Sancto,
1373 2049 1389 2086 s
1405 2029 1605 2102 placidissima
1623 2030 1760 2104 spiritum

124 2115 197 2174 dum
212 2113 376 2172 Eucherius
395 2110 600 2183 lugdunensis
615 2109 669 2170 lib.
690 2112 730 2170 lie
741 2112 847 2168 dormis
866 2115 924 2182 spi·
964 2114 1060 2171 emidt
1080 2129 1137 2187 pro
1160 2112 1230 2172 fidei
1257 2111 1360 2172 latrare
1381 2112 1431 2172 Dei
1452 2113 1566 2174 visione
1587 2113 1757 2186 mudum,

122 2199 290 2264 νιιιιιιιιιιιι,
304 2199 334 2252 et
346 2198 416 2270 post
426 2208 497 2252 eum
510 2194 602 2252 bocca
615 2193 706 2253 etiam
719 2193 829 2253 sucum
841 2209 924 2254 com·
963 2211 1044 2256 anno
1057 2214 1076 2253 a
1088 2201 1176 2270 partu
1189 2195 1316 2267 Virginis
1330 2197 1393 2256 aas.

122 2281 223 2360 plures
233 2280 299 2340 atii.
998 2284 1163 2342 Venerabili
1182 2285 1268 2342 liade
1288 2281 1413 2357 equalis
1429 2281 1636 2355 iuitdlbinus,
1650 2284 1757 2344 velal-
1802 2293 1878 2342 ιιιιι-

154 2361 922 2436 asugmancccmmtua.ahrysostcmus,quando
963 2366 1068 2426 cunnus
1088 2369 1222 2438 Fuscus,
1244 2368 1297 2442 qui
1309 2367 1406 2426 caroli
1425 2368 1581 2438 dagnivet
1594 2366 1818 2443 praeoptarit*

122 2451 153 2508 in
168 2448 310 2507 danaim
323 2446 472 2518 scribens,
485 2447 556 2505 lom.
570 2448 624 2518 al,
645 2461 744 2520 neque
758 2445 920 2519 syllabam,
962 2449 1032 2522 tuit,
1044 2452 1093 2510 vel
1105 2452 1206 2526 potius
1218 2449 1390 2520 familiarisr
1404 2450 1454 2510 bic
1473 2450 1595 2512 Eboraci
1607 2451 1639 2512 iu
1652 2453 1758 2524 segue

123 2548 220 2606 mque
232 2532 390 2608 spiculum
403 2545 467 2589 esse
484 2531 517 2588 in
536 2530 627 2588 muris
641 2531 772 2601 litteris,
791 2531 823 2590 in
836 2531 922 2604 eujus
962 2551 1061 2594 escrae
1074 2536 1192 2596 litteras
1205 2535 1306 2610 palam
1319 2534 1464 2602 docebam
1479 2535 1560 2594 unde
1573 2535 1613 2594 ad
1626 2550 1695 2594 eum
1706 2551 1759 2596 au·

121 2616 282 2692 melundis
290 2631 355 2676 non
363 2614 582 2688 buatgrandis
590 2613 741 2688 quispiam
753 2615 921 2686 thusumes,
963 2618 1108 2680 dandum
1129 2636 1167 2680 cx
1180 2619 1271 2680 Frisia
1288 2619 1317 2678 S.
1332 2619 1485 2690 budgerus
1504 2617 1669 2678 Eburonum
1688 2632 1759 2676 con-

122 2716 183 2762 nou
190 2701 314 2760 dubitet
324 2715 454 2760 marera
464 2717 473 2758 ι
484 2714 519 2758 ao
530 2698 658 2773 proinde
672 2697 760 2758 nobis
772 2712 849 2772 opus
858 2711 922 2758 esee
963 2704 1065 2774 ceseii,
1078 2709 1253 2777 tantumque
1267 2701 1406 2777 proiecit,
1420 2705 1454 2760 ut
1465 2701 1505 2760 ad
1518 2715 1590 2758 siros
1606 2715 1759 2772 reversus,

122 2787 223 2846 divina
236 2785 343 2859 gratim
357 2790 385 2843 et
397 2788 432 2843 ut
440 2784 549 2858 Spiritu
558 2784 664 2844 Sancto
675 2782 849 2854 mausum,
859 2783 922 2842 elo·
962 2787 1124 2848 Frisiorum
1143 2787 1271 2862 apostoli
1285 2800 1396 2847 nomen
1414 2785 1562 2844 meruerit.
1576 2786 1673 2846 Testes
1689 2787 1759 2842 sunt

123 2871 193 2946 quta
207 2871 311 2930 divina
324 2870 479 2928 adeamus.
962 2873 1089 2930 lunulas
1101 2871 1256 2942 Frieire,et
1268 2875 1373 2932 auctor
1388 2871 1460 2928 Veto
1472 2869 1502 2928 S.
1513 2867 1642 2939 badoart.

156 2955 295 3030 amplius
307 2954 397 3014 audet
409 2953 565 3026 Gregorius
576 2954 737 3024 argema
749 2950 923 3011 Pondtexet
997 2956 1086 3031 Apud
1106 2957 1223 3029 Belgas,
1244 2955 1274 3014 S.
1293 2951 1460 3014 bonilocius
1478 2969 1547 3012 cum
1561 2952 1638 3023 suis,
1653 2953 1757 3010 Christi
1769 2964 1792 3012 a.
1811 2965 1878 3014 acu.

123 3043 230 3098 doctor
247 3037 545 3110 :toteuimtsmque
558 3035 676 3104 abdita,
691 3033 724 3094 in
742 3035 922 3096 Ezechielem
962 3038 1058 3112 legem
1077 3038 1385 3115 propegms,jugiter
1401 3037 1495 3097 sancti
1509 3037 1660 3108 Evangelii
1675 3037 1756 3094 oodi·
1801 3025 1852 3074 ’ΝΠ

123 3125 349 3196 mmmeutsm,
369 3123 402 3180 iu
424 3120 533 3180 sanotis
558 3117 763 3179 voluminibus
789 3120 923 3192 agnoscit
962 3140 1028 3184 cem
1047 3122 1331 3193 sscurudeterebot,
1344 3121 1421 3183 adeo
1434 3125 1467 3178 ut
1486 3135 1556 3180 eum
1569 3119 1665 3178 necin
1679 3135 1757 3178 mar
1773 3085 1871 3196 El'ffl*

123 3207 278 3280 mysteria,
299 3211 333 3264 ut
345 3209 491 3264 meaverst
502 3204 644 3279 qrrmdsm
662 3201 838 3262 mortalibus
851 3219 922 3264 neo·
961 3208 1040 3281 tyrio
1061 3206 1223 3278 dimiserim
1250 3205 1325 3280 quin
1351 3219 1421 3264 vero
1441 3218 1511 3262 oum
1532 3217 1612 3262 anno
1640 3203 1755 3260 bomini
1768 3209 1872 3260 circuio

123 3290 197 3349 dum
209 3295 360 3361 mserum,
378 3287 743 3362 mdiooelmtibuspetem
756 3286 920 3364 spiritibus.
962 3296 1015 3351 'itis
1036 3293 1069 3352 in
1087 3293 1150 3364 ejus
1171 3294 1261 3366 ceput
1282 3287 1364 3350 arten
1385 3303 1487 3346 ensem
1507 3286 1677 3357 vibrarent,
1691 3287 1754 3361 ipse
1786 3283 1860 3376 ’,ιζ’

121 3374 365 3446 ldnbtmurjem
379 3373 568 3445 Gregorium,
580 3369 921 3444 augustinumtmbro-
960 3377 1043 3436 bunc
1055 3376 1206 3446 codicem,
1220 3372 1306 3448 quest
1319 3371 1501 3445 spiritualem
1515 3370 1655 3444 clypeum
1673 3371 1753 3444 obje·

18 3507 23 3514 .
122 3461 215 3531 sium,
229 3458 409 3529 amentum,
427 3457 599 3528 origenem,
619 3455 847 3529 Hieronymum,
859 3458 921 3528 Cy·
961 3460 1013 3530 cit,
1028 3464 1057 3518 et
1070 3459 1177 3518 illustri
1190 3456 1352 3525 musculo,
1369 3455 1438 3515 licet
1450 3469 1520 3514 ense
1532 3458 1620 3512 acuto
1629 3470 1684 3528 per
1694 3469 1756 3512 me·

10 3577 11 3600 ι
121 3541 456 3614 rillum,etuuiversum
464 3544 635 3598 sanctorum
647 3542 765 3598 Panum
779 3539 919 3610 oboram,
961 3543 1046 3602 dium
1059 3548 1154 3602 sectus
1168 3542 1206 3600 stt
1218 3540 1310 3611 lber,
1321 3534 1405 3598 nulls
1418 3544 1519 3598 umen
1537 3538 1633 3596 littera
1645 3553 1683 3598 ee
1694 3553 1756 3598 see-

121 3628 183 3684 tam
203 3625 339 3700 impensa
361 3623 452 3683 sacris
472 3623 558 3683 libris
577 3627 679 3681 noctes
703 3625 732 3680 et
752 3621 816 3680 dies
838 3622 920 3681 insu·
959 3627 1040 3684 done
1054 3627 1167 3686 abolita
1180 3631 1234 3684 est.

123 3708 409 3770 munerabimur
421 3723 473 3766 eos
486 3707 518 3766 in
531 3709 588 3766 bac
600 3705 758 3778 discipline
770 3704 921 3779 principes
995 3711 1084 3784 Apud
1097 3713 1225 3770 Francos
1238 3711 1300 3768 lie:
1320 3712 1349 3767 et
1367 3710 1529 3782 imperator
1541 3705 1664 3768 Carolus
1678 3709 1757 3779 llag-
1809 3723 1842 3764 se.

10 3805 11 3824 ι
122 3793 312 3868 apdmeres
330 3791 539 3861 musenrdrse,
560 3803 615 3848 nec
635 3787 729 3846 alium
742 3803 794 3848 eos
807 3789 921 3848 studio-
960 3809 1037 3862 nus,
1062 3795 1124 3854 imo
1144 3799 1187 3854 ter
1200 3792 1365 3862 maximus,
1378 3792 1545 3852 eruditione
1557 3790 1681 3862 scilicet,
1694 3792 1756 3864 pie·
1786 3779 1859 3886 &¹⁰¹¹

121 3891 190 3936 rum
210 3877 337 3946 borum,
356 3891 449 3950 quem
467 3875 533 3931 vitm
555 3872 646 3930 finem
664 3871 791 3932 fecisset
804 3871 920 3932 liirabi·
960 3881 1018 3936 tute
1035 3882 1064 3936 et
1077 3878 1164 3935 laude
1177 3876 1298 3946 bellica,
1316 3891 1466 3934 sacrarum
1480 3877 1652 3934 Litterarum
1671 3875 1755 3932 schc-
1775 3843 1890 3950 ,suffit

122 3973 191 4020 mur
212 3959 425 4034 Hieronymum
439 3956 577 4029 Gregorio
595 3955 776 4016 Nationesne
789 3959 818 4012 et
832 3955 920 4029 Didy-
961 3959 1006 4020 lue
1025 3965 1091 4021 turn
1109 3961 1196 4031 alibi,
1216 3965 1281 4020 tum
1303 3959 1419 4018 Parisiis
1432 3958 1526 4033 (adeo
1540 3964 1624 4016 velue
1637 3958 1756 4017 estnec
1769 3967 1794 4016 t·
1807 3967 1876 4025 scrip

74 4085 76 4090 .
122 4059 189 4116 mo,
203 4041 395 4102 Ambrosium
408 4041 525 4114 Basilia,
538 4040 737 4112 augustinum
750 4039 919 4108 Ambrosio,
962 4041 1757 4118 academia,querColoniensiaestmater,boveniensis
1794 4033 1858 4076 Μ

10 4113 12 4208 ἦ
122 4127 367 4200 Chrysoetcmum
377 4123 519 4195 ltusebio,
532 4123 669 4198 aliosque
682 4121 744 4180 suis
758 4125 921 4195 precepto-
963 4128 1029 4186 avia
1040 4128 1049 4202 )
1062 4128 1195 4186 iusdtuit.
1208 4127 1285 4196 Quin
1299 4131 1328 4184 et
1340 4125 1462 4184 Carolus
1476 4124 1556 4198 ipse,
1572 4125 1757 4196 eginhardus

121 4293 226 4364 cleda,
250 4293 369 4352 soboles
381 4305 533 4350 summum
546 4290 720 4349 Litterarum
734 4289 867 4348 erectas?
880 4289 921 4348 be
964 4295 1153 4366 ligentissime
1169 4292 1346 4352 emendmit.
1358 4294 1441 4350 adeo
1454 4308 1525 4351 vero
1540 4291 1630 4352 sacris
1646 4291 1759 4352 bitteris

121 4375 478 4446 manducassemus
488 4376 646 4434 doctorum
659 4373 857 4432 etPraesulum
867 4387 923 4447 pa·
965 4379 1083 4438 deditus
1094 4378 1165 4449 tuit,
1178 4381 1212 4435 ut
1224 4377 1267 4435 eis
1280 4377 1457 4434 immortuus
1468 4375 1515 4433 sit.
1530 4379 1639 4434 auctor
1652 4379 1696 4433 est
1707 4379 1763 4436 les
1806 4399 1813 4404 ·

120 4465 218 4531 rente,
239 4459 353 4522 nemini
375 4457 503 4516 dubium
521 4460 565 4516 est
585 4456 644 4516 ede
657 4455 768 4514 ceteris
782 4459 829 4514 set
839 4456 921 4514 evin·
964 4479 1060 4536 genus
1073 4463 1104 4520 in
1121 4465 1186 4519 Vita
1198 4461 1339 4531 dedorim
1349 4459 1489 4517 carolum
1502 4458 1560 4516 sub
1574 4458 1700 4529 obitum,
1710 4475 1760 4520 eo-

10 4589 11 4598 ι
122 4543 639 4616 mtreuumlucubrsticnes,que
647 4541 921 4615 multisuntequam
963 4551 1069 4606 ronuta
1089 4544 1265 4618 aqrdsgrani
1278 4543 1427 4602 budovico
1440 4541 1520 4613 tilio,
1534 4545 1630 4601 totum
1644 4558 1675 4600 se
1689 4557 1759 4602 ora·

121 4629 282 4703 ilsologis
302 4627 479 4688 scholastica
498 4625 640 4688 methodo
662 4624 845 4695 tradantur,
867 4640 922 4686 eo·
963 4629 1111 4698 tionibus,
1128 4628 1324 4703 eleemosynis
1342 4631 1370 4686 et
1392 4626 1483 4686 sacris
1499 4625 1611 4684 litteris
1624 4624 1741 4686 dedisse
1747 4665 1759 4698 ,

123 4712 197 4770 culis
208 4711 385 4782 elaborata,
399 4725 476 4785 pene
488 4709 522 4768 iu
532 4709 594 4770 boc
613 4711 806 4782 argumento,
820 4707 853 4766 in
864 4707 921 4768 bec
964 4712 1209 4786 scilicetquatuor
1222 4709 1380 4784 evergetis
1393 4710 1433 4770 sd
1444 4711 1580 4770 Graecast
1593 4709 1666 4782 Syra
1678 4725 1760 4782 egre·

123 4797 494 4858 unsmaterisverssutur.
964 4797 1011 4871 gie
1035 4796 1162 4857 correxit
1182 4811 1273 4868 egens
1293 4809 1369 4869 pene
1394 4792 1548 4852 animem:
1567 4792 1673 4852 merito
1686 4808 1759 4865 ergo

33 4887 115 4962 haee
156 4883 417 4958 comtaudnopcli
425 4883 499 4942 clim
511 4882 627 4942 cebbrs
638 4881 697 4940 tuit
706 4880 921 4942 monasterium
964 4881 1061 4940 Caroli
1082 4879 1177 4939 codex
1195 4877 1332 4951 religiose
1353 4877 1547 4953 squsgrent,
1561 4876 1670 4952 utipse
1682 4877 1759 4950 vidi,

39 4965 95 5063 ᾗ
125 4967 411 5044 quodebauctore,
431 4972 460 5026 et
478 4984 497 5026 a
517 4981 669 5025 sumerum
682 4963 870 5037 Litterarum,
886 4979 921 5023 so
964 4969 1147 5034 asservatur,

97 5051 104 5062 '
124 5053 189 5112 vies
201 5051 385 5126 permacra
394 5049 504 5121 studio,
516 5050 610 5110 Stadii
620 5063 731 5108 nomen
740 5048 922 5121 recapitent
1000 5052 1095 5117 Quare
1109 5047 1194 5122 quod
1207 5046 1239 5104 in
1250 5047 1382 5104 Concilio
1397 5045 1582 5106 lateranensi
1595 5045 1653 5104 sub
1672 5049 1760 5108 ιιιιιο-

40 5135 240 5210 neuprutuit
252 5137 281 5194 S.
298 5136 380 5194 Plato
394 5151 403 5192 ι
416 5139 485 5208 post
504 5149 596 5209 quem
609 5133 782 5194 theodorus
793 5132 922 5203 Studiis,
964 5132 1061 5192 centio
1073 5132 1169 5201 ili,de
1182 5131 1322 5190 cathedra
1335 5143 1487 5190 sacrarum
1505 5129 1678 5216 Litterarum
1691 5145 1759 5192 ssu-

29 5206 181 5308 ¹{fisub
200 5231 315 5278 sunum
334 5218 454 5277 Domini
466 5220 592 5287 80⁰,tot
604 5216 717 5291 ingenii
729 5217 777 5276 sui
789 5216 923 5291 etpieta-
965 5216 1056 5274 citum
1070 5218 1126 5282 est,
1141 5229 1204 5275 non
1217 5231 1310 5284 nova,
1322 5215 1515 5273 sedveterem
1528 5211 1675 5272 innovans
1689 5229 1760 5274 eon·

10 5339 11 5342 =
127 5302 210 5373 tis,e
230 5301 324 5364 sacris
342 5301 458 5362 bitteris
477 5301 598 5375 reliquit
617 5305 828 5371 monumenta,
849 5315 922 5360 suos
965 5298 1151 5358 suetudinem
1164 5297 1348 5373 firmansque
1367 5297 1507 5356 habende
1519 5297 1699 5356 miseratio.
1713 5297 1761 5356 lti-

10 5403 12 5504 ι
128 5385 922 5464 ᾰιιιιυιιοιιιιοιοιιιιιιιηηοιιιιιιοιιιιιιιιιᾶοιοιι-
965 5379 1284 5454 mirumdolium
1305 5378 1759 5454 seduleourspmviditettil-

10 5717 12 5736 t

10 5739 12 5752 ι

10 5771 12 5788 Ι

10 5817 12 5836 Ι

10 5837 11 5850 ι
