4210 6038
282 273 336 330 aa
769 267 1010 330 1111111111
1030 273 1063 328 ta
1081 269 1239 338 111111,
1257 283 1321 330 cu.
1339 255 1418 328 xxti.

284 377 433 436 mitorium
448 379 476 434 ct
488 375 651 434 oratorium
664 375 803 448 abrahe,
817 392 880 450 quo
898 392 929 434 se
942 377 1070 434 subinde
1111 375 1186 432 enim
1206 374 1306 448 quieto
1324 377 1353 432 et
1371 388 1505 442 amoeno,
1518 372 1612 432 bomo
1631 372 1689 432 sibl
1705 371 1823 434 vmeau
1839 377 1903 434 esst

283 461 391 516 acoris
404 464 432 514 et
444 459 585 530 negotiis,
599 471 669 514 cum
689 459 748 515 Deo
764 461 883 516 acturus
901 458 1069 532 recipiebat.
1111 459 1197 534 quasi
1211 459 1241 518 in
1258 459 1418 532 paradiso,
1431 456 1656 516 felixetbestus
1670 458 1718 530 (1).

282 543 323 600 ltu
334 543 487 614 Cajctenus
499 545 527 597 et
540 540 680 598 Pererius.
1147 543 1193 598 31.
1214 544 1252 596 Ετ
1272 555 1336 598 rou
1353 554 1492 610 1111111,
1507 569 1544 582 -
1555 539 1654 598 incola
1670 544 1699 598 et
1714 543 1902 614 peregrinus,
1916 550 1978 594 ves
1988 553 2026 598 11.

317 623 455 680 11111111
469 623 719 682 nemusbebraice
733 605 933 686 vocaturboa
945 624 1072 692 escet,id
1112 640 1173 682 nou
1195 624 1336 695 indigena
1357 628 1385 681 et
1406 623 1580 696 inquilinus
1603 622 1741 682 Debratoe
1759 625 1839 684 enim
1861 631 1906 686 est

281 711 324 763 est
337 705 524 775 arboretum,
543 709 594 763 aut
614 705 688 762 silva
707 707 865 764 arboribus
887 707 999 764 consita
1006 749 1016 778 ,
1031 707 1071 763 si·
1111 717 1172 770 'titt
1183 711 1305 778 ootoqer,
1314 711 1343 764 et
1350 707 1555 780 peregrinatus
1566 710 1611 763 est
1621 703 1772 764 Abrabam
1783 707 1816 764 in
1827 712 1905 768 terra

269 792 344 850 ‚lens
357 796 385 849 et
398 808 531 861 amoena,
546 809 564 850 e
576 793 675 852 radice
688 774 861 862 11111111,
875 795 905 850 id
919 800 978 864 est,
989 793 1073 867 quie-
1112 788 1344 848 Palestinorum.

280 1041 354 1098 sicut
372 1041 451 1098 idom
472 1056 593 1109 nemus,
614 1043 771 1102 antiocus
793 1041 930 1100 hebraice
949 1045 1073 1100 vocatur
1113 1069 1218 1115 mmm
1238 1073 1317 1126 gem,
1338 1073 1384 1126 pm
1401 1059 1500 1124 mg,
1517 1065 1699 1126 amq„
1720 1063 1848 1124 m,
1863 1066 1906 1118 ,μ

280 1131 371 1186 aava
384 1139 523 1198 oscera,c
539 1122 674 1184 felicitae
691 1131 720 1182 et
739 1124 922 1184 beatitudine
937 1141 945 1180 r
960 1123 991 1181 in
1004 1124 1073 1184 luco
1115 1145 1205 1184 m.

576 1429 797 1602 11111
838 1489 1195 1598 1111111
1238 1491 1588 1598 11111111.

890 1737 1096 1800 stanteis
1118 1733 1299 1798 caetris.

280 1945 417 2004 Atratum
431 1941 614 2013 edecimare
624 1941 763 1996 immolare
773 1939 872 2009 atium,
881 1933 985 2003 mesca
997 1934 1045 1992 sed
1056 1935 1168 1990 cistitru
1179 1933 1212 1988 ab
1224 1931 1908 2008 1111181111,111111,1οτ115,11111ω11ω

314 2041 460 2101 mercedem
478 2043 505 2096 et
521 2035 730 2096 benedictionem
745 2035 856 2106 recipit.
872 2029 1249 2101 merseburgensem
1264 2031 1405 2102 procerte·
1420 2028 1527 2086 racem
1544 2034 1571 2086 et
1586 2031 1720 2106 naemu,
1732 2051 1793 2106 qm
1806 2040 1907 2105 m„

313 2146 373 2200 aas
385 2153 456 2198 acor
467 2137 569 2194 teooci.

324 2347 356 2414 1.
382 2343 465 2425 Quae
484 2347 658 2432 postquam
677 2343 768 2425 gesta
782 2343 881 2420 sunt,
901 2332 1040 2402 tentavit
1055 2331 1144 2402 Deus
1161 2327 1349 2413 Abrabam,
1370 2337 1404 2397 et
1424 2327 1508 2398 dixit
1526 2331 1568 2400 ad
1588 2356 1689 2404 eum:
1713 2337 1901 2430 Abraham,

280 2449 458 2521 Abrabam.
478 2448 523 2514 At
535 2443 592 2512 ille
605 2439 773 2534 respondit
789 2465 797 2506 :
816 2441 956 2508 Adsum.
977 2437 1010 2506 2.
1030 2437 1089 2506 Ait
1105 2435 1181 2504 illi:
1203 2433 1297 2504 Tollo
1317 2433 1426 2503 lilium
1438 2441 1536 2506 tuum
1554 2439 1784 2532 unigenitum,
1804 2471 1903 2539 quem

278 2556 409 2643 diligis,
429 2553 539 2633 boae,
561 2555 595 2616 et
611 2548 693 2616 vade
709 2547 746 2616 in
765 2555 885 2616 terram
902 2544 1068 2628 Visionis,
1088 2549 1187 2634 atque
1206 2541 1253 2610 ibi
1272 2541 1386 2610 offeres
1407 2564 1485 2611 eum
1505 2544 1542 2612 iu
1560 2544 1786 2620 holocaustum
1806 2575 1906 2647 super

279 2682 386 2728 unum
405 2655 569 2724 montium
587 2675 687 2744 quem
705 2660 928 2721 monstravero
945 2651 1018 2718 tibi.
1038 2651 1072 2719 3.
1091 2649 1198 2739 Igitur
1218 2646 1385 2716 Abraham
1402 2646 1444 2715 de
1459 2658 1553 2718 nocte
1573 2673 1772 2744 consurgens
1789 2663 1906 2730 stravit

279 2766 408 2834 asinum
431 2783 552 2844 suum,
575 2759 697 2828 ducens
716 2781 826 2826 secum
846 2756 930 2826 duos
947 2757 1108 2850 juvenes,
1129 2764 1162 2823 et
1179 2755 1268 2823 Isaac
1286 2752 1395 2822 filium
1414 2777 1525 2823 suum.
1547 2757 1697 2852 Cumque
1715 2763 1907 2834 concidisset

280 2871 370 2962 ligna
383 2871 419 2937 11
432 2865 682 2951 holocaustum,
704 2863 786 2934 abiit
796 2863 838 2934 ad
852 2862 962 2934 locum
975 2885 1075 2956 quem
1088 2869 1284 2954 praeeperat
1296 2861 1327 2930 ei
1342 2860 1439 2930 Deus.
1459 2864 1494 2930 1.
1514 2863 1574 2932 Die
1585 2873 1696 2936 autem
1711 2870 1826 2955 tertio,
1840 2872 1905 2940 ele·

281 2977 363 3046 vatis
377 2975 504 3057 oculis,
524 2971 608 3042 vidit
625 2971 735 3046 locum
754 2971 881 3063 procul,
897 2971 929 3041 5.
951 2969 1101 3059 dixitque
1113 2967 1154 3036 ad
1168 2988 1286 3059 pueros
1298 2988 1399 3036 suos:
1420 2967 1608 3060 Exspectate
1626 2971 1679 3040 bie
1692 2995 1768 3043 eum
1786 2978 1902 3046 asino:

279 3105 340 3172 ugo
353 3090 385 3150 et
398 3101 480 3172 puer
492 3080 573 3147 illuc
586 3099 691 3168 usque
706 3083 934 3169 properantes,
953 3083 1125 3167 postquam
1147 3073 1415 3159 adoraverimus,
1435 3081 1638 3144 revertemur
1649 3079 1691 3145 ad
1705 3099 1774 3147 vos.
1790 3081 1823 3150 o.
1839 3081 1905 3150 Tu-

281 3191 318 3256 lit
337 3209 470 3281 quoque
488 3183 580 3276 ligna
596 3183 798 3268 holocausti,
816 3191 848 3250 et
861 3181 1017 3274 imposuit
1034 3202 1132 3272 super
1149 3179 1237 3248 lsaae
1255 3177 1364 3248 filium
1382 3201 1502 3264 snum,
1525 3181 1593 3272 ipse
1610 3204 1689 3252 vero
1708 3185 1856 3275 portabat
1869 3189 1905 3256 in

280 3293 433 3366 manibus
446 3292 556 3382 ignem
570 3299 602 3360 et
613 3287 774 3378 gladium.
790 3287 940 3378 Cumque
953 3283 1020 3354 duo
1034 3295 1205 3376 pergerent
1218 3285 1339 3368 amru,
1361 3285 1394 3352 7.
1410 3285 1495 3354 dixit
1506 3287 1594 3356 lsaac
1608 3289 1692 3378 patri
1705 3313 1766 3358 suo
1782 3315 1790 3357 :
1809 3293 1906 3360 Pater

281 3401 338 3468 uri.
354 3402 400 3468 At
411 3397 469 3466 ille
482 3395 669 3486 respondit:
691 3394 867 3479 Quidvis,
888 3393 963 3460 fili?
981 3393 1062 3460 Ecce
1080 3392 1209 3481 inquit,
1231 3390 1318 3478 ignis
1337 3399 1369 3457 et
1389 3391 1503 3479 ligna:
1523 3392 1583 3460 ubi
1602 3402 1650 3462 est
1668 3395 1801 3465 victima
1814 3398 1906 3467 holo·

278 3505 406 3572 causti?
424 3503 457 3570 8.
474 3501 563 3566 Dixit
575 3508 686 3566 autem
700 3501 891 3567 Abraham:
911 3497 999 3565 Deus
1018 3495 1202 3587 providebit
1215 3495 1278 3562 sibi
1292 3495 1457 3563 victimam
1471 3497 1672 3586 holocausti,
1689 3499 1810 3570 filimi.
1826 3503 1905 3574 Per·

190 3603 194 3612 '
278 3608 398 3696 gebant
411 3629 471 3694 ego
484 3605 628 3696 pariter:
649 3603 683 3670 9.
699 3611 732 3670 et
745 3601 960 3672 veneruntad
979 3601 1089 3670 locum
1108 3623 1208 3692 quem
1226 3599 1410 3670 ostenderat
1422 3601 1452 3669 ei
1466 3601 1571 3686 Deus,
1590 3603 1626 3672 iu
1645 3628 1711 3695 quo
1729 3607 1905 3678 aedilicavit

279 3713 401 3795 altare,
423 3717 456 3779 et
472 3709 611 3800 desuper
626 3707 719 3796 ligna
733 3707 917 3799 composuit
932 3732 940 3774 r
961 3729 1103 3797 cumque
1119 3707 1284 3794 alligasset
1298 3707 1386 3775 Isaac
1400 3707 1508 3778 lilium
1521 3731 1641 3795 suurn,
1656 3713 1766 3802 posuit
1779 3735 1855 3782 cum
1870 3715 1905 3783 iu

279 3817 380 3886 altare
393 3835 491 3905 super
504 3823 628 3880 struem
641 3814 821 3902 lignorum.
843 3813 897 3881 11).
913 3812 1132 3902 Extenditque
1150 3834 1285 3880 manum
1298 3862 1308 3896 ,
1322 3819 1356 3880 et
1368 3812 1508 3903 arripuit
1521 3813 1690 3902 gladium,
1705 3827 1744 3885 ut
1756 3819 1905 3889 immola·

280 3931 328 3991 ret
341 3921 450 3990 lilium
464 3939 574 3987 suum.
592 3919 646 3986 11.
662 3919 703 3988 Et
716 3941 787 3989 ecce
801 3919 938 4008 angelus
953 3917 1086 3985 Domini
1098 3917 1138 3984 de
1151 3917 1233 3985 coelo
1245 3916 1420 4002 clamavit,
1440 3917 1550 3986 dicens
1565 3945 1574 3986 τ
1593 3919 1781 4008 Abraham,
1802 3923 1906 3994 Abra-

278 4028 368 4096 ham.
383 4024 450 4107 Qui
462 4024 648 4114 respondit:
663 4025 802 4094 Adsum.
820 4025 874 4094 12.
891 4023 1047 4114 Dixitque
1059 4023 1110 4090 ei:
1126 4021 1199 4092 Non
1213 4021 1369 4090 extendas
1382 4045 1519 4091 manum
1533 4032 1625 4094 tuam
1638 4051 1737 4118 super
1750 4051 1903 4120 puerum,

278 4131 493 4224 nequelaoias
502 4130 551 4198 illi
560 4130 743 4222 quidquam
754 4153 861 4200 :nuuc
873 4129 1012 4219 cognovi
1019 4130 1108 4219 quod
1118 4128 1213 4196 times
1221 4122 1340 4211 Deum,
1349 4135 1383 4196 et
1393 4149 1462 4198 non
1470 4131 1641 4220 pepercisti
1651 4133 1822 4222 unigenito
1836 4136 1905 4203 filio

278 4249 337 4308 tuo
346 4246 547 4330 propterme.
558 4235 611 4304 13.
624 4237 773 4306 Elevavit
782 4238 949 4306 Abraham
958 4235 1164 4318 oculossuos,
1174 4232 1323 4324 viditque
1331 4241 1403 4324 post
1412 4241 1541 4322 tergum
1551 4237 1686 4306 arietem
1695 4239 1782 4307 inter
1792 4263 1905 4332 vepres

278 4346 455 4414 baereutem
468 4342 640 4426 cornibus,
662 4363 761 4433 quem
777 4365 945 4411 assumens
958 4339 1079 4410 obtulit
1091 4339 1318 4408 holocaustum
1331 4361 1391 4431 pro
1405 4339 1487 4408 11111.
1513 4339 1565 4409 ll.
1581 4343 1832 4437 Appellavitque
1847 4371 1905 4415 no-

280 4473 355 4528 men
376 4449 440 4518 loci
457 4447 570 4516 illius:
589 4446 750 4518 Dominus
763 4449 863 4519 videt.
884 4445 980 4516 Unde
998 4468 1104 4537 usque
1121 4445 1218 4514 hodie
1236 4443 1379 4514 dicitur:
1402 4445 1442 4512 ln
1463 4455 1571 4516 moute
1589 4447 1749 4518 Dominus
1769 4453 1901 4521 videbit.

282 4555 334 4624 15.
350 4552 488 4624 Vooavit
500 4561 610 4622 autem
623 4555 771 4642 Angelus
783 4554 916 4625 Domini
928 4552 1097 4623 Abraham
1109 4551 1251 4619 secundo
1265 4551 1305 4619 de
1317 4551 1412 4638 coelo,
1427 4553 1538 4621 dicens
1553 4577 1560 4620 :
1586 4554 1638 4622 111.
1661 4555 1725 4623 Per
1737 4559 1908 4650 memetip-

279 4683 353 4730 sum
362 4659 495 4751 juravi,
514 4657 593 4726 dicit
609 4658 791 4744 Dominus,
814 4660 894 4750 quia
913 4658 1018 4729 fecisti
1035 4659 1120 4726 hanc
1137 4677 1229 4742 rem,
1248 4665 1282 4724 et
1300 4678 1367 4724 non
1385 4659 1555 4748 pepercisti
1572 4659 1643 4728 filio
1660 4669 1719 4729 tuo
1735 4665 1906 4754 unigenite

278 4774 410 4859 propter
423 4787 475 4834 me
492 4788 500 4830 :
520 4766 574 4831 17.
594 4763 783 4832 benedicam
801 4764 883 4850 tibi,
905 4774 938 4833 et
954 4762 1180 4855 multiplicabo
1197 4785 1308 4831 semen
1326 4771 1423 4831 tuum
1439 4764 1525 4832 sicut
1544 4764 1654 4834 stellas
1670 4764 1745 4836 caeli
1763 4774 1797 4837 et
1815 4771 1907 4838 velut

279 4893 413 4942 menam
434 4892 511 4964 quae
533 4877 581 4939 est
602 4869 639 4937 in
660 4868 768 4939 littore
790 4870 910 4956 maris;
933 4868 1110 4961 possidebit
1132 4891 1255 4938 nomen
1276 4879 1373 4938 tuum
1392 4877 1503 4959 portas
1521 4869 1730 4940 inimicorum
1750 4895 1905 4962 suorum,

282 4978 335 5046 18.
351 4985 384 5046 et
395 4975 629 5046 benedicentur
642 4975 678 5044 in
691 4975 814 5043 semine
828 4983 886 5044 tuo
899 4995 1013 5044 omnes
1025 4982 1138 5062 gentes
1150 4983 1263 5060 terrae,
1278 4975 1357 5066 quie
1370 4972 1508 5043 obedisti
1521 4978 1594 5045 voci
1607 4997 1699 5047 meae.
1717 4965 1771 5046 111.
1786 4980 1908 5048 Rever-

280 5103 337 5151 sus
348 5091 396 5152 est
408 5081 575 5150 Abraham
588 5080 630 5150 ad
643 5101 762 5173 pueros
774 5101 870 5163 suos,
885 5078 1103 5170 abieruntque
1116 5079 1274 5150 Bersabee
1286 5079 1407 5167 simul,
1423 5089 1455 5149 et
1467 5078 1628 5152 habitavit
1638 5083 1699 5152 ibi.
1719 5082 1774 5154 10.
1790 5085 1850 5156 Dis
1862 5087 1909 5156 ita
2004 5159 2011 5172 ,

280 5187 398 5278 gestis,
422 5186 612 5256 nuntiatum
626 5194 674 5256 est
694 5183 837 5254 Abrahae
857 5185 946 5277 quod
968 5181 1096 5254 Melcha
1116 5207 1249 5277 quoque
1270 5186 1436 5274 gemuisset
1455 5186 1543 5256 tilios
1561 5187 1690 5258 Nacbor
1709 5190 1804 5259 fratri
1824 5213 1905 5260 suo:

282 5293 338 5362 21.
353 5289 425 5366 llus
438 5291 711 5386 primogenitum,
726 5299 759 5360 et
771 5289 842 5360 Buz
855 5291 988 5360 tratrem
1005 5291 1092 5381 ejus,
1106 5300 1140 5360 et
1153 5289 1287 5360 (lamuel
1301 5299 1427 5372 patrem
1441 5289 1621 5381 Syrorum,
1637 5293 1691 5364 22.
1706 5303 1740 5366 et
1751 5293 1864 5384 Cased,
1877 5303 1912 5366 et
