4018 5976
634 360 875 418 normannnis
893 362 926 416 nv
944 359 1100 430 nxonvu,
1119 370 1182 418 cn.
1201 357 1313 417 11111.
1735 359 1786 418 ru

160 463 269 538 Spiritu
280 464 329 521 bei
340 463 551 537 praenuntiasse
563 463 672 534 alteas,
690 479 781 537 aquae
794 463 951 522 inebriato
1030 467 1072 523 Er
1081 461 1256 537 dictispatct
1266 461 1349 520 nullo
1362 461 1455 521 modo
1465 476 1502 520 ex
1512 461 1571 521 boo
1580 461 1675 535 capite
1687 460 1788 532 colligi

161 551 230 604 sunt
242 547 404 620 passiones,
416 552 445 605 et
458 547 634 621 posteriores
647 545 765 619 glorias,
776 566 791 602 o
807 544 860 604 ubi
875 551 901 603 ct
914 546 953 603 si·
994 562 1082 623 posse
1094 545 1179 620 quod
1192 546 1284 604 lloses
1296 543 1402 604 viderit
1412 542 1543 603 dianam
1556 544 1726 616 escendam
1737 558 1790 602 ne-

161 629 280 702 gnificat
290 631 323 686 td
334 636 385 697 est,
399 648 428 702 q.
442 631 471 688 d.
487 629 638 688 Passiones
652 629 757 688 Christi
776 634 845 687 sunt
854 633 952 702 poste·
994 645 1054 703 que
1066 630 1147 686 enim
1159 631 1252 687 lloscs
1266 629 1324 688 boc
1336 628 1429 701 petiit,
1443 643 1540 703 neque
1553 628 1578 685 si
1591 627 1684 702 petiit,
1696 627 1790 700 impe·

160 711 253 769 riores
266 713 329 785 ejus
346 712 459 784 gloria,
479 726 546 786 quac
562 712 671 770 sufficet
687 713 720 768 in
734 716 817 784 tergo
835 712 951 770 Domini
994 710 1092 769 travit.
1100 714 1173 769 Nam
1180 710 1471 769 Dominuseidiserte
1477 709 1786 784 respondetdic'rtque:

160 793 291 866 glorioso
304 799 428 853 ostensa
441 799 510 852 sunt
522 794 603 854 blosi.
619 797 727 852 vuum
739 795 796 853 boo
809 793 952 867 symboli·
997 794 1137 850 «Faciem
1150 809 1248 852 meam
1260 793 1361 852 videre
1375 808 1437 850 non
1449 793 1602 867 poteris3a
1617 793 1787 867 estquebteo

160 891 229 936 cum
241 881 285 936 cst
297 881 325 936 et
337 877 512 952 mysticum,
526 893 588 936 non
600 877 741 951 litterale,
760 878 888 952 ideoque
907 877 952 935 in-
994 876 1123 934 allorum
1141 879 1259 934 Petrum
1279 891 1356 951 pene
1376 877 1512 936 omnium
1531 875 1689 946 mutantia,
1708 890 1786 950 quos

161 959 532 1034 cenumctconjecrursra.
994 959 1369 1033 caturnicensem
1381 965 1411 1020 et
1423 960 1608 1038 olii,lpart.,
1620 959 1784 1030 0111110111.

469 1295 673 1402 CAPUT
712 1293 1111 1400 TRIDESIMUM
1148 1293 1466 1410 oblaturi.

769 1534 972 1598 SYNOPSIS
991 1532 1167 1597 CAPITIS·

160 1734 246 1794 uaso
258 1733 397 1805 repcrmts
411 1730 513 1788 tatutis
525 1728 599 1789 rodit
611 1731 644 1786 01
659 1731 791 1796 montera:
803 1732 875 1787 Dcna
888 1743 979 1786 111111
995 1743 1026 1786 co
1044 1728 1163 1794 uomit:
1175 1724 1253 1786 utdct
1266 1725 1354 1786 ilem
1372 1725 1425 1785 Det
1437 1725 1593 1800 posteriorc
1605 1726 1663 1785 stoc
1675 1729 1779 1799 tm

194 1830 266 1887 Hinc
276 1827 404 1895 11111111,
420 1842 490 1885 cers.
503 1829 555 1894 lt),
569 1830 681 1885 renovat
694 1828 766 1884 Deus
778 1825 866 1895 sodes
878 1840 939 1884 com
951 1825 1086 1891 amota
1102 1826 1222 1896 11111911
1234 1839 1297 1882 enos
1310 1827 1405 1884 iteret.
1418 1825 1523 1894 011111,
1533 1839 1604 1883 coo.
1616 1825 1668 1894 28,
1682 1825 1783 1884 tobalia

195 1926 299 1982 otiose
311 1925 406 1982 citetis
422 1925 494 1981 Deus
508 1922 662 1995 0111111111
674 1922 810 1980 trascritti.
824 1922 940 1990 Quarto,
957 1934 1027 1980 cers.
1040 1921 1091 1987 29,
1103 1922 1190 1979 Moses
1203 1926 1317 1981 omento
1328 1924 1401 1993 tacte
1413 1922 1588 1980 mutabatis
1601 1921 1639 1978 od
1650 1923 1782 1994 1011111111

194 2021 283 2088 redit,
299 2025 377 2078 timet
392 2021 441 2078 itta
453 2025 480 2078 et
493 2022 592 2092 nepita
610 2021 674 2078 tice
686 2019 775 2078 Moses
787 2020 987 2090 oetcttocton,
1003 2021 1098 2091 itaque
1110 2020 1286 2091 imccctctue
1303 2033 1363 2077 com
1372 2019 1491 2092 populo,
1507 2023 1534 2077 ct
1545 2019 1664 2092 populat
1677 2031 1738 2079 etot
1752 2031 1783 2080 co
1909 2103 1914 2116 ⁹
1938 2017 1956 2096 J,

195 2120 328 2192 loquitur.

203 2316 236 2383 1.
250 2314 300 2382 Ac
314 2312 465 2403 deinceps
480 2336 489 2379 2
505 2311 667 2398 Praoide,
688 2310 751 2397 ait,
770 2310 831 2380 tibi
843 2310 926 2380 duas
938 2309 1067 2380 tabulas
1078 2310 1223 2402 lapideas
1235 2311 1339 2382 instar
1349 2311 1517 2403 priorum,
1531 2318 1565 2384 et
1576 2313 1716 2385 scribam
1728 2335 1786 2384 su·

157 2439 216 2511 per
228 2440 283 2487 eas
294 2417 413 2501 verba,
433 2440 509 2507 quae
527 2417 717 2486 babuerunt
728 2416 850 2485 11111119
868 2437 952 2506 quas
970 2415 1107 2503 fregisti.
1131 2416 1166 2484 2.
1186 2416 1265 2486 Esto
1284 2427 1418 2509 paratus
1436 2442 1551 2505 mane,
1572 2427 1612 2490 ut
1631 2421 1784 2490 ascendas

158 2524 268 2594 statim
286 2521 322 2590 in
344 2527 489 2589 montem
512 2519 621 2604 Sinai,
644 2518 810 2610 stabisque
832 2539 962 2588 mecum
983 2540 1083 2610 super
1103 2520 1259 2590 verticem
1281 2524 1415 2593 montis.
1436 2524 1469 2593 3.
1492 2523 1615 2593 Nullus
1632 2525 1784 2594 ascendat

158 2640 282 2714 tecum,
303 2649 364 2695 nec
375 2627 526 2694 videatur
539 2624 702 2716 quispiam
715 2646 775 2714 per
787 2631 894 2692 totum
911 2631 1057 2693 montem
1072 2650 1081 2691 ε
1099 2625 1201 2695 boves
1213 2648 1347 2719 quoque
1359 2635 1392 2698 et
1404 2650 1482 2698 oves
1494 2650 1562 2697 non
1575 2636 1751 2720 pascantur
1765 2651 1784 2698 e

157 2743 279 2804 contra.
300 2735 335 2800 4.
356 2730 487 2801 Excidit
499 2751 577 2818 ergo
590 2728 672 2797 duas
688 2728 817 2797 tabulas
829 2727 990 2819 lapideas,
1010 2730 1125 2819 quales
1144 2738 1240 2800 anua
1256 2732 1408 2818 fuerant3
1429 2739 1462 2801 ct
1477 2732 1518 2802 dc
1535 2741 1630 2803 nocte
1650 2721 1784 2806 consur·

157 2862 236 2930 gens
256 2836 400 2907 ascendit
418 2837 455 2903 in
477 2841 622 2903 montem
644 2833 755 2919 Sinai,
779 2834 865 2902 sicut
885 2841 1083 2925 praeceperat
1104 2835 1136 2904 ei
1159 2835 1335 2922 Dominus,
1358 2844 1492 2929 portans
1510 2859 1621 2908 secum
1640 2840 1780 2910 tabulas

157 2945 189 3014 5.
206 2944 357 3035 Cumque
369 2941 585 3011 descendisset
596 2939 758 3009 Dominus
769 2961 829 3032 per
841 2939 982 3026 nubem,
1001 2940 1089 3008 stetit
1102 2939 1229 3032 Moyses
1241 2965 1318 3011 cum
1333 2964 1389 3029 ao,
1409 2944 1564 3014 invocans
1580 2967 1701 3015 nomen
1717 2945 1783 3016 Do-

157 3051 251 3120 mini.
267 3050 300 3118 o.
316 3049 390 3130 Quo
402 3053 591 3116 transeunte
607 3069 718 3116 coram
730 3068 785 3131 eo,
806 3045 876 3114 ait:
895 3044 1089 3116 Dominatcr
1106 3046 1246 3115 Domine
1258 3047 1362 3135 Deus,
1382 3049 1565 3119 misericors
1576 3058 1609 3119 et
1621 3051 1780 3139 clemens,

156 3158 282 3248 patiens
290 3155 445 3223 etmultae
454 3152 688 3238 miserationis,
703 3173 740 3220 ac
753 3173 870 3238 verax,
886 3152 919 3221 7.
929 3151 990 3242 qui
997 3152 1141 3221 custodis
1153 3152 1410 3224 misericordiam
1421 3155 1458 3222 in
1470 3155 1588 3242 millia,
1603 3157 1661 3246 qui
1673 3157 1783 3228 aufers

156 3262 381 3353 iniquitatem,
400 3266 433 3327 et
451 3259 573 3326 scelera
586 3265 684 3349 atque
697 3265 842 3349 peecata,
861 3257 1043 3350 nullusque
1055 3259 1143 3348 apud
1160 3263 1192 3326 tc
1208 3280 1267 3349 per
1279 3281 1313 3328 sc
1332 3260 1489 3328 innocens
1509 3268 1567 3330 est.
1588 3261 1654 3342 Qui
1673 3261 1783 3332 reddis

156 3368 364 3458 iniquitatem
377 3369 509 3456 patrum
522 3363 601 3432 filiis
613 3385 650 3431 ao
662 3361 852 3454 nepotibus,
872 3364 910 3431 in
927 3363 1056 3432 tertiam
1073 3370 1106 3432 et
1122 3370 1274 3454 quartam
1290 3366 1492 3456 progeniem.
1513 3367 1545 3435 8.
1565 3367 1782 3460 Festinusquc

156 3473 284 3565 Moyses
296 3477 452 3540 curvatus
464 3475 512 3536 est
522 3489 646 3560 pronus
657 3468 694 3536 in
708 3474 847 3554 terram,
865 3476 899 3537 et
916 3469 1057 3538 adorans
1074 3468 1108 3536 9.
1129 3469 1175 3537 ait
1189 3494 1197 3536 :
1221 3469 1258 3538 Si
1275 3469 1390 3541 inveni
1406 3472 1546 3561 gratiam
1559 3471 1595 3540 in
1608 3481 1781 3564 conspectu

156 3588 230 3664 tuo,
244 3576 402 3661 Domine,
418 3575 549 3644 obsecro
563 3582 603 3642 ut
613 3574 774 3663 gradiaris
788 3575 959 3644 nobiscum
977 3574 1131 3666 (populus
1148 3575 1237 3644 enim
1253 3576 1346 3646 durae
1358 3577 1493 3646 cervicis
1505 3578 1584 3666 est),
1603 3584 1637 3645 et
1652 3578 1781 3647 auferas

155 3684 345 3775 iniquitates
364 3689 491 3750 nostras
506 3687 605 3771 atque
622 3687 767 3770 peccata,
788 3701 914 3770 nosque
930 3679 1105 3770 possideas.
1130 3680 1182 3749 10.
1206 3679 1386 3772 Respondit
1401 3681 1584 3751 Dominus:
1607 3681 1677 3772 Ego
1689 3682 1781 3752 inibo

156 3797 287 3881 pactum
299 3786 489 3884 videntibus
500 3785 642 3870 cunctis,
657 3783 751 3872 signa
764 3784 879 3853 faciam
890 3806 966 3874 qnae
975 3806 1148 3876 nunquam
1157 3785 1228 3854 visa
1240 3794 1318 3854 sunt
1327 3809 1425 3877 super
1434 3795 1571 3872 11111111,
1587 3787 1691 3855 necin
1702 3788 1782 3857 ullis

155 3893 308 3986 gentibus
323 3916 331 3957 ε
350 3898 389 3958 ut
405 3896 517 3956 cernat
528 3889 671 3979 populus
683 3889 760 3972 iste,
775 3888 812 3954 in
825 3888 919 3978 cujus
933 3910 967 3954 es
980 3889 1108 3974 medio,
1131 3911 1213 3979 opus
1226 3888 1359 3956 Domini
1372 3891 1517 3957 terribile
1534 3891 1622 3980 quod
1636 3891 1781 3960 facturus

155 4023 240 4070 sum.
260 3998 313 4066 11.
328 3994 472 4064 Observa
484 4000 600 4061 cuncta
613 4014 688 4082 quae
702 3991 799 4060 bodie
812 3992 933 4059 mando
945 3991 1007 4060 tibi
1021 4016 1028 4057 :
1045 4014 1106 4081 ego
1118 3993 1187 4082 ipse
1199 3992 1326 4083 ejiciam
1340 4000 1416 4060 ante
1428 3992 1543 4062 faciem
1558 4003 1650 4064 tuam
1661 3995 1781 4065 Amor·

155 4107 301 4189 rbaenm,
323 4111 356 4170 et
374 4099 614 4183 chananaeum,
636 4105 668 4165 et
686 4095 880 4182 Hethaeum,
899 4096 1111 4168 Pherezaeum
1128 4119 1262 4188 quoque
1279 4104 1312 4166 et
1330 4097 1505 4184 Hevaeum,
1529 4106 1561 4166 et
1575 4097 1776 4170 Jebusaeum.

158 4213 209 4280 tt.
225 4210 312 4279 Cave
323 4229 366 4276 ne
378 4227 527 4296 unquam
541 4225 617 4272 cum
630 4201 869 4270 habitatoribus
880 4208 976 4270 terrae
988 4200 1081 4269 illius
1089 4201 1212 4292 jungas
1228 4199 1402 4288 amicitias,
1421 4224 1496 4294 quae
1509 4202 1575 4270 sint
1587 4202 1648 4270 tibi
1661 4203 1698 4271 in
1710 4205 1779 4273 rui·

155 4339 253 4402 nam3
275 4315 328 4384 13.
349 4312 406 4380 sed
419 4332 492 4379 aras
505 4330 620 4377 eorum
634 4307 780 4392 destrue,
800 4307 970 4395 confringe
981 4314 1124 4392 statuas,
1140 4307 1297 4397 lucosque
1310 4307 1460 4376 succide:
1483 4308 1536 4374 tr.
1556 4308 1626 4376 noli
1643 4307 1779 4380 adoram

154 4424 254 4493 deum
263 4420 420 4489 alienum.
436 4414 597 4483 Dominus
607 4413 725 4481 zelotes
735 4433 855 4480 nomen
867 4411 954 4502 ejus,
969 4411 1058 4480 Deus
1070 4418 1119 4479 est
1130 4412 1314 4480 aemulator.
1332 4413 1384 4481 15.
1400 4411 1449 4481 Ne
1459 4412 1550 4482 ineas
1559 4421 1692 4505 pactum
1702 4437 1780 4485 cum

155 4526 345 4598 hominibus
366 4522 499 4590 illarum
522 4521 720 4608 regionum:
743 4539 801 4602 ne,
823 4539 899 4585 cum
919 4516 1070 4585 fumicati
1089 4516 1214 4586 11111111
1233 4539 1310 4585 cum
1329 4517 1393 4586 diis
1414 4519 1499 4604 suis,
1522 4526 1555 4586 et
1571 4519 1780 4589 adoraverint

154 4632 329 4702 simulacra
342 4649 474 4712 eorum,
494 4633 587 4694 vocet
599 4633 632 4692 te
645 4623 808 4715 quispiam
820 4629 860 4690 ut
871 4622 1021 4691 comedas
1035 4624 1075 4691 de
1086 4622 1275 4692 immolatis.
1296 4623 1349 4691 10.
1364 4622 1431 4693 Neo
1443 4645 1580 4692 uxorem
1593 4623 1633 4692 dc
1646 4622 1781 4692 filiabus

155 4759 270 4807 eornm
285 4733 422 4824 accipies
441 4729 519 4798 filiis
536 4729 626 4797 tuis:
648 4751 707 4814 ne,
722 4736 895 4819 postquam
909 4728 988 4820 ipsae
1007 4727 1132 4796 fuerint
1144 4728 1327 4814 fornicatae,
1343 4727 1497 4797 fornicari
1509 4726 1631 4796 iaciant
1646 4735 1679 4796 et
1691 4726 1779 4798 filios

155 4851 229 4912 tuos
241 4842 278 4909 in
290 4840 368 4908 deos
379 4859 467 4909 suus.
490 4837 543 4904 17.
563 4835 647 4903 Deos
659 4833 840 4902 conflatiles
852 4855 920 4902 non
933 4833 1030 4902 iacies
1047 4832 1118 4901 tibi.
1140 4834 1192 4901 18.
1209 4831 1456 4902 Solemnitatem
1468 4854 1659 4923 azymorum
1672 4842 1780 4904 custo·

156 4949 234 5018 dies.
260 4947 391 5038 Septem
413 4943 529 5014 diebus
551 4940 689 5012 vesceris
705 4938 845 5031 azymis,
870 4938 955 5007 scut
975 4939 1114 5030 praecepi
1130 4938 1208 5023 tibi,
1228 4938 1266 5006 in
1286 4946 1430 5029 tempore
1448 4938 1569 5006 mensis
1588 4959 1777 5011 novorumr

155 5076 266 5123 mense
278 5051 367 5138 enim
380 5049 475 5120 verni
490 5047 645 5140 temporis
657 5067 805 5136 egressus
816 5067 851 5112 es
863 5043 904 5112 de
916 5043 1074 5135 AEgypto.
1097 5043 1149 5112 19.
1166 5042 1271 5112 Omne
1283 5043 1372 5135 quod
1386 5042 1491 5135 aperit
1503 5043 1637 5114 vulvam
1650 5047 1780 5134 generis

155 5158 345 5242 masculini,
365 5177 477 5224 meum
490 5155 564 5222 erit.
585 5153 633 5221 De
646 5151 771 5221 cunctis
788 5149 1028 5235 animantibus,
1050 5157 1117 5217 tam
1138 5148 1179 5217 de
1198 5149 1319 5234 bobus,
1340 5171 1442 5240 qum
1457 5149 1498 5218 de
1510 5149 1644 5235 ovibus,
1666 5175 1778 5222 meum

153 5265 227 5335 erit.
247 5263 303 5334 20.
325 5259 587 5350 Primogenitum
600 5258 684 5328 asini
697 5256 837 5326 redimes
849 5279 910 5327 ove
925 5281 934 5324 :
955 5255 1007 5324 sin
1019 5264 1131 5325 autem
1144 5277 1206 5324 nec
1216 5253 1358 5346 pretium
1372 5276 1433 5345 pro
1446 5277 1484 5324 eo
1496 5254 1639 5341 dederis,
1655 5258 1778 5326 occide·

153 5377 220 5444 tur·
242 5365 505 5458 Primugenitum
523 5364 670 5450 filiorum
689 5373 824 5440 tuorum
845 5365 1005 5456 redimes,
1030 5385 1089 5434 nec
1110 5361 1280 5456 apparebis
1299 5361 1336 5446 in
1355 5369 1529 5454 conspectu
1548 5385 1621 5434 meo
1640 5385 1775 5436 vacuus.
