4182 6044
800 322 1044 384 muusursuu
1060 323 1095 380 rn
1112 291 1268 392 eronus,
1285 334 1348 382 a».
1367 325 1422 384 m.

773 651 972 760 CAPUT
1014 643 1445 756 uuuuucluuu.

907 891 1116 956 suuorsts
1141 889 1320 956 cartule.

296 1097 488 1154 emmaum
499 1096 543 1152 ta'c
554 1097 628 1154 111111
641 1083 804 1152 cunrardi
815 1097 842 1148 ct
855 1087 1012 1146 comedendi
1026 1102 1128 1158 aquam
1141 1085 1306 1158 pascualem.
1319 1083 1456 1154 8111111111,
1468 1099 1539 1146 cert.
1552 1085 1604 1154 19.
1617 1089 1729 1162 montbar
1741 1093 1855 1148 11111111
1865 1105 1933 1164 per·

332 1195 402 1250 cuttt
417 1195 601 1264 primogenita
619 1193 824 1261 aeyptiorum,
839 1191 958 1244 intactos
975 1187 1132 1256 relinquens
1147 1183 1282 1242 Hebraeo.
1298 1183 1404 1253 Tertio,
1419 1197 1490 1240 uere.
1505 1185 1557 1252 ³3,
1571 1185 1678 1242 umas
1694 1193 1793 1244 11111111
1809 1189 1930 1260 aeqypto

332 1303 391 1346 tum
404 1289 501 1361 spolils
515 1295 542 1346 ct
555 1291 650 1362 opibus
664 1290 864 1358 Egyptioram.

295 1387 377 1446 Nota.
391 1385 431 1442 lte
444 1401 513 1458 aeno
528 1385 653 1458 paschali
664 1400 712 1441 eea
729 1385 772 1438 bic
786 1385 939 1453 pertractat
956 1381 1043 1436 Moser
1055 1395 1065 1434 r
1079 1381 1171 1435 Prtmo
1185 1378 1220 1434 ds
1235 1379 1370 1449 1111111111
1383 1381 1458 1449 19111,
1474 1393 1544 1436 om.
1558 1381 1586 1436 o.
1601 1379 1735 1448 8111111111,
1748 1380 1783 1438 ds
1800 1387 1925 1455 tempor-s

303 1521 307 1528 -
329 1483 410 1540 ittam
422 1483 592 1548 tormotaudt,
604 1495 673 1538 cers.
686 1481 714 1536 6.
728 1481 829 1544 Tertr'o,
842 1477 875 1532 dc
887 1479 1018 1548 sanquine
1029 1473 1087 1546 ejru
1099 1473 1232 1532 ttttaeodo
1240 1475 1361 1545 postibus
1374 1475 1412 1531 ad
1424 1475 1777 1548 euadendumpcrrusscrun
1790 1482 1925 1550 aguam,

329 1594 399 1638 cerr.
415 1582 432 1638 'l
450 1584 476 1636 et
494 1581 540 1636 13.
555 1577 674 1646 Quarto,
689 1591 759 1632 uere.
775 1575 807 1640 Β,
822 1573 855 1630 de
873 1577 932 1630 ritu
949 1577 976 1627 et
995 1573 1072 1628 modo
1089 1573 1169 1628 illum
1185 1571 1349 1630 comedendi.
1368 1571 1485 1640 Quinto,
1499 1571 1532 1629 de
1549 1577 1655 1630 nomiae
1670 1582 1727 1630 tam
1742 1579 1825 1646 aunt,
1840 1591 1923 1650 qaam

330 1679 413 1746 sesti,
427 1675 500 1748 quod
513 1681 553 1732 est
565 1675 648 1746 ptrass
660 1673 702 1730 111
711 1673 828 1744 pareto,
843 1685 913 1728 ocrs.
928 1671 973 1728 11.
988 1667 1084 1736 serto,
1099 1669 1267 1740 depasente
1280 1667 1318 1724 ad
1331 1669 1461 1728 edendam
1474 1686 1573 1741 annam
1586 1671 1702 1738 idoneis,
1717 1688 1787 1732 vers.
1801 1673 1849 1732 13.

341 1875 372 1942 1.
394 1871 486 1942 Dixit
499 1891 631 1964 quoque
649 1867 811 1936 Dominus
828 1865 869 1934 ad
888 1865 1023 1956 Moysen
1039 1869 1073 1931 et
1090 1863 1202 1932 Aaron
1220 1864 1257 1932 in
1269 1871 1357 1932 terra
1368 1864 1527 1956 AEgypti:
1547 1865 1580 1934 2.
1602 1865 1723 1935 Mensis
1734 1868 1810 1954 iste,
1830 1869 1925 1939 vobis

292 1979 492 2072 principium
511 1975 695 2052 meusium
717 1973 844 2064 primus
863 1971 925 2036 erit
938 1971 974 2037 in
988 1969 1156 2037 mensibus
1170 1969 1261 2038 anni.
1284 1969 1317 2038 3.
1337 1969 1527 2062 Loquimini
1540 1972 1581 2041 ad
1594 1973 1785 2041 universum
1801 1983 1923 2044 oretum

293 2085 441 2154 filiorum
454 2082 574 2165 Israel,
592 2093 623 2148 et
635 2079 732 2146 dicite
745 2078 792 2146 eis
808 2102 816 2144 ε
837 2077 969 2144 Decima
981 2075 1034 2144 die
1049 2075 1171 2144 mensis
1189 2073 1291 2168 hujus
1307 2075 1401 2144 tollat
1418 2077 1643 2170 uuusquisque
1663 2101 1786 2167 agnum
1801 2104 1859 2172 per
1871 2081 1923 2150 fa·

293 2191 402 2258 miliae
414 2201 446 2256 et
459 2189 573 2258 domos
586 2209 672 2254 suas.
697 2185 731 2252 t.
754 2183 814 2252 Sin
834 2192 946 2251 autem
965 2182 1074 2250 minor
1091 2189 1139 2248 est
1159 2203 1318 2250 numerus
1330 2193 1368 2250 ut
1380 2182 1528 2250 sufficere
1548 2183 1647 2274 possit
1664 2185 1707 2252 ad
1724 2187 1920 2256 vescendum

292 2317 436 2386 agnum,
456 2300 600 2362 assumet
619 2291 766 2360 vicinum
784 2311 883 2357 suum
898 2288 957 2379 qui
973 2287 1110 2377 junctus
1126 2294 1175 2355 est
1187 2285 1302 2354 domui
1319 2309 1404 2371 suae,
1422 2287 1518 2377 juxta
1536 2311 1713 2358 numerum
1734 2291 1919 2362 animarum

291 2425 368 2495 quae
381 2397 530 2470 sufficere
544 2405 680 2490 possunt
692 2397 733 2466 ad
746 2419 838 2463 esum
853 2395 941 2484 agni.
959 2393 992 2461 5.
1008 2393 1079 2460 Erit
1093 2401 1202 2461 eutem
1217 2415 1322 2481 agnus
1334 2391 1457 2484 absque
1471 2393 1618 2480 macula,
1635 2397 1810 2484 masculus,
1826 2399 1921 2468 anni-

289 2507 388 2576 culus
401 2531 409 2574 :
423 2505 520 2596 juxta
533 2526 633 2594 quem
648 2503 749 2571 ritum
764 2500 885 2568 tolletis
898 2507 931 2567 et
944 2497 1089 2568 haedum.
1112 2497 1147 2566 6.
1167 2499 1209 2566 Et
1225 2499 1395 2568 servabitis
1408 2521 1484 2568 eum
1498 2499 1655 2592 usquead
1670 2509 1821 2594 quartam
1835 2505 1919 2572 dcci-

292 2631 380 2678 mam
403 2609 490 2678 diem
514 2609 636 2677 mensis
657 2607 778 2698 hujus;
808 2605 1059 2694 immolabitque
1086 2626 1163 2672 eum
1190 2603 1345 2672 universa
1373 2604 1551 2674 multitudo
1576 2605 1724 2676 filiorum
1751 2609 1850 2678 Israel
1876 2611 1918 2678 ad

291 2737 473 2808 vesperam.
491 2715 523 2782 7.
538 2713 580 2781 Et
592 2719 723 2800 sument
736 2711 776 2780 de
790 2711 950 2800 sanguine
965 2710 1054 2800 ejus,
1071 2731 1108 2778 ac
1124 2717 1246 2797 ponent
1257 2729 1355 2800 super
1368 2718 1546 2801 utrumque
1559 2719 1699 2801 postem,
1715 2722 1748 2780 ct
1759 2714 1796 2780 in
1807 2737 1921 2807 super-

290 2821 501 2890 liminaribus
513 2819 705 2903 dommnm,
721 2817 757 2886 in
771 2817 892 2910 quibus
906 2815 1076 2885 comedent
1089 2815 1199 2884 illurn.
1222 2813 1255 2884 8.
1272 2815 1314 2882 Et
1327 2815 1423 2883 edent
1434 2837 1546 2884 carnes
1559 2825 1651 2884 nocte
1663 2817 1722 2886 illa
1734 2841 1820 2888 assas
1831 2821 1918 2910 igni,

291 2935 324 2995 et
336 2949 468 3018 azymos
481 2949 582 3018 panes
599 2947 673 2994 curn
693 2925 828 2994 lactucis
849 2923 1045 3012 agrestibus.
1066 2921 1100 2990 9.
1116 2919 1191 2992 Non
1211 2921 1386 2990 comedetis
1399 2945 1439 2992 ex
1452 2944 1491 2991 eo
1503 2921 1641 2992 crudum
1655 2925 1755 3016 quid,
1774 2947 1834 2996 nec
1849 2949 1921 2995 coo·

291 3042 363 3101 tum
377 3055 481 3124 equa,
497 3033 553 3100 sed
567 3039 696 3100 tantum
710 3051 820 3098 assum
834 3029 905 3118 igni
921 3054 929 3095 :
949 3038 1048 3120 caput
1060 3051 1137 3096 cum
1150 3029 1287 3120 pedibus
1300 3029 1371 3119 ejus
1383 3037 1416 3098 et
1428 3028 1590 3098 intestinis
1601 3031 1767 3100 vorabitis.
1787 3033 1838 3102 10.
1853 3033 1921 3103 Ν11

289 3139 472 3206 remanebit
485 3138 667 3230 quidquam
681 3157 721 3203 ex
733 3158 772 3204 eo
786 3157 891 3226 usque
905 3157 1013 3203 mane.
1031 3131 1162 3226 Siquid
1176 3134 1344 3202 residuum
1357 3133 1469 3219 fucrit,
1484 3134 1560 3222 igne
1573 3135 1780 3206 comburetis.
1798 3139 1850 3207 ll.
1864 3139 1920 3209 Sic

289 3253 400 3314 sutem
414 3243 705 3324 comedetisillum
723 3266 730 3308 :
753 3239 860 3310 Renes
877 3249 1001 3310 vestros
1019 3241 1213 3328 accingetis,
1236 3247 1268 3306 et
1286 3239 1503 3310 calceamenta
1524 3237 1683 3310 habebitis
1702 3241 1739 3311 in
1761 3243 1917 3336 pedibus,

289 3359 436 3420 tenentes
452 3351 586 3418 baculos
599 3348 635 3416 in
650 3347 823 3432 manibus,
840 3355 873 3416 et
894 3347 1070 3416 comedetis
1087 3347 1298 3431 festinantem
1317 3355 1365 3414 est
1381 3343 1470 3414 enim
1486 3345 1591 3416 Phase
1612 3345 1666 3437 (id
1679 3357 1728 3418 est
1741 3352 1916 3442 transitus)

288 3457 433 3526 Domini.
451 3456 504 3523 12.
520 3455 561 3522 Ε1
574 3455 719 3522 transibo
732 3475 790 3543 per
803 3461 924 3521 terram
937 3453 1076 3542 AEgypti
1090 3461 1183 3521 nocte
1200 3453 1274 3536 illa,
1291 3452 1535 3542 percutiamque
1548 3473 1646 3522 omne
1660 3453 1919 3544 primogenitam

288 3563 325 3630 in
338 3571 424 3630 terra
436 3559 573 3650 AEgypti
588 3561 630 3626 ab
643 3557 777 3626 bomine
792 3581 896 3650 usque
910 3559 951 3626 ud
965 3581 1083 3649 pecus;
1105 3558 1185 3626 11111
1199 3559 1324 3626 cunetis
1339 3557 1401 3624 diis
1415 3555 1551 3648 AEgypti
1565 3557 1680 3626 faciam
1690 3559 1834 3650 judicia,
1858 3587 1918 3652 ego

288 3665 462 3735 Dominus.
484 3665 534 3733 13.
551 3665 623 3732 Erit
639 3673 750 3732 autem
769 3665 904 3752 sanguis
923 3665 1017 3732 vobis
1034 3664 1216 3752 insignum
1233 3665 1269 3732 in
1288 3663 1414 3732 aedibus
1429 3663 1601 3755 inquibus
1617 3665 1728 3752 eritis;
1747 3675 1781 3736 et
1798 3669 1916 3740 videbo

288 3771 502 3858 sanguinem,
526 3777 558 3835 et
579 3769 722 3836 transibo
735 3790 818 3836 vos:
840 3791 900 3838 nec
919 3769 983 3836 erit
999 3769 1035 3836 in
1055 3770 1149 3838 vobis
1163 3771 1259 3859 plaga
1273 3769 1480 3860 disperdens,
1499 3769 1633 3861 quando
1651 3794 1838 3862 percussero
1852 3785 1919 3846 ter-

288 3897 359 3944 ram
373 3875 522 3966 AEgypti.
541 3875 594 3941 11.
610 3872 780 3941 llalrebitis
792 3880 906 3940 autern
915 3873 1005 3941 hunc
1017 3875 1105 3942 diem
1118 3875 1155 3942 in
1169 3885 1438 3961 monumentum,
1454 3882 1487 3943 et
1498 3877 1703 3947 celebrabitis
1714 3901 1788 3950 eam
1801 3884 1920 3952 solem·

287 4003 363 4050 nem
376 3980 517 4049 Domino
529 3981 565 4048 in
578 3981 845 4070 generationibus
858 3981 974 4048 vestris
987 3982 1078 4048 cultu
1093 3981 1303 4072 sempiterno.
1328 3981 1380 4050 15.
1401 3981 1531 4074 Septem
1549 3983 1666 4052 diebus
1685 4007 1801 4076 azyma
1812 4011 1921 4058 come-

287 4087 390 4154 detis:
405 4087 442 4154 in
455 4088 507 4154 die
521 4087 628 4175 primo
642 4109 709 4154 non
723 4087 785 4155 erit
798 4087 997 4154 fermentum
1012 4085 1048 4155 in
1060 4087 1214 4156 domibus
1225 4089 1361 4174 vestris;
1377 4089 1577 4180 quicumque
1590 4091 1766 4160 comederit
1778 4093 1921 4166 fermen-

286 4199 412 4276 tatum,
427 4191 548 4282 peribit
560 4191 672 4258 anima
684 4192 743 4260 illa
754 4191 796 4260 de
808 4192 926 4276 lsrael,
942 4213 963 4260 a
978 4192 1086 4281 primo
1099 4192 1152 4262 die
1167 4216 1272 4284 usque
1285 4194 1327 4262 ed
1339 4194 1427 4262 diem
1443 4194 1630 4284 septimum.
1651 4198 1704 4266 16.
1720 4197 1798 4267 Dies
1813 4203 1920 4292 prima

287 4298 349 4366 erit
362 4304 472 4364 sancta
484 4302 584 4386 etque
594 4295 766 4382 solemnis,
781 4305 814 4364 et
827 4297 896 4366 dies
908 4297 1047 4388 septime
1058 4296 1172 4366 eadem
1185 4298 1360 4366 testivitate
1373 4299 1588 4370 venerabilis:
1605 4301 1688 4370 nihil
1702 4305 1811 4394 operis
1824 4307 1920 4376 lacie-

285 4404 328 4471 tis
341 4405 377 4470 in
389 4404 455 4486 eis,
470 4399 612 4490 exceptis
624 4400 688 4485 his,
703 4423 779 4494 quae
792 4403 834 4471 ad
848 4403 1046 4472 vescendum
1060 4404 1235 4494 pertinent.
1255 4405 1308 4472 ll.
1323 4405 1364 4472 Et
1378 4405 1590 4474 observabitis
1603 4429 1739 4500 azyma:
1756 4410 1793 4478 in
1806 4413 1919 4482 eadem
2002 4415 2004 4420 ’

286 4507 376 4574 enim
394 4507 466 4596 ipsa
482 4504 535 4573 die
553 4504 689 4573 educam
707 4508 887 4576 exercitum
900 4517 1047 4576 vestrum
1061 4508 1102 4577 de
1123 4517 1210 4576 terra
1229 4509 1385 4602 AEgypti,
1405 4519 1438 4579 et
1454 4511 1641 4582 custodietis
1656 4511 1745 4582 diem
1763 4515 1868 4586 istum
1883 4519 1919 4588 in

285 4610 512 4699 generationes
524 4618 648 4678 vestras
660 4611 727 4678 ritu
742 4622 911 4702 perpetuo.
934 4613 987 4682 18.
1006 4614 1120 4682 Primo
1133 4637 1260 4700 meuse,
1283 4626 1400 4706 quarta
1414 4617 1539 4687 decima
1551 4618 1604 4686 die
1619 4619 1740 4689 mensis
1752 4621 1796 4690 ad
1808 4645 1920 4716 vespe·
2002 4663 2007 4676 ·

285 4738 374 4799 ram,
394 4714 569 4784 comedetis
581 4737 714 4804 azyma,
736 4739 840 4806 usque
853 4719 895 4786 ad
908 4720 995 4786 diem
1009 4720 1202 4808 vigesimam
1221 4723 1363 4812 primam
1380 4725 1526 4814 ejusdem
1545 4727 1667 4794 mensis
1678 4727 1720 4794 ad
1733 4750 1917 4821 vesperam.

288 4821 342 4889 19.
356 4819 488 4909 Septem
502 4819 618 4887 diebus
631 4821 829 4888 fermentum
843 4845 910 4889 non
924 4823 1113 4893 invenietur
1125 4827 1161 4894 iu
1177 4827 1331 4896 domibus
1347 4831 1461 4900 vestris
1477 4855 1485 4898 :
1505 4831 1564 4922 qui
1582 4832 1760 4901 comederit
1778 4835 1921 4906 fermen-

285 4932 415 5010 tatum,
438 4923 559 5014 peribit
579 4925 690 4994 anime
711 4925 783 5017 ejus
804 4927 843 4994 de
865 4937 951 4996 coetu
973 4930 1093 5016 lsrael,
1116 4940 1185 5000 tam
1208 4934 1405 5004 de-advcuis
1427 4960 1529 5029 quam
1554 4937 1596 5006 de
1617 4938 1784 5028 indigenis
1809 4950 1917 5013 terrae.

284 5030 340 5099 20.
357 5029 462 5097 Omne
474 5030 706 5099 fermentatam
720 5053 788 5099 non
800 5034 995 5102 comedetis:
1011 5036 1047 5102 in
1060 5040 1185 5106 cunctis
1198 5039 1393 5110 habitaculis
1406 5044 1521 5112 vestris
1534 5043 1636 5112 edetis
1648 5067 1777 5136 azyma.
1794 5048 1834 5116 21
1843 5050 1922 5120 .Vo

284 5137 372 5204 cavit
383 5144 493 5202 autem
507 5135 635 5225 Moyses
649 5156 762 5203 omnes
782 5137 925 5205 seniores
942 5140 1088 5211 filiorum
1101 5144 1220 5230 Israel,
1240 5157 1273 5215 et
1291 5149 1375 5216 dixit
1392 5149 1433 5217 ad
1447 5171 1502 5218 eos
1518 5172 1526 5216 :
1544 5152 1610 5236 lte,
1629 5153 1783 5222 tollentes
1796 5157 1921 5224 animal

284 5261 344 5332 per
362 5240 504 5306 familias
522 5247 665 5325 vestras,
682 5250 716 5309 et
727 5242 893 5311 immolate
906 5244 1023 5314 Phase.
1046 5248 1101 5317 22.
1123 5251 1396 5346 Fasciculumquc
1417 5255 1549 5350 hyssopi
1564 5257 1681 5348 tingite
1701 5259 1738 5326 in
1757 5265 1923 5351 sanguine

285 5345 344 5437 qui
358 5352 409 5412 est·
418 5345 452 5412 iu
466 5344 602 5433 limine,
618 5355 649 5414 et
662 5349 822 5440 aspergite
836 5373 877 5419 ex
890 5372 930 5421 eo
943 5356 1211 5445 superliminare,
1228 5367 1261 5428 et
1273 5368 1454 5453 utrumque
1468 5371 1593 5458 postem
1611 5389 1619 5432 ε
1641 5365 1921 5442 nullusvestrum
