4212 6034
285 353 341 416 390
771 355 1013 414 commanis
1029 357 1064 414 ill
1081 357 1242 428 anamim,
1259 371 1322 418 cte.
1341 359 1428 418 xllx.

166 453 273 506 '‘t-²²·
320 464 367 520 22.
387 463 429 520 lto
446 475 504 522 mi
521 472 632 520 rinnai
650 473 728 518 usis
745 475 838 522 uini
851 479 975 522 innuas
989 478 1076 534 anos,
1122 462 1703 544 siseribaturperttet,mvp,slgnideat
1712 463 1916 526 immite

286 560 364 614 eum
377 561 443 604 ruii
456 561 494 604 iis
507 561 584 604 aiau
598 551 772 618 ancirani,
787 562 818 605 iii
830 562 935 606 calaio
955 563 990 606 aa
1004 562 1079 606 ineu
1122 549 1229 606 latinis
1242 553 1405 620 eaptttcrtai
1421 564 1481 608 vox
1495 553 1540 606 est
1552 547 1696 620 mbtgua
1710 565 1719 605 ε
1733 562 1804 606 nam
1816 551 1845 606 et
1857 547 1915 606 lio·

284 644 354 689 uo.
366 659 403 672 -
417 631 485 688 Pars
502 631 565 688 liae
583 629 755 704 singularis,
768 647 861 704 quam
880 647 918 689 ex
934 631 1079 689 divisione
1122 630 1233 687 minem
1250 631 1409 703 significat,
1423 635 1451 688 et
1463 632 1614 690 numism
1627 629 1789 700 Persicum,
1803 645 1823 688 a
1835 635 1915 690 nom

286 713 457 772 chananeae
476 714 583 772 exemit
598 713 704 785 Jacob,
725 713 865 788 deditque
884 713 1003 787 speciali
1025 714 1080 770 do-
1122 727 1227 784 geneie
1247 713 1288 773 ite
1308 720 1521 788 nuncupatum.
1535 715 1622 783 Quod
1642 729 1736 786 genus
1753 713 1869 772 nummi
1880 714 1916 770 ii·

285 797 405 854 natiotie
422 797 566 871 tosepho,
578 796 634 854 tuit
653 812 723 868 ager
741 795 824 855 urbis
843 797 956 856 Sicbem
976 796 1024 854 vel
1037 796 1079 854 Si·
1123 797 1192 856 dem
1205 802 1288 855 erant
1298 799 1351 872 qui
1362 799 1455 856 Daiici
1468 815 1590 874 quoque
1604 797 1753 868 dicuntur,
1763 801 1835 854 teste
1849 795 1917 854 Pla·

285 877 367 952 char,
381 883 415 937 ut
426 883 508 954 patet
524 882 602 938 scca
624 897 664 951 iv,
686 883 718 950 5,
730 885 759 938 et
772 896 809 938 ex
823 879 1011 954 Septuaginta
1025 878 1079 953 qui
1121 881 1224 938 tareho
1235 881 1267 938 iu
1277 883 1446 954 Apopttbep.
1456 884 1498 938 lix
1509 879 1693 954 quocelebre
1699 879 1831 938 manavit
1840 881 1915 948 Age·

285 966 403 1020 vertum
418 981 426 1021 ι
442 967 482 1020 llo
496 967 548 1020 tibi
559 963 724 1029 sichimam,
737 966 906 1035 precipitem
925 977 1006 1034 saper
1023 977 1079 1018 em·
1121 963 1328 1034 alleluiatum,
1346 982 1406 1022 ase
1420 979 1457 1023 aa
1470 965 1538 1022 Asia
1552 965 1675 1038 pulsum
1692 963 1811 1035 triginta
1822 962 1914 1020 inilli-

285 1062 332 1102 aes
350 1049 454 1118 fratrea
475 1053 553 1117 tace,
566 1050 622 1106 ete.
643 1050 825 1120 acceperunt
844 1045 924 1103 enim
946 1045 1003 1118 ipsi
1024 1047 1077 1102 tle-
1121 1045 1178 1104 bus
1191 1047 1448 1120 assidaeorum,-
1464 1063 1532 1106 cum
1548 1051 1701 1106 Persarum
1713 1061 1765 1105 rex
1778 1063 1813 1104 ea
1826 1061 1914 1104 uuin-

284 1126 400 1188 braum
414 1137 483 1195 mv
494 1131 605 1198 sacten,
619 1134 652 1188 ut
664 1145 774 1188 nomeu
786 1129 955 1204 proprium,
967 1127 1079 1200 signifi·
1120 1146 1239 1188 merum
1257 1148 1375 1190 sumnia
1392 1132 1538 1205 corruptis
1550 1147 1605 1206 per
1616 1131 1809 1188 timueratem
1826 1130 1914 1188 athe-

286 1228 356 1270 cans
373 1213 506 1285 sichem,
528 1213 576 1272 vel
594 1213 771 1285 stammam,
785 1214 871 1287 quod
889 1214 916 1272 S.
938 1212 1078 1284 Hierony·
1120 1213 1287 1285 aiensibus,
1297 1215 1482 1274 effecissetut
1494 1215 1519 1272 is
1533 1215 1570 1272 de
1582 1213 1735 1288 provincia
1748 1214 1912 1272 decederet.

285 1313 371 1370 mus,
388 1297 544 1358 Chaldaea
567 1300 596 1352 et
613 1296 663 1354 alii
683 1301 860 1370 aeceperunt
877 1299 910 1353 nt
926 1293 1078 1370 appellati·
1156 1297 1276 1365 Quarte,
1288 1298 1400 1356 llehiei
1410 1297 1504 1372 aliqui
1516 1302 1621 1372 putant
1632 1313 1695 1356 esse
1708 1295 1871 1371 prolepsim
1884 1298 1914 1355 et
1926 1303 2014 1356 eume

285 1397 378 1454 vum,
391 1381 560 1454 significans
573 1382 726 1447 tumeam,
740 1381 829 1439 idest
843 1385 960 1451 partem·
1120 1379 1273 1451 enallageu
1286 1382 1448 1456 temporis:
1466 1397 1584 1456 equam
1596 1381 1693 1451 tnli,»
1705 1380 1738 1438 id
1751 1384 1805 1450 est,
1818 1394 1913 1453 qiiam

166 1465 273 1538 tipoili-
321 1465 422 1522 ilices:
437 1467 518 1522 llunc
539 1479 645 1536 agium
665 1464 736 1521 emit
751 1462 861 1533 Jacob,
881 1477 947 1536 cap.
969 1475 1076 1530 xxxiii,
1120 1460 1252 1520 auferam
1265 1467 1293 1520 et
1307 1464 1465 1538 accipiam,
1476 1469 1549 1538 puta
1567 1477 1621 1538 pei·
1638 1467 1760 1536 nepotes
1774 1464 1914 1534 etposte·

167 1527 274 1634 ffiffl
285 1547 767 1621 veis.ttt,ettesuecep.ult.vers.
779 1547 828 1615 323
841 1544 1077 1618 quomodoeigo
1119 1560 1169 1603 ros
1191 1563 1293 1617 meos,
1313 1548 1367 1621 qui
1389 1549 1446 1606 sub
1467 1551 1556 1606 tosue
1577 1547 1735 1606 Sichimam
1758 1549 1912 1618 totamque

182 1663 260 1704 agrum
286 1631 392 1690 dicitur
401 1631 449 1690 hic
461 1633 546 1706 quod
556 1647 625 1688 eum
636 1629 804 1703 acquisierit
814 1626 933 1699 gladio?
946 1629 1079 1699 Respon·
1119 1628 1316 1686 chananaeam
1329 1631 1559 1704 expugnabunt,
1573 1630 1691 1705 sibique
1704 1628 1870 1700 subjicient.

167 1710 267 1758 sicient
286 1715 357 1772 dent
372 1719 461 1786 pomo
478 1714 622 1771 Eusebius
640 1718 668 1770 et
685 1715 713 1769 S.
734 1712 978 1784 Chrysostemua,
993 1709 1077 1782 qued
1156 1712 1257 1778 Quinto
1267 1715 1296 1769 et
1306 1714 1426 1786 optime,
1440 1715 1528 1772 Jacob
1539 1729 1645 1787 mrum
1653 1713 1783 1770 eitumiu
1796 1712 1912 1770 sichem
1949 1716 2026 1786 orba

166 1773 247 1880 iffi,
286 1797 403 1856 Simeon
416 1798 523 1855 etlevi
537 1795 643 1855 urbem
657 1800 685 1853 et
698 1811 804 1866 agrum
818 1795 948 1862 sichem,
963 1791 1003 1850 ob
1017 1795 1080 1849 stu·
1119 1794 1202 1868 prius
1217 1795 1288 1852 emit
1306 1797 1432 1868 pecunia
1451 1797 1490 1855 ab
1509 1799 1633 1868 llemer,
1649 1811 1716 1869 cap.
1736 1811 1843 1866 miii,
1864 1798 1910 1854 39.
1924 1781 2029 1880 ffifw

285 1896 376 1954 prum
393 1879 471 1938 nine
491 1897 510 1939 a
528 1880 682 1938 Sichimitis
699 1879 832 1948 illatum,
846 1877 913 1949 jiiie
931 1873 1003 1932 belli
1020 1873 1078 1931 sibi
1120 1878 1175 1935 Sed
1196 1893 1266 1934 cum
1281 1882 1350 1953 post
1365 1885 1493 1953 stragem
1514 1880 1647 1938 sichimis
1663 1893 1682 1938 a
1701 1879 1912 1950 suminatam,

284 1965 423 2038 patrique
435 1963 615 2040 subegerint.
627 1961 891 2019 verumhancvim
904 1962 933 2016 et
945 1959 1003 2016 boe
1016 1957 1079 2015 bel·
1119 1965 1254 2018 metuens
1271 1977 1309 2018 ne
1329 1962 1486 2020 chananei
1505 1963 1536 2020 iii
1556 1979 1586 2019 se
1607 1961 1734 2020 vicissim
1750 1961 1913 2032 irruerent,

285 2047 349 2106 lum
367 2049 517 2106 damnavit
537 2049 600 2122 ipse
618 2053 702 2121 pater
722 2045 813 2106 Jacob
831 2061 893 2104 non
907 2047 1023 2102 tautum
1035 2043 1079 2101 ri·
1120 2043 1189 2102 iude
1200 2044 1333 2112 abiisset,
1346 2050 1535 2118 tuncagruin
1547 2045 1851 2104 buncSicbemeusem
1864 2061 1914 2103 ee-

285 2146 357 2190 vens
364 2172 375 2201 ,
387 2131 439 2190 sed
452 2136 481 2188 et
491 2132 633 2198 moriens,
649 2133 683 2188 ut
695 2134 775 2204 patet
787 2145 853 2203 cap.
868 2144 943 2201 seq„
957 2143 1034 2184 vers.
1048 2128 1077 2186 6.
1120 2132 1266 2201 cuparunt
1284 2130 1373 2187 vicini
1391 2130 1571 2200 amorrhaei,
1588 2145 1666 2203 quos
1689 2129 1806 2188 rediens
1823 2131 1912 2187 laceb

166 2213 270 2262 semaa
319 2215 450 2282 Secunda
459 2215 624 2286 Chaldaeus,
639 2218 668 2272 et
681 2231 717 2272 ex
726 2229 762 2272 eo
771 2212 928 2271 abulensis
940 2217 970 2267 et
982 2209 1079 2268 aben·
1120 2210 1150 2267 vi
1163 2215 1192 2268 ct
1205 2211 1295 2269 armis
1309 2212 1436 2285 expulit,
1448 2229 1597 2288 suumque
1610 2227 1717 2284 agrum
1729 2213 1761 2270 in
1772 2213 1873 2284 gladio
1884 2218 1914 2270 et

284 2301 355 2357 Esra
367 2304 501 2370 vertunt,
515 2315 597 2372 paam
615 2300 669 2354 tuli
682 2297 793 2368 eladio,
803 2296 836 2354 id
847 2299 906 2364 est,
919 2297 1042 2350 eratione
1051 2299 1079 2350 et
1120 2311 1191 2352 areu
1201 2295 1320 2368 recepit.
1330 2297 1389 2353 lloc
1400 2295 1480 2354 enim
1490 2297 1539 2354 bic
1549 2296 1627 2354 clare
1637 2295 1754 2366 dicitur,
1764 2296 1830 2353 licet
1840 2295 1913 2353 alibi

283 2385 431 2455 precibus:
447 2381 603 2440 heceuim
621 2383 690 2436 sunt
707 2393 792 2438 arma
812 2376 1079 2449 etgladiipiorum
1120 2381 1261 2448 resgesta
1274 2382 1492 2438 nounairetur.
1508 2380 1550 2436 lta
1571 2394 1609 2436 ex
1627 2379 1744 2438 andrea
1756 2379 1845 2437 ltasio
1860 2381 1913 2438 Pe·

285 2460 809 2538 ctsanctorum,qualiserattoeeb.
1119 2460 1213 2518 rarius
1231 2459 1280 2532 (l).

166 2553 248 2603 M*
323 2557 428 2648 Teriw'
451 2553 480 2610 S·
500 2551 697 2647 ffi⁰¹s⁰nimu⁸
710 2567 718 2606 ²
732 2551 766 2608 ιη
785 2549 893 2646 imw’
915 2548 1030 2642 ἰωή
1051 2555 1079 2608 ⁰3
1149 2595 1912 2668 (llQuamstctiemussupraeap.mii,2,ctiomdiaitnr,

286 2653 368 2703 Μ’
379 2636 412 2696 ¹d
423 2641 483 2706 ⁰⁸‘2
496 2634 684 2705 f⁰ft¹i¹¹dffl⁰2
698 2637 773 2707 9¹¹ta
784 2649 815 2692 ω
826 2645 971 2728 ΡΫΟΨΕ»
984 2643 1078 2704 qum
1119 2668 1256 2720 veris'mile
1268 2675 1306 2720 est
1327 2671 1544 2734 amorrhaeosbie
1556 2687 1601 2740 pio
1614 2673 1759 2726 Chananais
1770 2674 1913 2742 generatim

285 2719 381 2778 multo
401 2723 429 2778 et
450 2718 553 2777 labore
574 2721 604 2776 et
622 2717 732 2777 sudore
751 2729 905 2790 acquisivi.
925 2715 1006 2773 Unde
1025 2717 1078 2772 lle-
1119 2737 1186 2802 atei,
1200 2745 1230 2788 u,
1246 2741 1320 2790 m,
1336 2753 1366 2800 n,
1383 2745 1412 2806 9,
1425 2741 1493 2806 quoa
1506 2741 1545 2794 flu
1557 2743 1769 2810 Chamm,
1781 2743 1872 2811 quiem
1885 2749 1913 2796 α

284 2803 400 2864 braum
417 2811 513 2886 Πῦρ
530 2804 628 2870 tacet,
642 2802 728 2876 quod
742 2802 845 2860 Noster
862 2811 965 2858 mum
976 2798 1078 2870 vertit,
1119 2807 1214 2859 Galim
1227 2810 1432 2878 accensebantur,
1446 2813 1614 2877 ponutlstmi
1627 2819 1717 2868 esent.

570 3130 776 3238 CAPUT
814 3127 1357 3250 Quauaaaasllltlit
1391 3117 1621 3238 NONUM.

899 3353 1103 3420 alnensis
1122 3355 1299 3418 CAPITIS.

285 3542 366 3596 Jacob
375 3540 525 3598 moritum
535 3537 686 3592 ccaoecati'a
696 3493 765 3602 ttttc'e
775 3531 922 3597 benedicit,
933 3536 959 3588 et
968 3532 1143 3603 prophetizat
1153 3547 1214 3602 pac
1221 3535 1339 3602 posteris
1349 3533 1418 3590 bona
1427 3534 1553 3607 mataw
1562 3539 1620 3594 atat
1630 3543 1767 3598 aalma
1778 3541 1912 3609 Secunda

320 3649 391 3692 aare.
406 3635 456 3700 29,
468 3632 564 3702 juleae
577 3645 605 3688 ee
618 3631 729 3702 sepeliet
741 3632 773 3684 ta
787 3629 917 3686 Chaaoea
928 3630 1056 3686 moriae.
1070 3627 1170 3698 Aliqui
1184 3635 1267 3698 ceput
1277 3629 1324 3686 tec
1337 3633 1489 3688 immitunt
1502 3649 1511 3687 ε
1526 3633 1744 3693 benedictiones
1755 3633 1914 3696 duodoeim

320 3728 569 3798 Patrimcharum3
584 3729 637 3784 etti·
650 3745 660 3780 ε
673 3723 828 3797 prophetia
846 3724 884 3780 de
900 3721 1059 3780 duedecim
1077 3723 1260 3786 Patriarchis.
1278 3727 1392 3800 Utrique
1403 3743 1464 3787 ecre
1480 3735 1506 3785 et
1523 3735 1594 3789 recte
1607 3751 1617 3789 .-
1631 3735 1776 3808 ritrumpue
1787 3737 1858 3792 enim
1870 3735 1914 3794 aa

321 3829 381 3899 uptt
394 3825 484 3884 Jacob.

332 4010 364 4078 l.
380 4009 520 4079 Vocavit
532 4017 643 4078 autem
656 4006 756 4076 Jacob
770 4005 858 4076 filies
870 4027 966 4090 suos,
985 4013 1018 4074 et
1035 4003 1082 4072 ait
1101 4005 1170 4074 eis:
1188 4007 1461 4098 Congregamini,
1483 4016 1522 4077 ut
1537 4012 1731 4084 annuntiem
1747 4037 1823 4106 quae
1836 4039 1928 4088 vem.

216 4163 220 4172 -
285 4126 362 4186 tura
374 4123 454 4184 sunt
464 4113 559 4184 vebis
569 4115 605 4183 in
618 4113 735 4182 diebus
747 4113 944 4181 novissimis.
962 4112 994 4179 2.
1009 4111 1283 4200 congregamini,
1299 4121 1332 4180 et
1344 4112 1475 4196 audite,
1491 4113 1553 4184 filii
1566 4117 1677 4202 Jacob,
1693 4120 1804 4189 audite
1815 4122 1916 4191 lsrael

286 4231 413 4315 patrem
426 4228 585 4289 vestrum.
606 4220 638 4288 3.
656 4218 776 4286 Ruhen
789 4218 1028 4309 primogenitus
1047 4239 1161 4302 meus,
1180 4225 1217 4286 tu
1235 4219 1394 4286 tortitudo
1412 4243 1506 4306 mea,
1526 4231 1557 4289 et
1574 4223 1773 4315 principium
1793 4226 1917 4296 doloris

286 4330 352 4397 mei
367 4352 375 4396 ε
391 4328 482 4418 prior
494 4326 530 4393 in
544 4323 659 4410 deuia,
674 4323 781 4415 major
792 4323 828 4392 in
841 4323 992 4414 imperio.
1016 4323 1050 4390 i.
1066 4321 1200 4392 Effusas
1212 4345 1246 4391 es
1259 4322 1342 4391 sicut
1355 4347 1460 4415 aqua,
1476 4347 1542 4393 non
1556 4349 1699 4418 crescas;
1713 4329 1794 4422 quia
1806 4355 1917 4402 ascen-

286 4435 363 4502 disti
376 4433 484 4501 cubile
498 4429 601 4522 patrie
612 4429 685 4516 tui,
699 4438 733 4496 et
744 4429 916 4496 maculasti
928 4437 1067 4496 atratum
1081 4429 1163 4518 ejus.
1185 4430 1217 4498 5.
1234 4429 1368 4498 Simeon
1394 4440 1426 4497 et
1439 4429 1518 4500 Levi
1539 4433 1673 4520 fratrea,
1693 4459 1772 4506 vasa
1793 4439 1917 4530 iniqui·

286 4541 362 4608 tatis
373 4536 543 4608 bellantia.
565 4536 599 4604 6.
614 4535 654 4604 In
666 4533 841 4603 consilium
856 4557 971 4603 eorum
985 4557 1053 4603 non
1066 4535 1179 4604 veniat
1195 4536 1306 4604 anima
1319 4559 1410 4621 mea,
1432 4545 1465 4604 et
1481 4537 1517 4606 in
1530 4546 1617 4607 coetu
1634 4540 1770 4610 illorum
1789 4567 1857 4612 non
1874 4545 1917 4613 sit

285 4647 392 4735 gloria
406 4666 499 4729 mea3
515 4642 594 4732 quia
607 4639 643 4708 in
656 4639 768 4707 lurore
780 4660 841 4705 sue
855 4637 1044 4707 occiderunt
1057 4639 1180 4726 virum,
1196 4650 1228 4708 et
1240 4642 1275 4708 in
1289 4641 1459 4709 voluntate
1471 4665 1532 4711 sua
1544 4643 1752 4714 suffoderunt
1766 4671 1913 4720 murum.

287 4753 319 4819 7.
336 4751 528 4820 Maledictus
539 4747 634 4817 furor
646 4765 773 4830 eorum,
785 4745 862 4836 quia
877 4745 1025 4836 pertinax
1041 4771 1049 4812 ε
1066 4753 1098 4814 et
1110 4746 1294 4835 indignatio
1307 4769 1434 4832 eorum,
1450 4749 1529 4839 quia
1542 4747 1626 4818 dura
1637 4751 1801 4822 :dividam
1815 4777 1869 4822 eos
1880 4754 1916 4824 in

286 4856 406 4937 Jacob,
424 4865 455 4923 et
469 4855 653 4946 dispergam
668 4872 723 4919 ecs
742 4849 778 4916 in
790 4849 901 4916 Israel.
918 4849 950 4916 8.
966 4848 1074 4936 Juda,
1093 4858 1125 4919 te
1142 4852 1326 4920 laudabunt
1339 4851 1456 4920 fratres
1469 4853 1542 4922 tui:
1563 4876 1681 4925 manus
1694 4864 1752 4927 tua
1764 4859 1801 4928 iii
1813 4860 1919 4930 cerii-

286 4963 379 5031 cibus
392 4961 603 5028 inimicorum
617 4965 772 5039 tuorum,
792 4954 976 5021 adorabunt
994 4963 1026 5022 te
1044 4956 1107 5023 filii
1123 4957 1224 5047 patris
1237 4959 1299 5026 tui.
1319 4957 1352 5025 9.
1368 4957 1505 5026 Catulus
1521 4959 1626 5028 leonia
1644 4960 1732 5032 ‚Iuda
1748 4987 1756 5030 :
1775 4965 1816 5033 ad
1835 4987 1919 5056 pim-

287 5071 386 5153 dam,
405 5065 456 5133 fili
474 5065 541 5150 mi,
563 5059 757 5132 ascendisti:
777 5059 982 5150 requiescens
1000 5062 1179 5130 accubuisti
1200 5071 1237 5130 ut
1253 5064 1325 5149 leo,
1348 5071 1381 5131 et
1398 5064 1492 5153 quasi
1509 5064 1631 5151 leaena,
1653 5069 1730 5160 quis
1748 5071 1918 5142 suscitabit

288 5177 389 5244 euml
407 5173 460 5243 10.
475 5171 550 5239 Non
562 5169 731 5238 auferetur
743 5172 907 5256 sceptrum
921 5165 961 5234 de
973 5165 1077 5252 Juda,
1099 5176 1132 5236 et
1151 5169 1220 5238 dux
1232 5169 1273 5238 de
1286 5171 1408 5239 femere
1422 5169 1449 5262 ej
1455 5192 1513 5256 us,
1529 5169 1631 5242 denec
1644 5175 1756 5244 veniat
1768 5176 1827 5269 qui
1841 5179 1917 5248 mit·

288 5279 408 5351 tendas
420 5285 486 5362 est,
501 5281 534 5344 et
546 5275 616 5368 ipse
629 5273 692 5342 erit
704 5269 898 5362 exspectatio
912 5272 1074 5361 gentium.
1091 5274 1145 5343 it.
1161 5275 1283 5363 Ligans
1295 5276 1337 5346 ed
1350 5276 1481 5344 vineam
1495 5279 1627 5368 pullum
1640 5304 1752 5368 suum,
1767 5292 1800 5352 et
1811 5285 1854 5353 ad
1867 5285 1917 5354 vi·

289 5395 375 5474 tem,
391 5383 409 5452 d
425 5381 472 5452 iili
487 5379 552 5470 mi,
572 5381 696 5450 asinam
716 5401 821 5448 suam.
844 5379 980 5449 Lavabit
995 5383 1029 5452 in
1044 5384 1121 5453 vino
1135 5384 1250 5450 stolam
1265 5405 1380 5468 suam,
1400 5389 1431 5448 et
1448 5381 1484 5450 iu
1502 5386 1663 5475 sanguine
1682 5409 1757 5459 nvae
1774 5390 1916 5480 pallium
