4018 5976
620 297 863 360 cocurreritis
880 301 916 361 lii
932 301 1086 374 tibulli,
1104 315 1167 362 aaa.
1185 299 1297 362 xxtltt.
1717 297 1773 362 aas

184 399 256 462 iiiuc
268 401 762 482 euemapnduenliles,preserum
776 406 937 482 Egyptian,
980 420 1117 467 sermone
1131 423 1193 466 non
1205 409 1311 486 potest.
1328 401 1446 466 nebris
1462 403 1678 478 impetaturtet
1689 401 1772 466 cun·

147 481 248 542 tuntca
257 481 393 560 byssina,
407 485 563 558 vellinae,
576 489 937 564 eratreligionlssymbo-
980 493 1043 548 stus
1068 505 1190 566 quoque
1216 489 1383 548 afflictionis
1409 488 1545 547 sooistme
1571 486 1770 557 menuitur,

147 565 227 638 ium,
242 571 364 646 eratque
380 571 470 628 sestis
483 571 670 630 sacerdotum
680 591 688 628 :
700 573 782 630 unde
797 569 937 646 apuleius
980 575 1213 648 quamvisetinm
1221 569 1771 646 samantannsroeetne,quamrisbon

146 645 179 706 tn
198 649 338 726 apologia
357 649 395 708 de
416 651 496 710 lineo
516 655 618 712 tantm
634 653 873 727 «sacerdotalis,
892 655 938 712 in·
979 655 1006 712 ei
1018 655 1277 730 obiiciatur,qnod
1288 656 1432 716 demonis
1443 652 1622 726 intemperile
1633 653 1770 726 mutua,

147 731 227 805 quit,
238 733 411 792 estvestltns
423 740 452 792 et
467 738 625 795 amictuse
641 739 676 796 lit
689 738 868 807 llerodotus,
882 735 935 795 lib.
980 751 1049 793 cum
1062 740 1121 794 lieo
1135 741 1236 797 omnia
1247 738 1395 812 suscipiet.
1409 739 1498 796 linita
1508 737 1622 806 adbuc,
1632 736 1771 812 mamus

147 815 186 885 ll,
201 830 285 873 num.
303 818 361 874 ιιι
381 819 573 878 «Sacerdotes
594 821 722 895 AEgyptii
741 825 854 878 vestem
873 823 937 878 tan·
979 819 1074 878 multe
1084 821 1250 895 pertulerit,
1263 821 1433 890 restabunt,
1447 823 1561 878 sermm
1567 817 1646 891 ,iei,
1659 833 1771 882 corona

147 901 212 956 tum
228 897 338 956 lineam
357 903 476 974 gerunt,
496 919 550 960 neo
571 903 662 961 eiiam
681 903 724 960 eis
744 903 869 960 induere
890 899 937 960 ias
979 903 1102 976 spinea,
1122 908 1270 979 sceptrum
1291 902 1661 976 emmeramensem
1679 905 1772 969 sotei·

42 983 121 1032 tenna
147 985 200 1040 est.
214 1001 230 1037 a
244 981 349 1042 Linum
370 985 449 1042 enim
470 989 536 1060 apte
551 987 697 1059 signifieat
710 985 936 1043 sanctimoniam
979 999 1047 1056 nea,
1061 1001 1144 1059 crux,
1157 989 1244 1060 elavi,
1257 988 1386 1045 lenones
1398 986 1488 1044 simul
1500 987 1579 1045 cruci
1593 985 1685 1058 nuni,
1695 1003 1771 1060 prte-

27 1050 136 1152 “ffl'
146 1067 347 1140 sacerdotum
361 1083 431 1126 nam
442 1073 548 1142 primo,
563 1075 607 1128 est
620 1069 860 1137 mundissimum,
871 1072 935 1126 tum
978 1067 1153 1127 tereuntium
1162 1070 1357 1130 contumeliae.
1363 1069 1519 1144 Superiora
1526 1071 1606 1130 enlm
1617 1073 1708 1134 liettlb
1717 1071 1770 1134 ht·

27 1170 128 1214 anisa.
146 1149 217 1224 qanta
228 1151 324 1208 multo
339 1149 446 1210 medus
464 1153 590 1224 detergit
602 1153 721 1222 sordes,
738 1167 830 1225 quam
850 1151 935 1222 lana,
978 1149 1048 1210 bere
1060 1157 1195 1227 oportet,
1207 1169 1244 1211 eo
1256 1153 1377 1212 nominc
1389 1154 1421 1210 in
1434 1154 1637 1226 enumerem
1647 1154 1770 1218 vamen-

55 1231 100 1298 ‚²¹⁸·
144 1237 209 1291 tum
221 1232 936 1310 quaternasaepepotest.secunao,qnla1anea
977 1237 1052 1305 ιοιιι,
1068 1235 1154 1310 qnod
1171 1237 1273 1310 plures
1290 1235 1436 1294 cruciatus
1455 1234 1537 1296 teret.
1559 1236 1666 1300 onan
1683 1239 1767 1312 pann

24 1287 133 1396 §mm
146 1319 175 1372 et
187 1312 280 1374 serice
292 1314 365 1389 tingi
377 1321 406 1374 et
416 1316 508 1374 fucari
519 1321 644 1390 possunt
655 1335 663 1372 e
673 1321 704 1373 at
714 1317 812 1374 linum
822 1315 936 1390 simpli·
977 1317 1098 1388 cedent,
1116 1333 1208 1392 quam
1221 1323 1255 1375 ut
1272 1333 1378 1375 manus
1399 1318 1449 1376 det
1467 1317 1665 1392 pbitompbne
1683 1321 1767 1384 ciu-

81 1463 85 1470 ,
145 1397 237 1456 citatis
258 1415 379 1470 amans,
399 1400 555 1458 tincturam
579 1413 701 1457 omnem
724 1403 753 1456 et
770 1397 871 1456 fucum
890 1410 936 1456 re·
976 1400 1125 1458 suenus.»

145 1481 225 1555 spuit
238 1499 246 1538 ε
259 1482 567 1555 estergoaymbolnm
580 1482 672 1539 animi
681 1481 822 1556 simplicis
831 1485 859 1538 et
867 1495 935 1539 can·
1012 1485 1051 1541 Er
1068 1497 1174 1543 nassau
1185 1497 1320 1543 mesmes
1334 1498 1437 1542 encres.
1451 1483 1685 1546 -rlaraestea
1699 1501 1767 1561 qaam
1801 1511 1863 1557 sss,

145 1562 223 1634 didi,
236 1564 289 1640 qui
302 1579 422 1623 omnem
432 1565 582 1624 fictionem
596 1567 722 1640 respuit,
734 1563 831 1640 qualis
844 1565 935 1624 debet
976 1567 1083 1626 cidaris
1096 1573 1126 1626 nt
1144 1569 1231 1626 mitre
1243 1567 1365 1640 dicitur;
1381 1568 1459 1626 hanc
1472 1567 1513 1627 ita
1527 1581 1564 1628 ex
1576 1569 1705 1642 tosepbe
1717 1570 1767 1632 ds-
1780 1573 1883 1645 pressea

23 1641 107 1692 ruite.
145 1661 208 1704 osse
219 1647 251 1704 in
261 1648 421 1705 secerdote.
438 1650 542 1717 tutto,
556 1647 651 1706 linum
669 1648 736 1707 licet
748 1653 853 1718 tenue,
866 1663 933 1706 ner·
976 1649 1078 1708 scribit
1090 1651 1117 1709 S.
1132 1651 1347 1725 Hieronymus:
1365 1653 1551 1721 «Quadam,
1565 1651 1671 1724 inane,
1682 1653 1767 1715 veeti-
1777 1639 1883 1740 πζῗιζῗι,

143 1743 250 1786 vosum
262 1735 363 1788 umen
377 1733 421 1787 est
433 1734 463 1788 st
473 1731 641 1802 robustum,
652 1732 729 1791 adeo
740 1737 774 1789 nt
786 1745 886 1806 apros,
901 1733 934 1794 ln
976 1732 1067 1791 menti
1079 1749 1172 1808 genus
1189 1737 1233 1792 est
1249 1735 1393 1808 pileolum
1405 1734 1590 1804 rotundum,
1603 1735 1692 1809 quale
1706 1737 1767 1810 pia-
1778 1755 1883 1802 raum

144 1813 207 1884 eJus
218 1815 292 1872 retia
305 1831 336 1871 se
345 1815 512 1884 induentes,
522 1817 657 1874 concidat
672 1833 678 1872 :
694 1816 753 1874 tale
766 1813 856 1874 debet
869 1829 933 1876 osse
974 1817 1040 1876 tum
1052 1817 1084 1874 in
1097 1817 1196 1892 Ulyssa
1209 1817 1422 1891 conspicimus,
1436 1818 1523 1891 quasi
1538 1817 1655 1892 spuma
1668 1818 1768 1887 media
1787 1815 1878 1875 aaran

21 1902 112 1957 omne.
142 1896 236 1954 robur
255 1902 284 1955 et
299 1898 384 1955 nervi
405 1899 575 1956 sacerdotis.
591 1901 694 1967 Quarto
708 1919 718 1956 .·
734 1900 880 1969 «Linum,
894 1899 935 1958 ait
974 1898 1012 1956 sit
1031 1900 1146 1971 divisa,
1165 1906 1194 1960 et
1215 1917 1286 1976 pars
1306 1917 1368 1962 nna
1385 1905 1516 1974 ponatur
1534 1901 1565 1960 iu
1580 1901 1689 1975 capitor
1709 1902 1767 1964 bue
1811 1877 1850 1920 ‘¹⁰'

143 1979 262 2049 Plinius,
274 1995 392 2054 semper
403 1981 511 2054 injuria
519 1981 704 2053 titmelius3r
717 1983 760 2040 sie
770 1995 843 2040 vera
851 1995 935 2041 seno·
975 1983 1064 2042 Greci
1077 1988 1106 2044 et
1118 1985 1212 2044 nostri
1224 1987 1339 2056 demna,
1353 1985 1490 2045 nonnulli
1502 1984 1636 2056 galerum
1649 1990 1766 2060 necant,

141 2061 208 2120 titas
228 2062 414 2120 sacerdotum
428 2064 560 2121 adversis
572 2072 707 2136 angetur.
722 2065 838 2138 injuriae
857 2081 934 2139 quas
973 2067 1086 2126 flabral
1097 2069 1274 2145 mitsneplret
1283 2067 1438 2128 nominant
1444 2087 1453 2138 ι
1465 2083 1528 2130 non
1537 2067 1628 2128 babet
1639 2082 1767 2130 acumen

140 2145 237 2204 linum
257 2147 376 2218 tolerat,
394 2147 491 2204 donee
512 2148 552 2206 ad
572 2153 707 2222 optatum
729 2149 890 2208 candorem
904 2153 934 2208 et
972 2149 1005 2211 in
1017 2165 1146 2224 summo,
1158 2169 1213 2212 nee
1225 2157 1320 2212 totum
1333 2153 1479 2226 usquead
1491 2166 1609 2212 comam
1623 2153 1712 2226 eaput
1724 2155 1766 2210 ts·

141 2224 332 2304 splendorem
356 2232 523 2304 perveniat,
549 2232 687 2306 plurima
714 2237 800 2305 suut,
824 2233 934 2292 seilicet
972 2235 1030 2308 git,
1043 2236 1221 2296 sedlertiam
1235 2234 1488 2312 pertematronte
1502 2236 1667 2309 inopertam
1677 2235 1767 2294 rebla·

143 2311 269 2382 savelli,
284 2312 400 2383 siccari,
413 2315 554 2370 macerari
568 2314 677 2384 tinnio,
690 2315 796 2373 iterum
811 2314 914 2374 slcoari
921 2357 933 2388 ,
972 2318 1378 2394 qnit,atqueltsinocoipitio
1387 2319 1459 2380 vitta
1468 2319 1658 2380 neustriorum
1669 2322 1724 2392 eet,
1734 2322 1767 2380 ut

138 2395 226 2452 tundi
238 2393 347 2452 malleo
360 2400 507 2469 stuparto,
520 2396 709 2468 decorticari,
721 2397 816 2456 scindi
827 2401 933 2472 spathe
972 2399 1128 2460 nontaoile
1138 2401 1256 2462 labatur
1264 2419 1303 2462 ex
1312 2401 1422 2476 capitae
1433 2405 1586 2464 astantem
1596 2401 1764 2475 eyminum.

141 2475 256 2558 ignea,
270 2478 347 2550 pecti
365 2476 465 2535 terreis
484 2479 598 2548 barnis,
611 2480 689 2549 neri,
702 2476 733 2537 tn
752 2480 805 2543 iilo
823 2480 913 2554 poliri
920 2523 932 2554 ,
971 2487 1002 2541 et
1015 2483 1057 2541 sic
1072 2481 1156 2543 inbre
1169 2489 1306 2557 opertum
1320 2484 1456 2554 baucio.
1469 2489 1503 2548 ut
1518 2483 1602 2544 nulla
1614 2499 1685 2544 sons
1701 2498 1766 2542 ves·

142 2559 216 2617 illidi
229 2559 334 2617 crebro
347 2560 379 2616 ln
392 2559 472 2616 sillae
484 2573 522 2618 ex
534 2573 630 2633 anua,
641 2562 716 2632 texi,
730 2566 759 2620 et
771 2563 859 2620 tundi
872 2563 931 2625 cin
971 2564 1042 2639 tigis
1052 2566 1230 2628 exuluseous
1243 2571 1439 2644 epponecurte

16 2655 74 2700 rem
92 2642 220 2714 pals.»
239 2641 418 2700 lilnolinnm
431 2642 805 2716 estopomnmpatlsntia‚
818 2649 932 2704 eicon·
1007 2648 1702 2722 additltedatierasbeesivegalerosbabuisse
1715 2664 1764 2712 ce·
1793 2665 1861 2722 nass

14 2717 111 2763 uenuae.
140 2729 295 2800 sequenter
314 2723 471 2783 sanctitatis
492 2725 576 2800 (qum
594 2727 716 2786 illustris
735 2727 767 2785 in
779 2729 931 2788 sacerdote
970 2732 1108 2802 ronulas,
1123 2733 1215 2806 idque
1232 2737 1313 2806 patet
1325 2749 1363 2789 ex
1375 2734 1466 2789 Eboda·
1479 2747 1581 2804 anxis,
1594 2733 1644 2803 ιιι
1657 2747 1700 2792 eae
1714 2749 1764 2792 en
1776 2727 1881 2810 latrina

139 2823 202 2866 esse
225 2808 326 2882 debet)
344 2808 526 2882 symbolum.
542 2808 598 2868 ilas
616 2809 657 2868 ob
676 2823 781 2870 canses
798 2813 932 2887 Apostoli
970 2817 1032 2874 tarn
1047 2817 1198 2875 coronula
1214 2816 1245 2876 in
1258 2815 1331 2874 tiene
1344 2813 1492 2888 pontificis
1509 2817 1718 2888 santanae,
1731 2815 1763 2872 in
1784 2801 1871 2904 “w
1996 2815 2000 2823 '

139 2891 248 2950 lineam
265 2893 366 2951 albam
382 2889 415 2950 in
435 2893 524 2954 saeris
543 2895 667 2956 aaronis
684 2895 847 2956 imttetione
864 2896 933 2960 rsit
970 2897 1129 2958 tiararero
1143 2897 1470 2960 etiornmsaoerdotum
1483 2897 1763 2972 erantbyssinmet
1833 2900 1834 2908 ’

139 2978 277 3042 nuernnt.
970 2979 1058 3055 quasi
1067 2981 1153 3040 orbes
1165 2979 1289 3054 quidem
1300 2979 1425 3054 byssini,
1438 2979 1499 3038 sive
1509 2979 1596 3054 quasi
1605 2978 1764 3043 vitutum

172 3055 264 3114 Porro
283 3055 358 3112 slent
374 3055 454 3114 unsa
468 3055 571 3114 tunica
581 3059 678 3115 totum
693 3071 803 3133 corpus
819 3059 932 3118 ambia-
971 3079 1050 3138 sape
1067 3064 1099 3124 in
1118 3062 1391 3136 serantapicus,
1405 3061 1448 3123 nti
1462 3061 1762 3138 minusttosepnns.
1869 3104 1870 3108 =

137 3135 207 3208 bet,
219 3138 260 3198 lta
281 3138 421 3212 patientia
440 3137 600 3198 sacerdotis
617 3144 647 3199 et
665 3141 796 3214 cujusvis
815 3142 929 3214 tideus,
971 3145 1338 3220 Rursumtiarepontificis
1351 3144 1764 3208 habebatlamiuameureum

137 3221 191 3298 qrd
204 3221 341 3294 spiritalis
354 3225 399 3280 est
411 3223 562 3293 sacerdos,
575 3225 668 3282 utam
679 3224 810 3283 bominis
822 3226 929 3299 dnm,
970 3243 1130 3298 annuam,
1142 3228 1191 3288 out
1203 3227 1384 3303 insculptum
1394 3231 1456 3287 eret
1468 3241 1580 3287 nomen
1592 3229 1764 3302 tetament-

138 3318 300 3378 omnesque
311 3309 393 3364 actus
404 3309 433 3362 et
443 3305 629 3366 difficultates
639 3309 793 3382 complecti
805 3311 833 3368 ei
843 3325 931 3384 snpe-
967 3316 1104 3383 ,metuam
1116 3324 1210 3385 (ιιιιιιι
1229 3325 1291 3372 non
1308 3309 1459 3374 trabebant
1478 3310 1559 3371 tieem
1576 3307 1705 3372 altorem
1717 3327 1763 3372 sa·

19 3401 115 3459 ungros
136 3402 202 3446 rara
219 3388 317 3447 debet.
332 3392 393 3447 lloc
412 3390 491 3446 anim
509 3395 552 3446 est
570 3405 647 3464 opus
663 3391 834 3467 Philosophi
847 3393 929 3452 cbri-
970 3395 1135 3456 cadolum.

17 3463 118 3534 pinu*
137 3472 233 3545 suam,
243 3486 333 3546 quem
342 3473 382 3529 ad
390 3473 492 3530 urum
502 3473 635 3546 depingit
642 3476 850 3548 Nazianzenus,
857 3481 927 3535 orat.
1005 3481 1088 3540 Tiasa
1098 3491 1171 3551 ergo
1182 3477 1330 3554 pontificia
1345 3466 1500 3540 differebat
1512 3495 1532 3538 a
1543 3479 1625 3538 tiaris
1635 3477 1762 3544 morum

8 3525 125 3630 ffl'fi'
136 3557 191 3626 28,
204 3556 257 3613 ubi
271 3557 312 3613 ait
322 3555 442 3614 fidelem
455 3567 606 3630 quemque
623 3573 660 3616 ex
674 3559 799 3631 ignobili
810 3573 928 3632 genere,
970 3563 1178 3633 secerdotum,
1191 3561 1272 3630 unde
1289 3565 1318 3620 et
1336 3561 1368 3620 in
1385 3562 1508 3622 Hebraeo
1525 3561 1645 3622 nomine
1663 3561 1764 3622 disert-

135 3641 618 3713 putaexlnto,esseprognetum
635 3641 844 3700 :nobilitatem
856 3659 928 3701 vero
971 3646 1101 3706 minatur
1123 3663 1132 3702 ι
1149 3645 1225 3706 bare
1248 3643 1328 3704 eninr
1349 3643 1499 3718 ponuflds
1517 3647 1641 3704 vocatur
1658 3651 1761 3710 liutto

136 3722 200 3796 ejus
213 3723 370 3780 consistere
384 3723 415 3778 in
428 3724 553 3794 virtute,
567 3728 596 3781 et
608 3726 771 3798 presertim
783 3727 816 3784 in
828 3727 929 3800 quieta
969 3729 1143 3799 mitroepbot,
1164 3727 1204 3788 eb
1225 3725 1426 3798 involution03
1439 3723 1521 3784 tiara
1540 3741 1613 3786 vero
1633 3722 1761 3788 aliorum

136 3811 165 3864 et
180 3808 324 3864 constanti
337 3805 451 3880 ubique
463 3808 613 3881 patientia.
630 3810 710 3867 Unde
722 3810 784 3868 eit:
800 3810 928 3869 ellorbo
969 3811 1157 3872 sacerdotum
1169 3811 1313 3871 romanu
1330 3817 1450 3880 nareae
1461 3810 1596 3882 mipboot,
1611 3809 1651 3869 ab
1667 3809 1763 3870 altitu·

134 3889 273 3948 laborati
282 3884 444 3965 pugnabit3
459 3891 543 3962 quod
555 3891 581 3948 sl
591 3891 685 3948 dctus
696 3891 794 3962 tuerit,
807 3891 925 3950 unca:
969 3894 1049 3954 dine.

132 3973 192 4032 boc
209 3973 318 4030 scilieet
333 3975 617 4042 assecutus,ut1am
631 3987 694 4030 non
707 3973 836 4046 amplius
849 3989 925 4046 pug-
1005 3969 1079 4030 liudi
1087 3968 1249 4040 Josepbum
1259 3966 1362 4024 tiaram
1372 3965 1521 4040 pontilicis
1533 3966 1760 4044 describentem,
1793 3991 1861 4038 rnre

133 4061 194 4114 net.
203 4059 317 4130 Pauper
329 4057 393 4112 esti
402 4067 460 4128 pro
467 4055 581 4115 ,divitiis
594 4057 686 4112 bourn
697 4055 821 4112 habebit
826 4073 836 4126 3
851 4056 926 4113 divi-
969 4056 998 4108 et
1007 4051 1046 4108 ab
1059 4049 1187 4107 aliorum
1196 4047 1383 4108 secerdotum
1394 4048 1474 4106 tiaris
1488 4047 1737 4112 discriminantem
1751 4071 1759 4110 ς
1778 4053 1870 4109 enerrp

132 4135 176 4198 tes
187 4138 336 4208 irridebit,
347 4141 379 4195 ut
392 4138 462 4211 qni,
477 4138 543 4195 lieet
553 4137 704 4195 inanitates
715 4154 784 4196 suas
795 4138 928 4212 quotidie
971 4132 1124 4202 «Pileolo,
1138 4130 1250 4204 inqtsit,
1263 4131 1350 4224 manli
1363 4135 1392 4187 et
1410 4131 1505 4189 eoeteri
1518 4133 1686 4228 sacerdotes
1699 4139 1760 4192 ute·
1773 4116 1879 4232 {¹52me

132 4226 276 4295 augeant,
290 4235 406 4298 semper
418 4227 517 4279 tamen
529 4235 675 4294 pauperes
690 4221 763 4291 sint,
776 4221 848 4294 qrnin
860 4221 928 4296 plu·
967 4214 1088 4285 buntur,
1099 4229 1190 4285 super
1205 4227 1295 4286 wem
1313 4212 1389 4270 allus
1399 4213 1533 4272 exstabat
1546 4229 1584 4272 ex
1600 4215 1760 4290 hyacintho

131 4306 216 4365 ribus
230 4306 378 4378 indigent,
391 4305 558 4378 bibuntque
577 4309 611 4361 ut
627 4305 733 4375 majori
749 4303 797 4360 siti
809 4304 925 4361 iniiam-
967 4300 1113 4369 vadatum
1127 4299 1208 4356 hunc
1224 4310 1317 4354 auree
1336 4312 1447 4354 corona
1462 4297 1570 4372 triplici
1589 4295 1695 4358 ordine
1707 4299 1762 4360 eir·

131 4391 260 4446 mentun.
278 4391 366 4447 Fame
381 4389 524 4445 venturi
537 4401 606 4445 eum
620 4388 727 4444 avibus
742 4388 848 4457 alatur,
861 4387 928 4461 qni·
968 4381 1145 4450 cumdabet,
1161 4381 1192 4436 in
1210 4394 1273 4452 qua
1290 4383 1459 4452 spectantur
1479 4380 1606 4457 calycult
1625 4378 1762 4456 (folliculi

132 4471 192 4530 bus
204 4471 298 4529 victus
309 4469 429 4530 sodoma
442 4474 471 4527 et
483 4469 624 4532 arebonis
633 4485 738 4542 expers
750 4474 803 4527 est.
814 4471 928 4528 sitian-
967 4459 1764 4544 domm)aureiqualesvidemusinherbaqnahyes·

132 4554 329 4627 gituriiontas
337 4553 364 4612 ei
372 4556 401 4611 et
409 4551 644 4625 fluminapotum
652 4552 929 4625 suppeditationem
968 4549 1082 4610 damus
1096 4547 1170 4618 (jam
1183 4547 1320 4618 oonupte
1329 4545 1533 4622 lmqnnanm)
1546 4547 1690 4608 dicitnn»
2004 4602 2005 4624 p

132 4637 256 4712 quidem
266 4639 372 4710 potum
385 4649 447 4693 non
460 4633 667 4704 inebriantem,
678 4649 732 4692 nee
746 4635 925 4693 dimensum.
1004 4629 1180 4704 vilalpsndo
1190 4628 1221 4685 in
1230 4642 1297 4701 cap.
1306 4643 1372 4688 ιιιι
1383 4629 1490 4696 duob,
1499 4633 1584 4706 putet
1590 4631 1695 4692 tiaram
1701 4631 1762 4692 aive
2004 4633 2005 4638 ’

132 4720 268 4794 algebit?
280 4719 359 4778 idam
368 4729 492 4794 qnoque
504 4717 596 4775 Paulo
606 4717 729 4788 aocidit;
742 4721 787 4774 est
795 4721 823 4774 et
831 4719 928 4790 quod·
969 4713 1093 4775 malacim
1103 4710 1251 4787 ponbfieis
1263 4725 1325 4770 non
1336 4709 1426 4770 fuisse
1438 4711 1563 4788 pileum,
1576 4711 1630 4772 sed
1642 4709 1763 4775 lnsebm

136 4805 209 4863 dam
228 4817 361 4861 cavamen
378 4803 595 4859 indumentum.
610 4799 770 4858 Maledictis
786 4799 929 4859 lacerabi-
969 4795 1540 4868 munitamqussaoerdotesetreges
1554 4793 1628 4854 olim
1641 4809 1764 4856 corona
1927 4867 1935 4877 ἱ
2003 4837 2005 4858 2

132 4885 199 4944 turi
212 4883 475 4942 vincetmeledicta
488 4883 929 4954 nonrogerendorerseeutio-
968 4877 1093 4950 banturt
1114 4876 1188 4936 olim
1207 4875 1288 4936 enim
1305 4877 1519 4952 imperatorum
1541 4871 1681 4936 damma
1699 4893 1762 4938 nen
1780 4899 1883 4948 mn„
2003 4865 2005 4970 ξ

133 4978 204 5026 nem
224 4967 372 5042 potietur?
392 4963 556 5022 sustinebit.
577 4963 856 5038 lilsspbemabiturt
874 4965 929 5024 ob·
969 4961 1244 5035 erataliud,qua1n
1261 4958 1488 5036 tnenoyssina
1502 4956 1761 5038 cinesnserstrin-
1781 4961 1877 5018 tmpera-
2004 4993 2005 5002 ι

133 5049 269 5108 seernbit,
279 5043 618 5121 calumniisprameturt
630 5046 736 5105 orabit.
751 5047 928 5107 ieronimus
969 5060 1042 5118 pens
1055 5049 1155 5118 ceput,
1166 5049 1224 5105 eta
1238 5049 1319 5115 urge
1331 5044 1363 5104 in
1376 5043 1501 5106 donum
1512 5041 1550 5104 de
1696 5062 1704 5106 s
1719 5047 1762 5108 uti
1776 5027 1871 5127 affl

133 5133 327 5190 indenturam
340 5128 929 5203 maxillamtprerbebitetalteram,tee-
968 5129 1071 5190 videre
1090 5133 1136 5188 est
1154 5128 1186 5188 in
1205 5125 1384 5200 imaginibus
1401 5129 1532 5188 veterum
1646 5132 1763 5194 aurum
1785 5155 1873 5196 oens.

132 5215 305 5275 matiam
319 5213 358 5287 (ei
369 5211 503 5286 baberet)
517 5211 768 5286 obiectumque
780 5211 875 5284 masis
887 5213 930 5272 ie·
969 5215 1189 5282 Romanorums
1208 5227 1279 5270 nam
1300 5209 1396 5284 pileus
1417 5209 1481 5288 ipse
1500 5225 1583 5272 sacer
1604 5212 1705 5285 etam,
1724 5213 1765 5274 ait
1813 5204 1851 5248 ’Δ

134 5297 256 5359 mann
269 5307 473 5374 pereum
485 5293 847 5372 auennensem
858 5305 929 5375 ene
967 5294 1161 5374 trasenna,
1180 5291 1335 5358 necatur
1355 5293 1462 5373 mana,
1485 5293 1573 5375 quaa
1592 5293 1764 5376 munus,
1790 5264 1866 5318 Μ’·
1996 5332 2005 5568 ⁴
