<?xml version="1.0" encoding="UTF-8"?>
<!DOCTYPE html PUBLIC "-//W3C//DTD XHTML 1.0 Transitional//EN"
    "http://www.w3.org/TR/xhtml1/DTD/xhtml1-transitional.dtd">
<html xmlns="http://www.w3.org/1999/xhtml" xml:lang="en" lang="en">
 <head>
  <title>
</title>
<meta http-equiv="Content-Type" content="text/html;charset=utf-8" />
  <meta name='ocr-system' content='tesseract 3.04.00' />
  <meta name='ocr-capabilities' content='ocr_page ocr_carea ocr_par ocr_line ocrx_word'/>
</head>
<body>
  <div class='ocr_page' id='page_1' title='image "./commentariainsc00lapigoog/commentariainsc00lapigoog_0927.png"; bbox 0 0 4018 5976; ppageno 0'>
   <div class='ocr_carea' id='block_1_1' title="bbox 235 233 1375 336">
    <p class='ocr_par' dir='ltr' id='par_1_1' title="bbox 235 233 1375 336">
     <span class='ocr_line' id='line_1_1' title="bbox 235 233 1375 336; baseline -0.004 -15"><span class='ocrx_word' id='word_1_1' title='bbox 235 253 289 321; x_wconf 79' lang='lat' dir='ltr'><strong>roa</strong></span> <span class='ocrx_word' id='word_1_2' title='bbox 723 233 1016 336; x_wconf 70' lang='lat' dir='ltr'><strong>consacraneus</strong></span> <span class='ocrx_word' id='word_1_3' title='bbox 1035 255 1268 327; x_wconf 70' lang='lat' dir='ltr'><strong>cranenco.</strong></span> <span class='ocrx_word' id='word_1_4' title='bbox 1288 253 1375 318; x_wconf 87' lang='grc' dir='ltr'>ιιιι.</span> 
     </span>
    </p>
   </div>
   <div class='ocr_carea' id='block_1_2' title="bbox 119 354 1968 4794">
    <p class='ocr_par' dir='ltr' id='par_1_2' title="bbox 235 354 1876 607">
     <span class='ocr_line' id='line_1_2' title="bbox 270 354 1874 434; baseline -0.005 -13"><span class='ocrx_word' id='word_1_5' title='bbox 270 362 325 421; x_wconf 88' lang='lat' dir='ltr'><strong>Ubi</strong></span> <span class='ocrx_word' id='word_1_6' title='bbox 336 367 425 420; x_wconf 88' lang='lat' dir='ltr'><strong>nota:</strong></span> <span class='ocrx_word' id='word_1_7' title='bbox 438 359 554 420; x_wconf 87' lang='lat' dir='ltr'><strong>Oblatio</strong></span> <span class='ocrx_word' id='word_1_8' title='bbox 574 363 624 420; x_wconf 85' lang='lat' dir='ltr'><strong>vel</strong></span> <span class='ocrx_word' id='word_1_9' title='bbox 636 363 756 420; x_wconf 87' lang='lat' dir='ltr'><strong>victima</strong></span> <span class='ocrx_word' id='word_1_10' title='bbox 770 365 890 434; x_wconf 80' lang='lat' dir='ltr'><strong>tenupbo</strong></span> <span class='ocrx_word' id='word_1_11' title='bbox 908 365 952 420; x_wconf 90' lang='lat' dir='ltr'><strong>est</strong></span> <span class='ocrx_word' id='word_1_12' title='bbox 964 361 1027 433; x_wconf 89' lang='lat' dir='ltr'><strong>illa,</strong></span> <span class='ocrx_word' id='word_1_13' title='bbox 1070 363 1150 420; x_wconf 90' lang='lat' dir='ltr'><strong>turni</strong></span> <span class='ocrx_word' id='word_1_14' title='bbox 1161 363 1321 432; x_wconf 84' lang='lat' dir='ltr'><strong>molestias,</strong></span> <span class='ocrx_word' id='word_1_15' title='bbox 1335 369 1365 421; x_wconf 91' lang='lat' dir='ltr'><strong>et</strong></span> <span class='ocrx_word' id='word_1_16' title='bbox 1378 367 1548 422; x_wconf 86' lang='lat' dir='ltr'><strong>isaurorum</strong></span> <span class='ocrx_word' id='word_1_17' title='bbox 1561 359 1709 428; x_wconf 83' lang='lat' dir='ltr'><strong>incursus,</strong></span> <span class='ocrx_word' id='word_1_18' title='bbox 1722 361 1752 415; x_wconf 88' lang='lat' dir='ltr'><strong>et</strong></span> <span class='ocrx_word' id='word_1_19' title='bbox 1760 354 1874 414; x_wconf 87' lang='lat' dir='ltr'><strong>febrim</strong></span> 
     </span>
     <span class='ocr_line' id='line_1_3' title="bbox 235 440 1876 524; baseline -0.004 -20"><span class='ocrx_word' id='word_1_20' title='bbox 235 462 303 520; x_wconf 78' lang='lat' dir='ltr'><strong>quar</strong></span> <span class='ocrx_word' id='word_1_21' title='bbox 325 451 404 504; x_wconf 89' lang='lat' dir='ltr'><strong>certo</strong></span> <span class='ocrx_word' id='word_1_22' title='bbox 424 447 483 504; x_wconf 90' lang='lat' dir='ltr'><strong>ritu</strong></span> <span class='ocrx_word' id='word_1_23' title='bbox 506 451 565 506; x_wconf 83' lang='lat' dir='ltr'><strong>boo</strong></span> <span class='ocrx_word' id='word_1_24' title='bbox 590 447 763 508; x_wconf 85' lang='lat' dir='ltr'><strong>elevabatur</strong></span> <span class='ocrx_word' id='word_1_25' title='bbox 788 448 947 520; x_wconf 76' lang='lat' dir='ltr'>agitatione</span> <span class='ocrx_word' id='word_1_26' title='bbox 966 462 1030 505; x_wconf 90' lang='lat' dir='ltr'><strong>ma·</strong></span> <span class='ocrx_word' id='word_1_27' title='bbox 1071 445 1221 517; x_wconf 79' lang='lat' dir='ltr'><strong>ualidam,</strong></span> <span class='ocrx_word' id='word_1_28' title='bbox 1240 446 1383 514; x_wconf 81' lang='lat' dir='ltr'><strong>vomitus,</strong></span> <span class='ocrx_word' id='word_1_29' title='bbox 1398 444 1503 524; x_wconf 89' lang='lat' dir='ltr'><strong>capitis</strong></span> <span class='ocrx_word' id='word_1_30' title='bbox 1523 444 1659 514; x_wconf 89' lang='lat' dir='ltr'><strong>dolores,</strong></span> <span class='ocrx_word' id='word_1_31' title='bbox 1672 442 1734 500; x_wconf 91' lang='lat' dir='ltr'><strong>cibi</strong></span> <span class='ocrx_word' id='word_1_32' title='bbox 1751 440 1876 498; x_wconf 79' lang='lat' dir='ltr'><strong>fastidia</strong></span> 
     </span>
     <span class='ocr_line' id='line_1_4' title="bbox 235 526 1874 607; baseline -0.004 -21"><span class='ocrx_word' id='word_1_33' title='bbox 235 544 329 586; x_wconf 88' lang='lat' dir='ltr'><strong>nuum</strong></span> <span class='ocrx_word' id='word_1_34' title='bbox 350 545 454 587; x_wconf 85' lang='lat' dir='ltr'><strong>versus</strong></span> <span class='ocrx_word' id='word_1_35' title='bbox 472 546 576 590; x_wconf 89' lang='lat' dir='ltr'><strong>omnes</strong></span> <span class='ocrx_word' id='word_1_36' title='bbox 593 531 700 590; x_wconf 92' lang='lat' dir='ltr'><strong>mundi</strong></span> <span class='ocrx_word' id='word_1_37' title='bbox 718 532 836 607; x_wconf 77' lang='lat' dir='ltr'><strong>plagas,</strong></span> <span class='ocrx_word' id='word_1_38' title='bbox 851 531 895 589; x_wconf 90' lang='lat' dir='ltr'><strong>uti</strong></span> <span class='ocrx_word' id='word_1_39' title='bbox 912 531 1029 589; x_wconf 83' lang='lat' dir='ltr'><strong>tradere</strong></span> <span class='ocrx_word' id='word_1_40' title='bbox 1072 530 1189 603; x_wconf 89' lang='lat' dir='ltr'><strong>aliaque</strong></span> <span class='ocrx_word' id='word_1_41' title='bbox 1204 529 1352 587; x_wconf 88' lang='lat' dir='ltr'><strong>dirissima</strong></span> <span class='ocrx_word' id='word_1_42' title='bbox 1362 531 1523 602; x_wconf 80' lang='lat' dir='ltr'><strong>pateretur,</strong></span> <span class='ocrx_word' id='word_1_43' title='bbox 1533 527 1574 585; x_wconf 91' lang='lat' dir='ltr'><strong>sic</strong></span> <span class='ocrx_word' id='word_1_44' title='bbox 1582 527 1694 598; x_wconf 89' lang='lat' dir='ltr'><strong>scribit,</strong></span> <span class='ocrx_word' id='word_1_45' title='bbox 1706 529 1792 598; x_wconf 81' lang='lat' dir='ltr'><strong>epist.</strong></span> <span class='ocrx_word' id='word_1_46' title='bbox 1802 526 1874 581; x_wconf 80' lang='lat'><strong>130:</strong></span> 
     </span>
    </p>

    <p class='ocr_par' dir='ltr' id='par_1_3' title="bbox 120 609 1876 682">
     <span class='ocr_line' id='line_1_5' title="bbox 120 609 1876 682; baseline -0.005 -12"><span class='ocrx_word' id='word_1_47' title='bbox 120 618 182 667; x_wconf 75' lang='lat' dir='ltr'><strong>auu</strong></span> <span class='ocrx_word' id='word_1_48' title='bbox 192 622 222 662; x_wconf 78' lang='lat' dir='ltr'><strong>re-</strong></span> <span class='ocrx_word' id='word_1_49' title='bbox 236 612 373 670; x_wconf 83' lang='lat' dir='ltr'><strong>}icbraeos</strong></span> <span class='ocrx_word' id='word_1_50' title='bbox 383 613 530 672; x_wconf 85' lang='lat' dir='ltr'><strong>dixivers.</strong></span> <span class='ocrx_word' id='word_1_51' title='bbox 540 617 586 672; x_wconf 72' lang='lat' dir='ltr'><strong>ii.</strong></span> <span class='ocrx_word' id='word_1_52' title='bbox 597 614 715 673; x_wconf 86' lang='lat' dir='ltr'><strong>Oblatio</strong></span> <span class='ocrx_word' id='word_1_53' title='bbox 726 631 798 672; x_wconf 90' lang='lat' dir='ltr'><strong>vero</strong></span> <span class='ocrx_word' id='word_1_54' title='bbox 810 621 915 672; x_wconf 78' lang='lat' dir='ltr'><strong>tauma</strong></span> <span class='ocrx_word' id='word_1_55' title='bbox 927 629 1029 671; x_wconf 90' lang='lat' dir='ltr'><strong>anon·</strong></span> <span class='ocrx_word' id='word_1_56' title='bbox 1075 613 1159 668; x_wconf 78' lang='lat' dir='ltr'><strong>«Nec</strong></span> <span class='ocrx_word' id='word_1_57' title='bbox 1172 613 1344 682; x_wconf 83' lang='lat' dir='ltr'>obsidione,</span> <span class='ocrx_word' id='word_1_58' title='bbox 1366 627 1421 668; x_wconf 92' lang='lat' dir='ltr'><strong>nec</strong></span> <span class='ocrx_word' id='word_1_59' title='bbox 1442 611 1592 668; x_wconf 89' lang='lat' dir='ltr'><strong>latronum</strong></span> <span class='ocrx_word' id='word_1_60' title='bbox 1610 609 1797 678; x_wconf 82' lang='lat' dir='ltr'><strong>incursibus,</strong></span> <span class='ocrx_word' id='word_1_61' title='bbox 1819 623 1876 663; x_wconf 88' lang='lat' dir='ltr'><strong>noc</strong></span> 
     </span>
    </p>

    <p class='ocr_par' dir='ltr' id='par_1_4' title="bbox 120 682 1876 795">
     <span class='ocr_line' id='line_1_6' title="bbox 120 682 1876 795; baseline -0.003 -42"><span class='ocrx_word' id='word_1_62' title='bbox 120 682 223 795; x_wconf 52' lang='lat' dir='ltr'><strong>{m</strong></span> <span class='ocrx_word' id='word_1_63' title='bbox 235 695 325 752; x_wconf 89' lang='lat' dir='ltr'><strong>nullis</strong></span> <span class='ocrx_word' id='word_1_64' title='bbox 346 695 387 753; x_wconf 88' lang='lat' dir='ltr'><strong>ita</strong></span> <span class='ocrx_word' id='word_1_65' title='bbox 410 696 599 770; x_wconf 78' lang='lat' dir='ltr'><strong>distinguitur</strong></span> <span class='ocrx_word' id='word_1_66' title='bbox 618 715 637 756; x_wconf 88' lang='lat' dir='ltr'><strong>a</strong></span> <span class='ocrx_word' id='word_1_67' title='bbox 656 699 792 770; x_wconf 82' lang='lat' dir='ltr'><strong>teauplzo,</strong></span> <span class='ocrx_word' id='word_1_68' title='bbox 814 703 847 756; x_wconf 93' lang='lat' dir='ltr'><strong>ut</strong></span> <span class='ocrx_word' id='word_1_69' title='bbox 866 704 971 754; x_wconf 70' lang='lat' dir='ltr'><strong>taurea</strong></span> <span class='ocrx_word' id='word_1_70' title='bbox 993 696 1030 753; x_wconf 90' lang='lat' dir='ltr'><strong>sit</strong></span> <span class='ocrx_word' id='word_1_71' title='bbox 1073 695 1132 753; x_wconf 91' lang='lat' dir='ltr'><strong>loci</strong></span> <span class='ocrx_word' id='word_1_72' title='bbox 1142 695 1313 766; x_wconf 90' lang='lat' dir='ltr'><strong>solitudine,</strong></span> <span class='ocrx_word' id='word_1_73' title='bbox 1327 711 1383 752; x_wconf 90' lang='lat' dir='ltr'><strong>nec</strong></span> <span class='ocrx_word' id='word_1_74' title='bbox 1396 698 1604 751; x_wconf 81' lang='lat' dir='ltr'><strong>sexcentorum</strong></span> <span class='ocrx_word' id='word_1_75' title='bbox 1615 692 1818 751; x_wconf 85' lang='lat' dir='ltr'><strong>adversorum</strong></span> <span class='ocrx_word' id='word_1_76' title='bbox 1828 707 1876 747; x_wconf 87' lang='lat' dir='ltr'><strong>ca-</strong></span> 
     </span>
    </p>

    <p class='ocr_par' dir='ltr' id='par_1_5' title="bbox 119 774 1877 858">
     <span class='ocr_line' id='line_1_7' title="bbox 119 774 1877 858; baseline -0.009 -11"><span class='ocrx_word' id='word_1_77' title='bbox 119 813 146 848; x_wconf 80' lang='lat' dir='ltr'><strong>m</strong></span> <span class='ocrx_word' id='word_1_78' title='bbox 164 801 223 844; x_wconf 72' lang='lat' dir='ltr'><strong>ure</strong></span> <span class='ocrx_word' id='word_1_79' title='bbox 237 778 348 838; x_wconf 89' lang='lat' dir='ltr'><strong>oblatio</strong></span> <span class='ocrx_word' id='word_1_80' title='bbox 366 795 385 836; x_wconf 87' lang='lat' dir='ltr'><strong>a</strong></span> <span class='ocrx_word' id='word_1_81' title='bbox 401 796 519 838; x_wconf 89' lang='lat' dir='ltr'><strong>sursum</strong></span> <span class='ocrx_word' id='word_1_82' title='bbox 538 798 633 858; x_wconf 88' lang='lat' dir='ltr'><strong>usque</strong></span> <span class='ocrx_word' id='word_1_83' title='bbox 648 783 790 840; x_wconf 91' lang='lat' dir='ltr'><strong>deorsum</strong></span> <span class='ocrx_word' id='word_1_84' title='bbox 803 781 987 838; x_wconf 89' lang='lat' dir='ltr'><strong>descendens</strong></span> <span class='ocrx_word' id='word_1_85' title='bbox 1001 783 1030 836; x_wconf 93' lang='lat' dir='ltr'><strong>et</strong></span> <span class='ocrx_word' id='word_1_86' title='bbox 1073 795 1162 836; x_wconf 88' lang='lat' dir='ltr'><strong>suum</strong></span> <span class='ocrx_word' id='word_1_87' title='bbox 1173 781 1262 837; x_wconf 89' lang='lat' dir='ltr'><strong>turba</strong></span> <span class='ocrx_word' id='word_1_88' title='bbox 1277 777 1398 848; x_wconf 80' lang='lat' dir='ltr'><strong>deJicior</strong></span> <span class='ocrx_word' id='word_1_89' title='bbox 1420 780 1472 833; x_wconf 89' lang='lat' dir='ltr'><strong>aut</strong></span> <span class='ocrx_word' id='word_1_90' title='bbox 1486 777 1667 847; x_wconf 89' lang='lat' dir='ltr'><strong>conturbor,</strong></span> <span class='ocrx_word' id='word_1_91' title='bbox 1688 776 1743 834; x_wconf 89' lang='lat' dir='ltr'><strong>sed</strong></span> <span class='ocrx_word' id='word_1_92' title='bbox 1758 774 1877 847; x_wconf 81' lang='lat' dir='ltr'><strong>ingenti</strong></span> 
     </span>
    </p>

    <p class='ocr_par' dir='ltr' id='par_1_6' title="bbox 140 859 1964 2274">
     <span class='ocr_line' id='line_1_8' title="bbox 140 859 1472 938; baseline -0.006 -16"><span class='ocrx_word' id='word_1_93' title='bbox 140 862 204 908; x_wconf 59' lang='grc' dir='ltr'><strong>ΝΜ</strong></span> <span class='ocrx_word' id='word_1_94' title='bbox 237 864 358 937; x_wconf 80' lang='lat' dir='ltr'><strong>agitata3</strong></span> <span class='ocrx_word' id='word_1_95' title='bbox 373 867 491 938; x_wconf 83' lang='lat' dir='ltr'><strong>teaupbo</strong></span> <span class='ocrx_word' id='word_1_96' title='bbox 508 883 579 924; x_wconf 87' lang='lat' dir='ltr'><strong>vero</strong></span> <span class='ocrx_word' id='word_1_97' title='bbox 600 867 637 924; x_wconf 91' lang='lat' dir='ltr'><strong>sit</strong></span> <span class='ocrx_word' id='word_1_98' title='bbox 654 866 767 925; x_wconf 90' lang='lat' dir='ltr'><strong>oblatio</strong></span> <span class='ocrx_word' id='word_1_99' title='bbox 785 882 889 923; x_wconf 90' lang='lat' dir='ltr'><strong>versus</strong></span> <span class='ocrx_word' id='word_1_100' title='bbox 902 867 1030 938; x_wconf 91' lang='lat' dir='ltr'><strong>quatuor</strong></span> <span class='ocrx_word' id='word_1_101' title='bbox 1073 863 1228 919; x_wconf 79' lang='lat' dir='ltr'><strong>securitate</strong></span> <span class='ocrx_word' id='word_1_102' title='bbox 1243 865 1272 917; x_wconf 92' lang='lat' dir='ltr'><strong>et</strong></span> <span class='ocrx_word' id='word_1_103' title='bbox 1283 859 1343 917; x_wconf 90' lang='lat' dir='ltr'><strong>otio</strong></span> <span class='ocrx_word' id='word_1_104' title='bbox 1354 859 1472 918; x_wconf 71' lang='lat' dir='ltr'><strong>fruor.»</strong></span> 
     </span>
     <span class='ocr_line' id='line_1_9' title="bbox 237 943 1878 1023; baseline -0.005 -18"><span class='ocrx_word' id='word_1_105' title='bbox 237 947 342 1006; x_wconf 89' lang='lat' dir='ltr'><strong>mundi</strong></span> <span class='ocrx_word' id='word_1_106' title='bbox 361 947 475 1023; x_wconf 82' lang='lat' dir='ltr'><strong>plagas.</strong></span> <span class='ocrx_word' id='word_1_107' title='bbox 498 952 606 1006; x_wconf 87' lang='lat' dir='ltr'><strong>Verum</strong></span> <span class='ocrx_word' id='word_1_108' title='bbox 622 951 649 1006; x_wconf 92' lang='lat' dir='ltr'><strong>S.</strong></span> <span class='ocrx_word' id='word_1_109' title='bbox 672 950 867 1022; x_wconf 81' lang='lat' dir='ltr'><strong>Hieronymus</strong></span> <span class='ocrx_word' id='word_1_110' title='bbox 887 948 950 1004; x_wconf 84' lang='lat' dir='ltr'><strong>haec</strong></span> <span class='ocrx_word' id='word_1_111' title='bbox 969 947 1030 1004; x_wconf 91' lang='lat' dir='ltr'><strong>duo</strong></span> <span class='ocrx_word' id='word_1_112' title='bbox 1109 949 1253 1018; x_wconf 78' lang='lat' dir='ltr'><strong>Rursum,</strong></span> <span class='ocrx_word' id='word_1_113' title='bbox 1272 946 1366 1002; x_wconf 89' lang='lat' dir='ltr'><strong>laicus</strong></span> <span class='ocrx_word' id='word_1_114' title='bbox 1385 945 1547 1014; x_wconf 89' lang='lat' dir='ltr'><strong>sacerdoti,</strong></span> <span class='ocrx_word' id='word_1_115' title='bbox 1565 943 1687 1001; x_wconf 87' lang='lat' dir='ltr'><strong>inferior</strong></span> <span class='ocrx_word' id='word_1_116' title='bbox 1707 959 1766 1000; x_wconf 90' lang='lat' dir='ltr'><strong>suo</strong></span> <span class='ocrx_word' id='word_1_117' title='bbox 1786 957 1878 1016; x_wconf 86' lang='lat' dir='ltr'><strong>supe·</strong></span> 
     </span>
     <span class='ocr_line' id='line_1_10' title="bbox 237 1025 1877 1107; baseline -0.002 -19"><span class='ocrx_word' id='word_1_118' title='bbox 237 1047 299 1089; x_wconf 93' lang='lat' dir='ltr'><strong>non</strong></span> <span class='ocrx_word' id='word_1_119' title='bbox 316 1031 487 1103; x_wconf 79' lang='lat' dir='ltr'><strong>distinguit,</strong></span> <span class='ocrx_word' id='word_1_120' title='bbox 507 1039 537 1091; x_wconf 94' lang='lat' dir='ltr'><strong>et</strong></span> <span class='ocrx_word' id='word_1_121' title='bbox 557 1040 662 1090; x_wconf 69' lang='lat' dir='ltr'><strong>tauma</strong></span> <span class='ocrx_word' id='word_1_122' title='bbox 677 1049 795 1107; x_wconf 90' lang='lat' dir='ltr'><strong>semper</strong></span> <span class='ocrx_word' id='word_1_123' title='bbox 815 1031 1031 1106; x_wconf 88' lang='lat' dir='ltr'><strong>separationem</strong></span> <span class='ocrx_word' id='word_1_124' title='bbox 1073 1031 1145 1088; x_wconf 83' lang='lat' dir='ltr'><strong>riori</strong></span> <span class='ocrx_word' id='word_1_125' title='bbox 1163 1031 1269 1087; x_wconf 84' lang='lat' dir='ltr'><strong>offerre</strong></span> <span class='ocrx_word' id='word_1_126' title='bbox 1287 1029 1375 1086; x_wconf 90' lang='lat' dir='ltr'><strong>debet</strong></span> <span class='ocrx_word' id='word_1_127' title='bbox 1391 1028 1612 1100; x_wconf 79' lang='lat' dir='ltr'><strong>pectusculum,</strong></span> <span class='ocrx_word' id='word_1_128' title='bbox 1627 1027 1717 1084; x_wconf 89' lang='lat' dir='ltr'><strong>idest</strong></span> <span class='ocrx_word' id='word_1_129' title='bbox 1731 1025 1877 1084; x_wconf 84' lang='lat' dir='ltr'><strong>volunta·</strong></span> 
     </span>
     <span class='ocr_line' id='line_1_11' title="bbox 237 1111 1876 1188; baseline -0.005 -15"><span class='ocrx_word' id='word_1_130' title='bbox 237 1115 339 1186; x_wconf 84' lang='lat' dir='ltr'><strong>vertit,</strong></span> <span class='ocrx_word' id='word_1_131' title='bbox 369 1131 431 1188; x_wconf 88' lang='lat' dir='ltr'><strong>qua</strong></span> <span class='ocrx_word' id='word_1_132' title='bbox 461 1116 597 1173; x_wconf 87' lang='lat' dir='ltr'><strong>videlicet</strong></span> <span class='ocrx_word' id='word_1_133' title='bbox 628 1115 747 1173; x_wconf 81' lang='lat' dir='ltr'><strong>victima</strong></span> <span class='ocrx_word' id='word_1_134' title='bbox 773 1115 967 1188; x_wconf 80' lang='lat' dir='ltr'><strong>separabatur</strong></span> <span class='ocrx_word' id='word_1_135' title='bbox 992 1112 1031 1168; x_wconf 93' lang='lat' dir='ltr'><strong>ab</strong></span> <span class='ocrx_word' id='word_1_136' title='bbox 1075 1118 1134 1171; x_wconf 90' lang='lat' dir='ltr'><strong>tem</strong></span> <span class='ocrx_word' id='word_1_137' title='bbox 1153 1112 1317 1170; x_wconf 84' lang='lat' dir='ltr'><strong>humilitate</strong></span> <span class='ocrx_word' id='word_1_138' title='bbox 1337 1117 1365 1169; x_wconf 90' lang='lat' dir='ltr'><strong>et</strong></span> <span class='ocrx_word' id='word_1_139' title='bbox 1383 1111 1552 1168; x_wconf 88' lang='lat' dir='ltr'><strong>obedientia</strong></span> <span class='ocrx_word' id='word_1_140' title='bbox 1564 1111 1685 1183; x_wconf 86' lang='lat' dir='ltr'><strong>plenam</strong></span> <span class='ocrx_word' id='word_1_141' title='bbox 1692 1127 1702 1180; x_wconf 84' lang='lat'>3</span> <span class='ocrx_word' id='word_1_142' title='bbox 1718 1113 1813 1182; x_wconf 87' lang='lat' dir='ltr'><strong>atque</strong></span> <span class='ocrx_word' id='word_1_143' title='bbox 1828 1125 1876 1165; x_wconf 89' lang='lat' dir='ltr'><strong>ar-</strong></span> 
     </span>
     <span class='ocr_line' id='line_1_12' title="bbox 237 1192 1876 1272; baseline -0.005 -16"><span class='ocrx_word' id='word_1_144' title='bbox 237 1198 343 1256; x_wconf 89' lang='lat' dir='ltr'><strong>usibus</strong></span> <span class='ocrx_word' id='word_1_145' title='bbox 354 1197 502 1272; x_wconf 84' lang='lat' dir='ltr'><strong>profanis,</strong></span> <span class='ocrx_word' id='word_1_146' title='bbox 515 1201 635 1272; x_wconf 86' lang='lat' dir='ltr'><strong>becque</strong></span> <span class='ocrx_word' id='word_1_147' title='bbox 655 1199 846 1257; x_wconf 82' lang='lat' dir='ltr'><strong>offerebatur.</strong></span> <span class='ocrx_word' id='word_1_148' title='bbox 864 1198 908 1254; x_wconf 89' lang='lat' dir='ltr'><strong>Sic</strong></span> <span class='ocrx_word' id='word_1_149' title='bbox 922 1197 1033 1268; x_wconf 83' lang='lat' dir='ltr'><strong>etSep·</strong></span> <span class='ocrx_word' id='word_1_150' title='bbox 1075 1215 1176 1267; x_wconf 90' lang='lat' dir='ltr'><strong>mum,</strong></span> <span class='ocrx_word' id='word_1_151' title='bbox 1191 1199 1252 1256; x_wconf 89' lang='lat' dir='ltr'><strong>sive</strong></span> <span class='ocrx_word' id='word_1_152' title='bbox 1265 1198 1441 1265; x_wconf 86' lang='lat' dir='ltr'><strong>humerum,</strong></span> <span class='ocrx_word' id='word_1_153' title='bbox 1456 1195 1496 1252; x_wconf 90' lang='lat' dir='ltr'><strong>ad</strong></span> <span class='ocrx_word' id='word_1_154' title='bbox 1514 1194 1662 1268; x_wconf 87' lang='lat' dir='ltr'><strong>portanda</strong></span> <span class='ocrx_word' id='word_1_155' title='bbox 1675 1209 1769 1250; x_wconf 88' lang='lat' dir='ltr'><strong>onera</strong></span> <span class='ocrx_word' id='word_1_156' title='bbox 1782 1192 1826 1248; x_wconf 88' lang='lat' dir='ltr'><strong>ab</strong></span> <span class='ocrx_word' id='word_1_157' title='bbox 1840 1209 1876 1249; x_wconf 91' lang='lat' dir='ltr'><strong>eo</strong></span> 
     </span>
     <span class='ocr_line' id='line_1_13' title="bbox 238 1276 1877 1361; baseline -0.004 -22"><span class='ocrx_word' id='word_1_158' title='bbox 238 1281 371 1352; x_wconf 82' lang='lat' dir='ltr'><strong>tuaginta</strong></span> <span class='ocrx_word' id='word_1_159' title='bbox 394 1289 499 1338; x_wconf 72' lang='lat' dir='ltr'><strong>tauma</strong></span> <span class='ocrx_word' id='word_1_160' title='bbox 519 1285 639 1338; x_wconf 85' lang='lat' dir='ltr'><strong>vertunt</strong></span> <span class='ocrx_word' id='word_1_161' title='bbox 660 1284 798 1361; x_wconf 61' lang='grc' dir='ltr'>ἀφιὶμμα,</span> <span class='ocrx_word' id='word_1_162' title='bbox 812 1287 842 1337; x_wconf 86' lang='lat' dir='ltr'><strong>et</strong></span> <span class='ocrx_word' id='word_1_163' title='bbox 867 1280 1031 1348; x_wconf 81' lang='lat' dir='ltr'><strong>Chaldaeus,</strong></span> <span class='ocrx_word' id='word_1_164' title='bbox 1075 1281 1213 1354; x_wconf 90' lang='lat' dir='ltr'><strong>imposita</strong></span> <span class='ocrx_word' id='word_1_165' title='bbox 1227 1281 1456 1355; x_wconf 81' lang='lat' dir='ltr'><strong>paratissimum.</strong></span> <span class='ocrx_word' id='word_1_166' title='bbox 1468 1278 1648 1336; x_wconf 75' lang='lat' dir='ltr'><strong>obedientia</strong></span> <span class='ocrx_word' id='word_1_167' title='bbox 1661 1293 1733 1348; x_wconf 78' lang='lat' dir='ltr'><strong>ergo</strong></span> <span class='ocrx_word' id='word_1_168' title='bbox 1747 1276 1877 1334; x_wconf 87' lang='lat' dir='ltr'><strong>debetur</strong></span> 
     </span>
     <span class='ocr_line' id='line_1_14' title="bbox 239 1360 1875 1438; baseline -0.003 -15"><span class='ocrx_word' id='word_1_169' title='bbox 239 1372 409 1430; x_wconf 57' lang='lat' dir='ltr'><strong>wlmare</strong></span> <span class='ocrx_word' id='word_1_170' title='bbox 422 1366 597 1436; x_wconf 81' lang='lat' dir='ltr'><strong>cpbrcscuto,</strong></span> <span class='ocrx_word' id='word_1_171' title='bbox 611 1363 643 1421; x_wconf 94' lang='lat' dir='ltr'><strong>id</strong></span> <span class='ocrx_word' id='word_1_172' title='bbox 658 1369 701 1421; x_wconf 89' lang='lat' dir='ltr'><strong>est</strong></span> <span class='ocrx_word' id='word_1_173' title='bbox 713 1365 941 1438; x_wconf 88' lang='lat' dir='ltr'><strong>separationem,</strong></span> <span class='ocrx_word' id='word_1_174' title='bbox 955 1378 974 1418; x_wconf 89' lang='lat' dir='ltr'><strong>a</strong></span> <span class='ocrx_word' id='word_1_175' title='bbox 986 1377 1034 1418; x_wconf 88' lang='lat' dir='ltr'><strong>ra·</strong></span> <span class='ocrx_word' id='word_1_176' title='bbox 1075 1367 1136 1422; x_wconf 91' lang='lat' dir='ltr'><strong>tam</strong></span> <span class='ocrx_word' id='word_1_177' title='bbox 1149 1369 1265 1437; x_wconf 74' lang='lat' dir='ltr'><strong>peotuS,</strong></span> <span class='ocrx_word' id='word_1_178' title='bbox 1283 1379 1372 1438; x_wconf 86' lang='lat' dir='ltr'><strong>quarn</strong></span> <span class='ocrx_word' id='word_1_179' title='bbox 1386 1378 1505 1432; x_wconf 89' lang='lat' dir='ltr'><strong>armus,</strong></span> <span class='ocrx_word' id='word_1_180' title='bbox 1520 1377 1575 1418; x_wconf 92' lang='lat' dir='ltr'><strong>nec</strong></span> <span class='ocrx_word' id='word_1_181' title='bbox 1587 1376 1684 1417; x_wconf 91' lang='lat' dir='ltr'><strong>unum</strong></span> <span class='ocrx_word' id='word_1_182' title='bbox 1697 1360 1763 1417; x_wconf 88' lang='lat' dir='ltr'><strong>sine</strong></span> <span class='ocrx_word' id='word_1_183' title='bbox 1781 1360 1875 1418; x_wconf 87' lang='lat' dir='ltr'><strong>aliero</strong></span> 
     </span>
     <span class='ocr_line' id='line_1_15' title="bbox 239 1443 1876 1522; baseline -0.005 -13"><span class='ocrx_word' id='word_1_184' title='bbox 239 1451 305 1510; x_wconf 86' lang='lat' dir='ltr'><strong>dice</strong></span> <span class='ocrx_word' id='word_1_185' title='bbox 317 1457 382 1513; x_wconf 70' lang='lat' dir='ltr'><strong>vta</strong></span> <span class='ocrx_word' id='word_1_186' title='bbox 395 1465 494 1521; x_wconf 80' lang='lat' dir='ltr'><strong>perus,</strong></span> <span class='ocrx_word' id='word_1_187' title='bbox 508 1448 540 1505; x_wconf 93' lang='lat' dir='ltr'><strong>id</strong></span> <span class='ocrx_word' id='word_1_188' title='bbox 561 1453 604 1504; x_wconf 91' lang='lat' dir='ltr'><strong>est</strong></span> <span class='ocrx_word' id='word_1_189' title='bbox 621 1449 784 1521; x_wconf 87' lang='lat' dir='ltr'><strong>separavit,</strong></span> <span class='ocrx_word' id='word_1_190' title='bbox 799 1462 974 1520; x_wconf 90' lang='lat' dir='ltr'><strong>quanquam</strong></span> <span class='ocrx_word' id='word_1_191' title='bbox 993 1445 1033 1502; x_wconf 89' lang='lat' dir='ltr'><strong>ad</strong></span> <span class='ocrx_word' id='word_1_192' title='bbox 1076 1447 1197 1520; x_wconf 87' lang='lat' dir='ltr'><strong>suffieit,</strong></span> <span class='ocrx_word' id='word_1_193' title='bbox 1209 1449 1350 1522; x_wconf 87' lang='lat' dir='ltr'><strong>quianon</strong></span> <span class='ocrx_word' id='word_1_194' title='bbox 1364 1447 1428 1502; x_wconf 89' lang='lat' dir='ltr'><strong>sola</strong></span> <span class='ocrx_word' id='word_1_195' title='bbox 1440 1445 1587 1516; x_wconf 84' lang='lat' dir='ltr'><strong>voluntas,</strong></span> <span class='ocrx_word' id='word_1_196' title='bbox 1596 1459 1650 1500; x_wconf 91' lang='lat' dir='ltr'><strong>nec</strong></span> <span class='ocrx_word' id='word_1_197' title='bbox 1662 1443 1727 1503; x_wconf 87' lang='lat' dir='ltr'><strong>sola</strong></span> <span class='ocrx_word' id='word_1_198' title='bbox 1738 1444 1876 1501; x_wconf 82' lang='lat' dir='ltr'><strong>executio</strong></span> 
     </span>
     <span class='ocr_line' id='line_1_16' title="bbox 238 1525 1875 1604; baseline -0.004 -14"><span class='ocrx_word' id='word_1_199' title='bbox 238 1533 367 1592; x_wconf 82' lang='lat' dir='ltr'><strong>verbum</strong></span> <span class='ocrx_word' id='word_1_200' title='bbox 380 1540 485 1589; x_wconf 82' lang='lat' dir='ltr'><strong>tauma</strong></span> <span class='ocrx_word' id='word_1_201' title='bbox 497 1530 580 1588; x_wconf 92' lang='lat' dir='ltr'><strong>idem</strong></span> <span class='ocrx_word' id='word_1_202' title='bbox 593 1535 636 1586; x_wconf 90' lang='lat' dir='ltr'><strong>est</strong></span> <span class='ocrx_word' id='word_1_203' title='bbox 649 1531 733 1604; x_wconf 88' lang='lat' dir='ltr'><strong>quod</strong></span> <span class='ocrx_word' id='word_1_204' title='bbox 747 1531 889 1599; x_wconf 85' lang='lat' dir='ltr'><strong>elevatio,</strong></span> <span class='ocrx_word' id='word_1_205' title='bbox 903 1529 1032 1586; x_wconf 90' lang='lat' dir='ltr'><strong>aradice</strong></span> <span class='ocrx_word' id='word_1_206' title='bbox 1076 1533 1174 1604; x_wconf 91' lang='lat' dir='ltr'><strong>operis</strong></span> <span class='ocrx_word' id='word_1_207' title='bbox 1195 1531 1332 1601; x_wconf 84' lang='lat' dir='ltr'><strong>injuncti,</strong></span> <span class='ocrx_word' id='word_1_208' title='bbox 1347 1529 1401 1585; x_wconf 84' lang='lat' dir='ltr'><strong>sed</strong></span> <span class='ocrx_word' id='word_1_209' title='bbox 1424 1533 1585 1601; x_wconf 88' lang='lat' dir='ltr'><strong>utrumque</strong></span> <span class='ocrx_word' id='word_1_210' title='bbox 1604 1525 1797 1584; x_wconf 81' lang='lat' dir='ltr'><strong>offerendum</strong></span> <span class='ocrx_word' id='word_1_211' title='bbox 1817 1531 1875 1598; x_wconf 83' lang='lat' dir='ltr'><strong>est,</strong></span> 
     </span>
     <span class='ocr_line' id='line_1_17' title="bbox 241 1610 1876 1689; baseline -0.007 -11"><span class='ocrx_word' id='word_1_212' title='bbox 241 1627 401 1689; x_wconf 66' lang='lat' dir='ltr'><strong>nitrum,</strong></span> <span class='ocrx_word' id='word_1_213' title='bbox 415 1616 506 1674; x_wconf 91' lang='lat' dir='ltr'><strong>idest</strong></span> <span class='ocrx_word' id='word_1_214' title='bbox 524 1614 666 1685; x_wconf 81' lang='lat' dir='ltr'><strong>elevavit3</strong></span> <span class='ocrx_word' id='word_1_215' title='bbox 688 1614 758 1671; x_wconf 92' lang='lat' dir='ltr'><strong>inde</strong></span> <span class='ocrx_word' id='word_1_216' title='bbox 777 1614 857 1670; x_wconf 91' lang='lat' dir='ltr'><strong>enim</strong></span> <span class='ocrx_word' id='word_1_217' title='bbox 872 1613 981 1670; x_wconf 78' lang='lat' dir='ltr'><strong>&#39;dicitur</strong></span> <span class='ocrx_word' id='word_1_218' title='bbox 995 1619 1035 1668; x_wconf 87' lang='lat' dir='ltr'><strong>tc·</strong></span> <span class='ocrx_word' id='word_1_219' title='bbox 1076 1615 1185 1672; x_wconf 91' lang='lat' dir='ltr'><strong>scilicet</strong></span> <span class='ocrx_word' id='word_1_220' title='bbox 1207 1618 1347 1688; x_wconf 81' lang='lat' dir='ltr'><strong>prorupta</strong></span> <span class='ocrx_word' id='word_1_221' title='bbox 1370 1611 1507 1669; x_wconf 87' lang='lat' dir='ltr'><strong>voluntas</strong></span> <span class='ocrx_word' id='word_1_222' title='bbox 1529 1610 1568 1668; x_wconf 90' lang='lat' dir='ltr'><strong>ad</strong></span> <span class='ocrx_word' id='word_1_223' title='bbox 1590 1626 1666 1684; x_wconf 90' lang='lat' dir='ltr'><strong>opus</strong></span> <span class='ocrx_word' id='word_1_224' title='bbox 1688 1615 1876 1684; x_wconf 82' lang='lat' dir='ltr'><strong>praeceptum</strong></span> 
     </span>
     <span class='ocr_line' id='line_1_18' title="bbox 240 1695 1417 1775; baseline -0.005 -17"><span class='ocrx_word' id='word_1_225' title='bbox 240 1719 330 1768; x_wconf 81' lang='lat' dir='ltr'><strong>ruma,</strong></span> <span class='ocrx_word' id='word_1_226' title='bbox 341 1699 427 1775; x_wconf 89' lang='lat' dir='ltr'><strong>quasi</strong></span> <span class='ocrx_word' id='word_1_227' title='bbox 441 1699 521 1756; x_wconf 91' lang='lat' dir='ltr'><strong>dicas</strong></span> <span class='ocrx_word' id='word_1_228' title='bbox 540 1697 667 1766; x_wconf 89' lang='lat' dir='ltr'><strong>oblatio,</strong></span> <span class='ocrx_word' id='word_1_229' title='bbox 686 1697 735 1754; x_wconf 89' lang='lat' dir='ltr'><strong>vel</strong></span> <span class='ocrx_word' id='word_1_230' title='bbox 751 1695 894 1766; x_wconf 84' lang='lat' dir='ltr'><strong>levanda,</strong></span> <span class='ocrx_word' id='word_1_231' title='bbox 908 1711 975 1768; x_wconf 81' lang='lat' dir='ltr'><strong>quae</strong></span> <span class='ocrx_word' id='word_1_232' title='bbox 993 1695 1034 1752; x_wconf 91' lang='lat' dir='ltr'><strong>le·</strong></span> <span class='ocrx_word' id='word_1_233' title='bbox 1077 1714 1198 1756; x_wconf 89' lang='lat' dir='ltr'><strong>currens</strong></span> <span class='ocrx_word' id='word_1_234' title='bbox 1211 1701 1239 1754; x_wconf 90' lang='lat' dir='ltr'><strong>et</strong></span> <span class='ocrx_word' id='word_1_235' title='bbox 1251 1695 1417 1769; x_wconf 87' lang='lat' dir='ltr'><strong>prosiliens.</strong></span> 
     </span>
     <span class='ocr_line' id='line_1_19' title="bbox 240 1779 1964 1854; baseline -0.003 -12"><span class='ocrx_word' id='word_1_236' title='bbox 240 1788 347 1854; x_wconf 85' lang='lat' dir='ltr'><strong>vatur,</strong></span> <span class='ocrx_word' id='word_1_237' title='bbox 366 1781 479 1840; x_wconf 88' lang='lat' dir='ltr'><strong>tollitur</strong></span> <span class='ocrx_word' id='word_1_238' title='bbox 498 1783 527 1837; x_wconf 88' lang='lat' dir='ltr'><strong>ct</strong></span> <span class='ocrx_word' id='word_1_239' title='bbox 544 1779 666 1836; x_wconf 80' lang='lat' dir='ltr'><strong>offertur</strong></span> <span class='ocrx_word' id='word_1_240' title='bbox 685 1781 753 1836; x_wconf 83' lang='lat' dir='ltr'><strong>beo.</strong></span> <span class='ocrx_word' id='word_1_241' title='bbox 774 1781 880 1835; x_wconf 82' lang='lat' dir='ltr'><strong>Sensus</strong></span> <span class='ocrx_word' id='word_1_242' title='bbox 894 1795 965 1848; x_wconf 70' lang='lat' dir='ltr'><strong>ergo</strong></span> <span class='ocrx_word' id='word_1_243' title='bbox 980 1783 1033 1848; x_wconf 91' lang='lat' dir='ltr'><strong>cst,</strong></span> <span class='ocrx_word' id='word_1_244' title='bbox 1111 1785 1158 1840; x_wconf 73' lang='lat'><strong>28.</strong></span> <span class='ocrx_word' id='word_1_245' title='bbox 1182 1781 1346 1847; x_wconf 81' lang='lat' dir='ltr'><strong>Cannarous</strong></span> <span class='ocrx_word' id='word_1_246' title='bbox 1372 1793 1401 1835; x_wconf 85' lang='lat' dir='ltr'><strong>ru</strong></span> <span class='ocrx_word' id='word_1_247' title='bbox 1428 1792 1538 1834; x_wconf 77' lang='lat' dir='ltr'><strong>rrarru</strong></span> <span class='ocrx_word' id='word_1_248' title='bbox 1561 1779 1660 1836; x_wconf 76' lang='lat' dir='ltr'><strong>Aaron</strong></span> <span class='ocrx_word' id='word_1_249' title='bbox 1682 1793 1718 1835; x_wconf 86' lang='lat' dir='ltr'><strong>nr</strong></span> <span class='ocrx_word' id='word_1_250' title='bbox 1736 1793 1877 1836; x_wconf 76' lang='lat' dir='ltr'><strong>rraroacr</strong></span> <span class='ocrx_word' id='word_1_251' title='bbox 1890 1785 1964 1828; x_wconf 66' lang='lat' dir='ltr'><strong>lesa</strong></span> 
     </span>
     <span class='ocr_line' id='line_1_20' title="bbox 240 1863 1878 1944; baseline -0.003 -19"><span class='ocrx_word' id='word_1_252' title='bbox 240 1867 444 1944; x_wconf 88' lang='lat' dir='ltr'><strong>pectusculum</strong></span> <span class='ocrx_word' id='word_1_253' title='bbox 465 1863 652 1933; x_wconf 89' lang='lat' dir='ltr'><strong>elevationis,</strong></span> <span class='ocrx_word' id='word_1_254' title='bbox 670 1868 699 1920; x_wconf 91' lang='lat' dir='ltr'><strong>et</strong></span> <span class='ocrx_word' id='word_1_255' title='bbox 717 1879 834 1920; x_wconf 89' lang='lat' dir='ltr'><strong>armum</strong></span> <span class='ocrx_word' id='word_1_256' title='bbox 850 1863 1034 1932; x_wconf 69' lang='lat' dir='ltr'><strong>elevationis</strong></span> <span class='ocrx_word' id='word_1_257' title='bbox 1078 1881 1157 1935; x_wconf 82' lang='lat' dir='ltr'><strong>arcs,</strong></span> <span class='ocrx_word' id='word_1_258' title='bbox 1176 1879 1241 1932; x_wconf 76' lang='lat' dir='ltr'><strong>ocra</strong></span> <span class='ocrx_word' id='word_1_259' title='bbox 1263 1879 1408 1921; x_wconf 75' lang='lat' dir='ltr'><strong>rasurum</strong></span> <span class='ocrx_word' id='word_1_260' title='bbox 1434 1877 1502 1920; x_wconf 80' lang='lat' dir='ltr'><strong>surr</strong></span> <span class='ocrx_word' id='word_1_261' title='bbox 1526 1877 1561 1918; x_wconf 84' lang='lat' dir='ltr'><strong>nr</strong></span> <span class='ocrx_word' id='word_1_262' title='bbox 1583 1877 1671 1918; x_wconf 84' lang='lat' dir='ltr'><strong>rurrn</strong></span> <span class='ocrx_word' id='word_1_263' title='bbox 1693 1875 1732 1918; x_wconf 82' lang='lat' dir='ltr'><strong>nr</strong></span> <span class='ocrx_word' id='word_1_264' title='bbox 1750 1877 1878 1920; x_wconf 76' lang='lat' dir='ltr'><strong>rrcrrms</strong></span> 
     </span>
     <span class='ocr_line' id='line_1_21' title="bbox 242 1947 1877 2026; baseline -0.006 -16"><span class='ocrx_word' id='word_1_265' title='bbox 242 1949 393 2026; x_wconf 82' lang='lat' dir='ltr'><strong>quaemihi</strong></span> <span class='ocrx_word' id='word_1_266' title='bbox 404 1947 530 2007; x_wconf 91' lang='lat' dir='ltr'><strong>solemni</strong></span> <span class='ocrx_word' id='word_1_267' title='bbox 537 1947 596 2004; x_wconf 90' lang='lat' dir='ltr'><strong>ritu</strong></span> <span class='ocrx_word' id='word_1_268' title='bbox 604 1947 724 2004; x_wconf 85' lang='lat' dir='ltr'><strong>elevasti</strong></span> <span class='ocrx_word' id='word_1_269' title='bbox 734 1951 762 2003; x_wconf 90' lang='lat' dir='ltr'><strong>ct</strong></span> <span class='ocrx_word' id='word_1_270' title='bbox 773 1947 915 2015; x_wconf 87' lang='lat' dir='ltr'><strong>obtulisti,</strong></span> <span class='ocrx_word' id='word_1_271' title='bbox 929 1947 1035 2002; x_wconf 90' lang='lat' dir='ltr'><strong>eadem</strong></span> <span class='ocrx_word' id='word_1_272' title='bbox 1078 1964 1173 2007; x_wconf 83' lang='lat' dir='ltr'><strong>sanun</strong></span> <span class='ocrx_word' id='word_1_273' title='bbox 1192 1962 1341 2019; x_wconf 74' lang='lat' dir='ltr'><strong>ricinus,</strong></span> <span class='ocrx_word' id='word_1_274' title='bbox 1361 1961 1424 2015; x_wconf 78' lang='lat' dir='ltr'><strong>oua</strong></span> <span class='ocrx_word' id='word_1_275' title='bbox 1441 1960 1585 2004; x_wconf 81' lang='lat' dir='ltr'><strong>crraauar</strong></span> <span class='ocrx_word' id='word_1_276' title='bbox 1608 1947 1736 2016; x_wconf 81' lang='lat' dir='ltr'><strong>Douruo,</strong></span> <span class='ocrx_word' id='word_1_277' title='bbox 1750 1977 1789 1988; x_wconf 94' lang='lat'><em>-</em></span> <span class='ocrx_word' id='word_1_278' title='bbox 1802 1965 1832 2018; x_wconf 87' lang='lat' dir='ltr'><strong>q.</strong></span> <span class='ocrx_word' id='word_1_279' title='bbox 1848 1947 1877 2004; x_wconf 82' lang='lat' dir='ltr'><strong>d.</strong></span> 
     </span>
     <span class='ocr_line' id='line_1_22' title="bbox 242 2029 1878 2109; baseline -0.004 -15"><span class='ocrx_word' id='word_1_280' title='bbox 242 2037 315 2109; x_wconf 81' lang='lat' dir='ltr'><strong>(non</strong></span> <span class='ocrx_word' id='word_1_281' title='bbox 327 2047 464 2102; x_wconf 90' lang='lat' dir='ltr'><strong>numero,</strong></span> <span class='ocrx_word' id='word_1_282' title='bbox 478 2031 533 2088; x_wconf 90' lang='lat' dir='ltr'><strong>sed</strong></span> <span class='ocrx_word' id='word_1_283' title='bbox 546 2030 657 2104; x_wconf 83' lang='lat' dir='ltr'><strong>specie)</strong></span> <span class='ocrx_word' id='word_1_284' title='bbox 672 2030 798 2104; x_wconf 89' lang='lat' dir='ltr'><strong>recipies</strong></span> <span class='ocrx_word' id='word_1_285' title='bbox 815 2029 915 2086; x_wconf 84' lang='lat' dir='ltr'><strong>sfiliis</strong></span> <span class='ocrx_word' id='word_1_286' title='bbox 929 2029 1033 2100; x_wconf 89' lang='lat' dir='ltr'><strong>lsrael,</strong></span> <span class='ocrx_word' id='word_1_287' title='bbox 1078 2031 1361 2106; x_wconf 83' lang='lat' dir='ltr'><strong>Evictimapacifica</strong></span> <span class='ocrx_word' id='word_1_288' title='bbox 1372 2032 1470 2104; x_wconf 89' lang='lat' dir='ltr'><strong>primo</strong></span> <span class='ocrx_word' id='word_1_289' title='bbox 1479 2031 1547 2086; x_wconf 91' lang='lat' dir='ltr'><strong>ioco</strong></span> <span class='ocrx_word' id='word_1_290' title='bbox 1558 2029 1642 2086; x_wconf 87' lang='lat' dir='ltr'><strong>cedet</strong></span> <span class='ocrx_word' id='word_1_291' title='bbox 1651 2031 1801 2087; x_wconf 88' lang='lat' dir='ltr'><strong>sacerdoti</strong></span> <span class='ocrx_word' id='word_1_292' title='bbox 1812 2046 1878 2102; x_wconf 87' lang='lat' dir='ltr'><strong>pec-</strong></span> 
     </span>
     <span class='ocr_line' id='line_1_23' title="bbox 242 2111 1877 2192; baseline -0.002 -18"><span class='ocrx_word' id='word_1_293' title='bbox 242 2134 311 2176; x_wconf 91' lang='lat' dir='ltr'><strong>oum</strong></span> <span class='ocrx_word' id='word_1_294' title='bbox 321 2116 366 2176; x_wconf 92' lang='lat' dir='ltr'><strong>illi</strong></span> <span class='ocrx_word' id='word_1_295' title='bbox 377 2132 432 2192; x_wconf 89' lang='lat' dir='ltr'><strong>per</strong></span> <span class='ocrx_word' id='word_1_296' title='bbox 445 2131 476 2173; x_wconf 89' lang='lat' dir='ltr'><strong>sa</strong></span> <span class='ocrx_word' id='word_1_297' title='bbox 490 2128 559 2174; x_wconf 86' lang='lat' dir='ltr'><strong>suas</strong></span> <span class='ocrx_word' id='word_1_298' title='bbox 574 2113 708 2172; x_wconf 82' lang='lat' dir='ltr'><strong>victimas</strong></span> <span class='ocrx_word' id='word_1_299' title='bbox 725 2113 864 2186; x_wconf 86' lang='lat' dir='ltr'><strong>pacificas</strong></span> <span class='ocrx_word' id='word_1_300' title='bbox 876 2111 950 2170; x_wconf 88' lang='lat' dir='ltr'><strong>mibi</strong></span> <span class='ocrx_word' id='word_1_301' title='bbox 963 2111 1036 2170; x_wconf 88' lang='lat' dir='ltr'><strong>otie-</strong></span> <span class='ocrx_word' id='word_1_302' title='bbox 1077 2121 1126 2173; x_wconf 91' lang='lat' dir='ltr'><strong>tus</strong></span> <span class='ocrx_word' id='word_1_303' title='bbox 1140 2121 1168 2174; x_wconf 91' lang='lat' dir='ltr'><strong>et</strong></span> <span class='ocrx_word' id='word_1_304' title='bbox 1181 2133 1281 2173; x_wconf 89' lang='lat' dir='ltr'><strong>armus</strong></span> <span class='ocrx_word' id='word_1_305' title='bbox 1295 2117 1410 2186; x_wconf 84' lang='lat' dir='ltr'><strong>dexter,</strong></span> <span class='ocrx_word' id='word_1_306' title='bbox 1422 2114 1494 2188; x_wconf 89' lang='lat' dir='ltr'><strong>quia</strong></span> <span class='ocrx_word' id='word_1_307' title='bbox 1505 2115 1552 2170; x_wconf 78' lang='lat' dir='ltr'><strong>hae</strong></span> <span class='ocrx_word' id='word_1_308' title='bbox 1565 2118 1634 2170; x_wconf 91' lang='lat' dir='ltr'><strong>sunt</strong></span> <span class='ocrx_word' id='word_1_309' title='bbox 1646 2118 1745 2186; x_wconf 91' lang='lat' dir='ltr'><strong>partes</strong></span> <span class='ocrx_word' id='word_1_310' title='bbox 1757 2113 1877 2188; x_wconf 80' lang='lat' dir='ltr'><strong>prinae,</strong></span> 
     </span>
     <span class='ocr_line' id='line_1_24' title="bbox 241 2197 1878 2274; baseline -0.004 -14"><span class='ocrx_word' id='word_1_311' title='bbox 241 2207 318 2263; x_wconf 85' lang='lat' dir='ltr'><strong>rent.</strong></span> <span class='ocrx_word' id='word_1_312' title='bbox 1079 2215 1146 2274; x_wconf 77' lang='lat' dir='ltr'><strong>quae</strong></span> <span class='ocrx_word' id='word_1_313' title='bbox 1159 2199 1242 2258; x_wconf 90' lang='lat' dir='ltr'><strong>initio</strong></span> <span class='ocrx_word' id='word_1_314' title='bbox 1256 2215 1272 2256; x_wconf 94' lang='lat' dir='ltr'><strong>c</strong></span> <span class='ocrx_word' id='word_1_315' title='bbox 1285 2197 1535 2272; x_wconf 87' lang='lat' dir='ltr'><strong>victimapacifica</strong></span> <span class='ocrx_word' id='word_1_316' title='bbox 1544 2199 1718 2270; x_wconf 88' lang='lat' dir='ltr'><strong>separantur</strong></span> <span class='ocrx_word' id='word_1_317' title='bbox 1729 2199 1802 2266; x_wconf 87' lang='lat' dir='ltr'><strong>Deo,</strong></span> <span class='ocrx_word' id='word_1_318' title='bbox 1817 2197 1878 2253; x_wconf 85' lang='lat' dir='ltr'><strong>Dei-</strong></span> 
     </span>
    </p>

    <p class='ocr_par' dir='ltr' id='par_1_7' title="bbox 124 2279 1877 2362">
     <span class='ocr_line' id='line_1_25' title="bbox 124 2279 1877 2362; baseline -0.007 -14"><span class='ocrx_word' id='word_1_319' title='bbox 124 2291 227 2362; x_wconf 64' lang='lat' dir='ltr'><strong>ropro-</strong></span> <span class='ocrx_word' id='word_1_320' title='bbox 277 2279 469 2356; x_wconf 77' lang='lat' dir='ltr'><strong>rropologiee</strong></span> <span class='ocrx_word' id='word_1_321' title='bbox 483 2282 510 2338; x_wconf 82' lang='lat' dir='ltr'><strong>S·</strong></span> <span class='ocrx_word' id='word_1_322' title='bbox 527 2279 698 2351; x_wconf 79' lang='lat' dir='ltr'><strong>Gregorius,</strong></span> <span class='ocrx_word' id='word_1_323' title='bbox 712 2280 734 2336; x_wconf 81' lang='grc' dir='ltr'>Π</span> <span class='ocrx_word' id='word_1_324' title='bbox 747 2281 823 2352; x_wconf 67' lang='lat' dir='ltr'><strong>Pili·</strong></span> <span class='ocrx_word' id='word_1_325' title='bbox 841 2279 949 2334; x_wconf 62' lang='lat' dir='ltr'><strong>Pisiffl&#39;·</strong></span> <span class='ocrx_word' id='word_1_326' title='bbox 968 2291 1034 2349; x_wconf 62' lang='grc' dir='ltr'><strong>οὸῑΡ·</strong></span> <span class='ocrx_word' id='word_1_327' title='bbox 1079 2300 1138 2358; x_wconf 90' lang='lat' dir='ltr'><strong>que</strong></span> <span class='ocrx_word' id='word_1_328' title='bbox 1160 2283 1281 2342; x_wconf 89' lang='lat' dir='ltr'><strong>nomine</strong></span> <span class='ocrx_word' id='word_1_329' title='bbox 1303 2281 1469 2340; x_wconf 87' lang='lat' dir='ltr'><strong>offeruntur</strong></span> <span class='ocrx_word' id='word_1_330' title='bbox 1491 2280 1655 2350; x_wconf 90' lang='lat' dir='ltr'><strong>sacerdoti,</strong></span> <span class='ocrx_word' id='word_1_331' title='bbox 1676 2280 1809 2354; x_wconf 89' lang='lat' dir='ltr'><strong>ideoque</strong></span> <span class='ocrx_word' id='word_1_332' title='bbox 1832 2281 1877 2336; x_wconf 78' lang='lat' dir='ltr'><strong>be</strong></span> 
     </span>
    </p>

    <p class='ocr_par' dir='ltr' id='par_1_8' title="bbox 124 2352 1877 2459">
     <span class='ocr_line' id='line_1_26' title="bbox 124 2352 1877 2459; baseline -0.007 -35"><span class='ocrx_word' id='word_1_333' title='bbox 124 2352 230 2459; x_wconf 49' lang='grc' dir='ltr'><strong>ξξΐὲζ</strong></span> <span class='ocrx_word' id='word_1_334' title='bbox 242 2382 276 2423; x_wconf 87' lang='grc' dir='ltr'><strong>ιιι</strong></span> <span class='ocrx_word' id='word_1_335' title='bbox 291 2383 298 2422; x_wconf 91' lang='lat'><strong>:</strong></span> <span class='ocrx_word' id='word_1_336' title='bbox 313 2364 434 2438; x_wconf 86' lang='lat' dir='ltr'><strong>liecipit,</strong></span> <span class='ocrx_word' id='word_1_337' title='bbox 448 2363 561 2436; x_wconf 89' lang='lat' dir='ltr'><strong>inquit,</strong></span> <span class='ocrx_word' id='word_1_338' title='bbox 571 2363 708 2419; x_wconf 88' lang='lat' dir='ltr'><strong>sacerdos</strong></span> <span class='ocrx_word' id='word_1_339' title='bbox 727 2377 746 2416; x_wconf 92' lang='lat' dir='ltr'><strong>a</strong></span> <span class='ocrx_word' id='word_1_340' title='bbox 763 2359 877 2435; x_wconf 88' lang='lat' dir='ltr'><strong>populo</strong></span> <span class='ocrx_word' id='word_1_341' title='bbox 891 2363 994 2434; x_wconf 90' lang='lat' dir='ltr'><strong>pectus</strong></span> <span class='ocrx_word' id='word_1_342' title='bbox 1008 2365 1037 2416; x_wconf 91' lang='lat' dir='ltr'><strong>ct</strong></span> <span class='ocrx_word' id='word_1_343' title='bbox 1078 2371 1177 2441; x_wconf 73' lang='lat' dir='ltr'><strong>partes</strong></span> <span class='ocrx_word' id='word_1_344' title='bbox 1190 2366 1382 2424; x_wconf 61' lang='lat' dir='ltr'><strong>nobilissimas</strong></span> <span class='ocrx_word' id='word_1_345' title='bbox 1392 2369 1470 2422; x_wconf 82' lang='lat' dir='ltr'><strong>sunt,</strong></span> <span class='ocrx_word' id='word_1_346' title='bbox 1481 2365 1606 2421; x_wconf 79' lang='lat' dir='ltr'><strong>Maxima</strong></span> <span class='ocrx_word' id='word_1_347' title='bbox 1619 2363 1699 2420; x_wconf 79' lang='lat' dir='ltr'><strong>enim</strong></span> <span class='ocrx_word' id='word_1_348' title='bbox 1712 2379 1820 2421; x_wconf 72' lang='lat' dir='ltr'><strong>aarum</strong></span> <span class='ocrx_word' id='word_1_349' title='bbox 1835 2371 1877 2420; x_wconf 71' lang='lat' dir='ltr'><strong>est</strong></span> 
     </span>
    </p>

    <p class='ocr_par' dir='ltr' id='par_1_9' title="bbox 122 2443 1876 2532">
     <span class='ocr_line' id='line_1_27' title="bbox 122 2443 1876 2532; baseline -0.009 -12"><span class='ocrx_word' id='word_1_350' title='bbox 122 2475 162 2520; x_wconf 75' lang='lat' dir='ltr'><strong>co·</strong></span> <span class='ocrx_word' id='word_1_351' title='bbox 183 2487 230 2532; x_wconf 74' lang='lat' dir='ltr'><strong>pee-</strong></span> <span class='ocrx_word' id='word_1_352' title='bbox 243 2465 360 2507; x_wconf 69' lang='lat' dir='ltr'><strong>ffi&#39;fflum</strong></span> <span class='ocrx_word' id='word_1_353' title='bbox 378 2449 529 2514; x_wconf 71' lang='lat' dir='ltr'><strong>deinum,</strong></span> <span class='ocrx_word' id='word_1_354' title='bbox 552 2449 585 2502; x_wconf 72' lang='lat' dir='ltr'><strong>Ui</strong></span> <span class='ocrx_word' id='word_1_355' title='bbox 602 2443 769 2500; x_wconf 66' lang='lat' dir='ltr'><strong>meminerit</strong></span> <span class='ocrx_word' id='word_1_356' title='bbox 791 2459 823 2500; x_wconf 65' lang='grc' dir='ltr'><strong>ὅθ</strong></span> <span class='ocrx_word' id='word_1_357' title='bbox 846 2446 905 2500; x_wconf 74' lang='lat'><strong>⁰00</strong></span> <span class='ocrx_word' id='word_1_358' title='bbox 925 2443 1036 2499; x_wconf 71' lang='lat' dir='ltr'><strong>debere</strong></span> <span class='ocrx_word' id='word_1_359' title='bbox 1079 2449 1218 2508; x_wconf 87' lang='lat' dir='ltr'><strong>nobilitas</strong></span> <span class='ocrx_word' id='word_1_360' title='bbox 1232 2453 1260 2506; x_wconf 93' lang='lat' dir='ltr'><strong>et</strong></span> <span class='ocrx_word' id='word_1_361' title='bbox 1274 2449 1417 2520; x_wconf 84' lang='lat' dir='ltr'><strong>dignitas,</strong></span> <span class='ocrx_word' id='word_1_362' title='bbox 1432 2449 1516 2521; x_wconf 91' lang='lat' dir='ltr'><strong>quod</strong></span> <span class='ocrx_word' id='word_1_363' title='bbox 1537 2448 1635 2521; x_wconf 91' lang='lat' dir='ltr'><strong>primo</strong></span> <span class='ocrx_word' id='word_1_364' title='bbox 1657 2449 1715 2504; x_wconf 82' lang='lat' dir='ltr'><strong>Deo</strong></span> <span class='ocrx_word' id='word_1_365' title='bbox 1734 2463 1876 2520; x_wconf 89' lang='lat' dir='ltr'><strong>separen-</strong></span> 
     </span>
    </p>

    <p class='ocr_par' dir='ltr' id='par_1_10' title="bbox 123 2525 1877 2604">
     <span class='ocr_line' id='line_1_28' title="bbox 123 2525 1877 2604; baseline 0.003 -21"><span class='ocrx_word' id='word_1_366' title='bbox 123 2540 160 2581; x_wconf 75' lang='lat' dir='ltr'><strong>to·</strong></span> <span class='ocrx_word' id='word_1_367' title='bbox 208 2541 229 2580; x_wconf 82' lang='lat' dir='ltr'><strong>u</strong></span> <span class='ocrx_word' id='word_1_368' title='bbox 242 2532 368 2589; x_wconf 78' lang='lat' dir='ltr'><strong>reddero</strong></span> <span class='ocrx_word' id='word_1_369' title='bbox 381 2533 482 2604; x_wconf 83' lang='lat' dir='ltr'><strong>pectus</strong></span> <span class='ocrx_word' id='word_1_370' title='bbox 496 2543 594 2595; x_wconf 90' lang='lat' dir='ltr'><strong>suum,</strong></span> <span class='ocrx_word' id='word_1_371' title='bbox 609 2531 642 2581; x_wconf 90' lang='lat' dir='ltr'><strong>ut</strong></span> <span class='ocrx_word' id='word_1_372' title='bbox 655 2525 774 2583; x_wconf 92' lang='lat' dir='ltr'><strong>nonnisi</strong></span> <span class='ocrx_word' id='word_1_373' title='bbox 787 2541 855 2598; x_wconf 80' lang='lat' dir='ltr'><strong>quoe</strong></span> <span class='ocrx_word' id='word_1_374' title='bbox 871 2529 951 2582; x_wconf 77' lang='lat' dir='ltr'><strong>recta</strong></span> <span class='ocrx_word' id='word_1_375' title='bbox 968 2529 1037 2582; x_wconf 82' lang='lat' dir='ltr'><strong>sunt</strong></span> <span class='ocrx_word' id='word_1_376' title='bbox 1079 2538 1143 2604; x_wconf 91' lang='lat' dir='ltr'><strong>tur,</strong></span> <span class='ocrx_word' id='word_1_377' title='bbox 1156 2537 1184 2590; x_wconf 93' lang='lat' dir='ltr'><strong>et</strong></span> <span class='ocrx_word' id='word_1_378' title='bbox 1197 2533 1259 2590; x_wconf 83' lang='lat' dir='ltr'><strong>vice</strong></span> <span class='ocrx_word' id='word_1_379' title='bbox 1273 2533 1323 2589; x_wconf 87' lang='lat' dir='ltr'><strong>Dei</strong></span> <span class='ocrx_word' id='word_1_380' title='bbox 1336 2532 1481 2590; x_wconf 89' lang='lat' dir='ltr'><strong>sacerdoti</strong></span> <span class='ocrx_word' id='word_1_381' title='bbox 1494 2530 1671 2601; x_wconf 66' lang='lat' dir='ltr'><strong>offerentum</strong></span> <span class='ocrx_word' id='word_1_382' title='bbox 1688 2531 1817 2603; x_wconf 91' lang='lat' dir='ltr'><strong>deinde,</strong></span> <span class='ocrx_word' id='word_1_383' title='bbox 1833 2548 1877 2588; x_wconf 87' lang='lat' dir='ltr'><strong>se-</strong></span> 
     </span>
    </p>

    <p class='ocr_par' dir='ltr' id='par_1_11' title="bbox 139 2596 1968 3194">
     <span class='ocr_line' id='line_1_29' title="bbox 139 2596 1876 2706; baseline -0.001 -33"><span class='ocrx_word' id='word_1_384' title='bbox 139 2596 212 2706; x_wconf 50' lang='lat' dir='ltr'><strong>ffi,</strong></span> <span class='ocrx_word' id='word_1_385' title='bbox 244 2616 367 2686; x_wconf 83' lang='lat' dir='ltr'><strong>cogitet3</strong></span> <span class='ocrx_word' id='word_1_386' title='bbox 380 2618 409 2670; x_wconf 90' lang='lat' dir='ltr'><strong>et</strong></span> <span class='ocrx_word' id='word_1_387' title='bbox 420 2627 548 2679; x_wconf 88' lang='lat' dir='ltr'><strong>armum,</strong></span> <span class='ocrx_word' id='word_1_388' title='bbox 561 2609 593 2666; x_wconf 90' lang='lat' dir='ltr'><strong>id</strong></span> <span class='ocrx_word' id='word_1_389' title='bbox 605 2615 649 2666; x_wconf 90' lang='lat' dir='ltr'><strong>cst</strong></span> <span class='ocrx_word' id='word_1_390' title='bbox 657 2607 825 2679; x_wconf 90' lang='lat' dir='ltr'><strong>brachium,</strong></span> <span class='ocrx_word' id='word_1_391' title='bbox 841 2609 988 2679; x_wconf 78' lang='lat' dir='ltr'><strong>dextrum,</strong></span> <span class='ocrx_word' id='word_1_392' title='bbox 1004 2613 1037 2667; x_wconf 89' lang='lat' dir='ltr'><strong>ut</strong></span> <span class='ocrx_word' id='word_1_393' title='bbox 1079 2616 1180 2673; x_wconf 84' lang='lat' dir='ltr'><strong>eundo</strong></span> <span class='ocrx_word' id='word_1_394' title='bbox 1193 2615 1218 2672; x_wconf 91' lang='lat' dir='ltr'><strong>is</strong></span> <span class='ocrx_word' id='word_1_395' title='bbox 1231 2617 1285 2690; x_wconf 90' lang='lat' dir='ltr'><strong>qui</strong></span> <span class='ocrx_word' id='word_1_396' title='bbox 1299 2633 1315 2674; x_wconf 94' lang='lat' dir='ltr'><strong>c</strong></span> <span class='ocrx_word' id='word_1_397' title='bbox 1328 2616 1443 2690; x_wconf 91' lang='lat' dir='ltr'><strong>populo</strong></span> <span class='ocrx_word' id='word_1_398' title='bbox 1453 2614 1539 2672; x_wconf 84' lang='lat' dir='ltr'><strong>offert</strong></span> <span class='ocrx_word' id='word_1_399' title='bbox 1548 2613 1699 2672; x_wconf 85' lang='lat' dir='ltr'><strong>victimam</strong></span> <span class='ocrx_word' id='word_1_400' title='bbox 1707 2614 1876 2686; x_wconf 86' lang='lat' dir='ltr'><strong>pacificam,</strong></span> 
     </span>
     <span class='ocr_line' id='line_1_30' title="bbox 152 2693 1651 2773; baseline -0.002 -16"><span class='ocrx_word' id='word_1_401' title='bbox 152 2719 203 2764; x_wconf 81' lang='lat' dir='ltr'><strong>neo.</strong></span> <span class='ocrx_word' id='word_1_402' title='bbox 243 2697 401 2757; x_wconf 90' lang='lat' dir='ltr'><strong>fortissime</strong></span> <span class='ocrx_word' id='word_1_403' title='bbox 422 2710 566 2769; x_wconf 89' lang='lat' dir='ltr'><strong>prospera</strong></span> <span class='ocrx_word' id='word_1_404' title='bbox 585 2698 614 2750; x_wconf 91' lang='lat' dir='ltr'><strong>et</strong></span> <span class='ocrx_word' id='word_1_405' title='bbox 637 2695 762 2750; x_wconf 89' lang='lat' dir='ltr'><strong>advorsa</strong></span> <span class='ocrx_word' id='word_1_406' title='bbox 782 2693 883 2751; x_wconf 91' lang='lat' dir='ltr'><strong>omnia</strong></span> <span class='ocrx_word' id='word_1_407' title='bbox 904 2699 1037 2750; x_wconf 90' lang='lat' dir='ltr'><strong>contem·</strong></span> <span class='ocrx_word' id='word_1_408' title='bbox 1080 2699 1203 2772; x_wconf 86' lang='lat' dir='ltr'><strong>uceipiat</strong></span> <span class='ocrx_word' id='word_1_409' title='bbox 1216 2715 1253 2756; x_wconf 81' lang='lat' dir='ltr'><strong>ex</strong></span> <span class='ocrx_word' id='word_1_410' title='bbox 1266 2717 1300 2757; x_wconf 90' lang='lat' dir='ltr'><strong>ea</strong></span> <span class='ocrx_word' id='word_1_411' title='bbox 1313 2699 1481 2773; x_wconf 90' lang='lat' dir='ltr'><strong>portionem</strong></span> <span class='ocrx_word' id='word_1_412' title='bbox 1494 2697 1651 2770; x_wconf 72' lang='lat' dir='ltr'><strong>reliquam,</strong></span> 
     </span>
     <span class='ocr_line' id='line_1_31' title="bbox 245 2777 1968 2854; baseline -0.006 -13"><span class='ocrx_word' id='word_1_413' title='bbox 245 2783 355 2852; x_wconf 87' lang='lat' dir='ltr'><strong>nendo,</strong></span> <span class='ocrx_word' id='word_1_414' title='bbox 367 2793 509 2852; x_wconf 87' lang='lat' dir='ltr'><strong>generose</strong></span> <span class='ocrx_word' id='word_1_415' title='bbox 524 2793 560 2834; x_wconf 90' lang='lat' dir='ltr'><strong>ea</strong></span> <span class='ocrx_word' id='word_1_416' title='bbox 572 2793 639 2850; x_wconf 74' lang='lat' dir='ltr'><strong>quie</strong></span> <span class='ocrx_word' id='word_1_417' title='bbox 660 2777 710 2832; x_wconf 83' lang='lat' dir='ltr'><strong>ilci</strong></span> <span class='ocrx_word' id='word_1_418' title='bbox 728 2781 797 2834; x_wconf 88' lang='lat' dir='ltr'><strong>sunt</strong></span> <span class='ocrx_word' id='word_1_419' title='bbox 810 2783 989 2850; x_wconf 80' lang='lat' dir='ltr'><strong>exequatur,</strong></span> <span class='ocrx_word' id='word_1_420' title='bbox 1005 2782 1038 2835; x_wconf 93' lang='lat' dir='ltr'><strong>ut</strong></span> <span class='ocrx_word' id='word_1_421' title='bbox 1114 2785 1160 2840; x_wconf 71' lang='lat'><strong>29.</strong></span> <span class='ocrx_word' id='word_1_422' title='bbox 1176 2785 1286 2840; x_wconf 75' lang='lat' dir='ltr'><strong>l&#39;esrsu</strong></span> <span class='ocrx_word' id='word_1_423' title='bbox 1299 2797 1392 2841; x_wconf 61' lang='lat' dir='ltr'><strong>suasu</strong></span> <span class='ocrx_word' id='word_1_424' title='bbox 1408 2797 1533 2838; x_wconf 73' lang='lat' dir='ltr'><strong>sia-criu</strong></span> <span class='ocrx_word' id='word_1_425' title='bbox 1553 2795 1610 2848; x_wconf 70' lang='lat' dir='ltr'><strong>Qua</strong></span> <span class='ocrx_word' id='word_1_426' title='bbox 1629 2797 1739 2839; x_wconf 70' lang='lat' dir='ltr'><strong>aaaron</strong></span> <span class='ocrx_word' id='word_1_427' title='bbox 1757 2788 1877 2854; x_wconf 60' lang='lat' dir='ltr'><strong>aanor«,</strong></span> <span class='ocrx_word' id='word_1_428' title='bbox 1890 2785 1968 2833; x_wconf 76' lang='lat' dir='ltr'><strong>tusa</strong></span> 
     </span>
     <span class='ocr_line' id='line_1_32' title="bbox 244 2861 1876 2938; baseline -0.007 -13"><span class='ocrx_word' id='word_1_429' title='bbox 244 2867 325 2924; x_wconf 82' lang='lat' dir='ltr'><strong>ineo</strong></span> <span class='ocrx_word' id='word_1_430' title='bbox 339 2879 444 2922; x_wconf 79' lang='lat' dir='ltr'><strong>verum</strong></span> <span class='ocrx_word' id='word_1_431' title='bbox 462 2862 499 2918; x_wconf 85' lang='lat' dir='ltr'><strong>sit</strong></span> <span class='ocrx_word' id='word_1_432' title='bbox 517 2861 592 2917; x_wconf 86' lang='lat' dir='ltr'><strong>illud</strong></span> <span class='ocrx_word' id='word_1_433' title='bbox 609 2861 677 2916; x_wconf 79' lang='lat' dir='ltr'><strong>tulii</strong></span> <span class='ocrx_word' id='word_1_434' title='bbox 691 2861 812 2916; x_wconf 74' lang='lat' dir='ltr'><strong>Caesaris</strong></span> <span class='ocrx_word' id='word_1_435' title='bbox 833 2862 914 2934; x_wconf 84' lang='lat' dir='ltr'><strong>apud</strong></span> <span class='ocrx_word' id='word_1_436' title='bbox 928 2861 1037 2918; x_wconf 82' lang='lat' dir='ltr'><strong>Sallus·</strong></span> <span class='ocrx_word' id='word_1_437' title='bbox 1080 2881 1225 2924; x_wconf 68' lang='lat' dir='ltr'><strong>titubabat</strong></span> <span class='ocrx_word' id='word_1_438' title='bbox 1238 2881 1305 2924; x_wconf 76' lang='lat' dir='ltr'><strong>Fttll</strong></span> <span class='ocrx_word' id='word_1_439' title='bbox 1318 2879 1463 2922; x_wconf 76' lang='lat' dir='ltr'><strong>nrusposr</strong></span> <span class='ocrx_word' id='word_1_440' title='bbox 1476 2879 1549 2936; x_wconf 71' lang='lat' dir='ltr'><strong>Eun,</strong></span> <span class='ocrx_word' id='word_1_441' title='bbox 1565 2879 1602 2920; x_wconf 77' lang='lat' dir='ltr'><strong>ur</strong></span> <span class='ocrx_word' id='word_1_442' title='bbox 1614 2879 1764 2924; x_wconf 63' lang='lat' dir='ltr'><strong>[ludmila</strong></span> <span class='ocrx_word' id='word_1_443' title='bbox 1777 2882 1809 2924; x_wconf 80' lang='lat' dir='ltr'><strong>lli</strong></span> <span class='ocrx_word' id='word_1_444' title='bbox 1826 2883 1876 2938; x_wconf 64' lang='grc' dir='ltr'><strong>ῃ,</strong></span> 
     </span>
     <span class='ocr_line' id='line_1_33' title="bbox 244 2942 1878 3022; baseline -0.006 -14"><span class='ocrx_word' id='word_1_445' title='bbox 244 2951 317 3008; x_wconf 88' lang='lat' dir='ltr'><strong>tium</strong></span> <span class='ocrx_word' id='word_1_446' title='bbox 330 2949 362 3006; x_wconf 90' lang='lat' dir='ltr'><strong>in</strong></span> <span class='ocrx_word' id='word_1_447' title='bbox 382 2948 523 3004; x_wconf 79' lang='lat' dir='ltr'><strong>Catilina:</strong></span> <span class='ocrx_word' id='word_1_448' title='bbox 538 2961 554 2998; x_wconf 78' lang='lat' dir='ltr'><strong>a</strong></span> <span class='ocrx_word' id='word_1_449' title='bbox 570 2944 604 3000; x_wconf 89' lang='lat' dir='ltr'><strong>ln</strong></span> <span class='ocrx_word' id='word_1_450' title='bbox 616 2942 893 3016; x_wconf 71' lang='lat' dir='ltr'><strong>morimarusam,</strong></span> <span class='ocrx_word' id='word_1_451' title='bbox 913 2945 1038 3002; x_wconf 85' lang='lat' dir='ltr'><strong>minima</strong></span> <span class='ocrx_word' id='word_1_452' title='bbox 1079 2966 1116 3008; x_wconf 79' lang='lat' dir='ltr'><strong>nr</strong></span> <span class='ocrx_word' id='word_1_453' title='bbox 1139 2965 1355 3010; x_wconf 72' lang='lat' dir='ltr'><strong>coasacasiiwlt</strong></span> <span class='ocrx_word' id='word_1_454' title='bbox 1377 2963 1469 3006; x_wconf 72' lang='lat' dir='ltr'><strong>nauus</strong></span> <span class='ocrx_word' id='word_1_455' title='bbox 1493 2963 1605 3019; x_wconf 70' lang='lat' dir='ltr'><strong>nouus,</strong></span> <span class='ocrx_word' id='word_1_456' title='bbox 1623 2979 1659 2992; x_wconf 92' lang='lat'><em>-</em></span> <span class='ocrx_word' id='word_1_457' title='bbox 1677 2968 1705 3022; x_wconf 85' lang='lat' dir='ltr'><strong>q,</strong></span> <span class='ocrx_word' id='word_1_458' title='bbox 1727 2953 1757 3008; x_wconf 78' lang='lat' dir='ltr'><strong>d,</strong></span> <span class='ocrx_word' id='word_1_459' title='bbox 1778 2954 1878 3009; x_wconf 72' lang='lat' dir='ltr'><strong>Vestes</strong></span> 
     </span>
     <span class='ocr_line' id='line_1_34' title="bbox 245 3032 1879 3111; baseline 0.002 -20"><span class='ocrx_word' id='word_1_460' title='bbox 245 3038 289 3091; x_wconf 87' lang='lat' dir='ltr'><strong>est</strong></span> <span class='ocrx_word' id='word_1_461' title='bbox 302 3032 428 3090; x_wconf 87' lang='lat' dir='ltr'><strong>licentia.</strong></span> <span class='ocrx_word' id='word_1_462' title='bbox 444 3051 458 3082; x_wconf 81' lang='grc' dir='ltr'>ι</span> <span class='ocrx_word' id='word_1_463' title='bbox 1079 3035 1228 3111; x_wconf 90' lang='lat' dir='ltr'><strong>pontificis</strong></span> <span class='ocrx_word' id='word_1_464' title='bbox 1242 3037 1348 3092; x_wconf 88' lang='lat' dir='ltr'><strong>sanctis</strong></span> <span class='ocrx_word' id='word_1_465' title='bbox 1361 3033 1465 3091; x_wconf 84' lang='lat' dir='ltr'><strong>usibus</strong></span> <span class='ocrx_word' id='word_1_466' title='bbox 1479 3034 1650 3107; x_wconf 88' lang='lat' dir='ltr'><strong>deputatas,</strong></span> <span class='ocrx_word' id='word_1_467' title='bbox 1663 3041 1783 3092; x_wconf 89' lang='lat' dir='ltr'><strong>mortuo</strong></span> <span class='ocrx_word' id='word_1_468' title='bbox 1793 3043 1879 3110; x_wconf 87' lang='lat' dir='ltr'><strong>patre</strong></span> 
     </span>
     <span class='ocr_line' id='line_1_35' title="bbox 217 3113 1879 3194; baseline 0.001 -17"><span class='ocrx_word' id='word_1_469' title='bbox 217 3142 230 3157; x_wconf 94' lang='lat'><strong>·</strong></span> <span class='ocrx_word' id='word_1_470' title='bbox 280 3123 321 3178; x_wconf 89' lang='lat' dir='ltr'><strong>ita</strong></span> <span class='ocrx_word' id='word_1_471' title='bbox 333 3117 400 3175; x_wconf 90' lang='lat' dir='ltr'><strong>fecit</strong></span> <span class='ocrx_word' id='word_1_472' title='bbox 410 3117 485 3174; x_wconf 90' lang='lat' dir='ltr'><strong>inter</strong></span> <span class='ocrx_word' id='word_1_473' title='bbox 499 3117 573 3173; x_wconf 90' lang='lat' dir='ltr'><strong>alios</strong></span> <span class='ocrx_word' id='word_1_474' title='bbox 586 3118 613 3172; x_wconf 88' lang='lat' dir='ltr'><strong>S.</strong></span> <span class='ocrx_word' id='word_1_475' title='bbox 632 3114 754 3172; x_wconf 84' lang='lat' dir='ltr'><strong>Carolus</strong></span> <span class='ocrx_word' id='word_1_476' title='bbox 772 3117 970 3184; x_wconf 86' lang='lat' dir='ltr'><strong>Borromaeus,</strong></span> <span class='ocrx_word' id='word_1_477' title='bbox 985 3113 1038 3187; x_wconf 89' lang='lat' dir='ltr'><strong>qui</strong></span> <span class='ocrx_word' id='word_1_478' title='bbox 1080 3119 1236 3192; x_wconf 87' lang='lat' dir='ltr'><strong>pontifice,</strong></span> <span class='ocrx_word' id='word_1_479' title='bbox 1251 3118 1371 3190; x_wconf 88' lang='lat' dir='ltr'><strong>accipiet</strong></span> <span class='ocrx_word' id='word_1_480' title='bbox 1384 3117 1462 3173; x_wconf 90' lang='lat' dir='ltr'><strong>filius</strong></span> <span class='ocrx_word' id='word_1_481' title='bbox 1477 3117 1589 3186; x_wconf 88' lang='lat' dir='ltr'><strong>senior,</strong></span> <span class='ocrx_word' id='word_1_482' title='bbox 1602 3118 1654 3190; x_wconf 89' lang='lat' dir='ltr'><strong>qui</strong></span> <span class='ocrx_word' id='word_1_483' title='bbox 1668 3120 1744 3191; x_wconf 89' lang='lat' dir='ltr'><strong>patri</strong></span> <span class='ocrx_word' id='word_1_484' title='bbox 1758 3121 1790 3177; x_wconf 92' lang='lat' dir='ltr'><strong>in</strong></span> <span class='ocrx_word' id='word_1_485' title='bbox 1801 3137 1879 3194; x_wconf 91' lang='lat' dir='ltr'><strong>pon·</strong></span> 
     </span>
    </p>

    <p class='ocr_par' dir='ltr' id='par_1_12' title="bbox 164 3199 1877 3774">
     <span class='ocr_line' id='line_1_36' title="bbox 164 3199 1876 3273; baseline 0 -11"><span class='ocrx_word' id='word_1_486' title='bbox 164 3213 171 3226; x_wconf 85' lang='lat'><strong>·</strong></span> <span class='ocrx_word' id='word_1_487' title='bbox 245 3203 320 3262; x_wconf 90' lang='lat' dir='ltr'><strong>nulli</strong></span> <span class='ocrx_word' id='word_1_488' title='bbox 331 3201 441 3272; x_wconf 91' lang='lat' dir='ltr'><strong>labori,</strong></span> <span class='ocrx_word' id='word_1_489' title='bbox 456 3201 531 3257; x_wconf 91' lang='lat' dir='ltr'><strong>nulli</strong></span> <span class='ocrx_word' id='word_1_490' title='bbox 545 3199 723 3268; x_wconf 83' lang='lat' dir='ltr'><strong>austeritati,</strong></span> <span class='ocrx_word' id='word_1_491' title='bbox 737 3199 811 3255; x_wconf 78' lang='lat' dir='ltr'><strong>nrdli</strong></span> <span class='ocrx_word' id='word_1_492' title='bbox 825 3199 957 3272; x_wconf 91' lang='lat' dir='ltr'><strong>periculo</strong></span> <span class='ocrx_word' id='word_1_493' title='bbox 971 3205 1054 3273; x_wconf 51' lang='lat' dir='ltr'><strong>pan?</strong></span> <span class='ocrx_word' id='word_1_494' title='bbox 1080 3203 1190 3260; x_wconf 86' lang='lat' dir='ltr'><strong>titicntu</strong></span> <span class='ocrx_word' id='word_1_495' title='bbox 1211 3201 1363 3272; x_wconf 89' lang='lat' dir='ltr'><strong>succedet,</strong></span> <span class='ocrx_word' id='word_1_496' title='bbox 1378 3206 1411 3257; x_wconf 93' lang='lat' dir='ltr'><strong>ut</strong></span> <span class='ocrx_word' id='word_1_497' title='bbox 1431 3201 1466 3256; x_wconf 88' lang='lat' dir='ltr'><strong>iis</strong></span> <span class='ocrx_word' id='word_1_498' title='bbox 1482 3201 1603 3256; x_wconf 90' lang='lat' dir='ltr'><strong>indutus</strong></span> <span class='ocrx_word' id='word_1_499' title='bbox 1623 3207 1752 3272; x_wconf 82' lang='lat' dir='ltr'><strong>ungatur</strong></span> <span class='ocrx_word' id='word_1_500' title='bbox 1765 3208 1794 3261; x_wconf 89' lang='lat' dir='ltr'><strong>et</strong></span> <span class='ocrx_word' id='word_1_501' title='bbox 1808 3221 1876 3262; x_wconf 90' lang='lat' dir='ltr'><strong>con·</strong></span> 
     </span>
     <span class='ocr_line' id='line_1_37' title="bbox 245 3284 1877 3362; baseline -0.001 -15"><span class='ocrx_word' id='word_1_502' title='bbox 245 3289 340 3358; x_wconf 89' lang='lat' dir='ltr'><strong>cebat,</strong></span> <span class='ocrx_word' id='word_1_503' title='bbox 358 3302 414 3362; x_wconf 93' lang='lat' dir='ltr'><strong>pro</strong></span> <span class='ocrx_word' id='word_1_504' title='bbox 434 3284 483 3340; x_wconf 84' lang='lat' dir='ltr'><strong>llci</strong></span> <span class='ocrx_word' id='word_1_505' title='bbox 502 3284 597 3356; x_wconf 80' lang='lat' dir='ltr'><strong>gloria</strong></span> <span class='ocrx_word' id='word_1_506' title='bbox 612 3289 640 3339; x_wconf 90' lang='lat' dir='ltr'><strong>ct</strong></span> <span class='ocrx_word' id='word_1_507' title='bbox 660 3299 783 3338; x_wconf 90' lang='lat' dir='ltr'><strong>suorum</strong></span> <span class='ocrx_word' id='word_1_508' title='bbox 803 3284 896 3339; x_wconf 85' lang='lat' dir='ltr'><strong>salute</strong></span> <span class='ocrx_word' id='word_1_509' title='bbox 917 3299 1039 3356; x_wconf 88' lang='lat' dir='ltr'><strong>proruo-</strong></span> <span class='ocrx_word' id='word_1_510' title='bbox 1080 3291 1209 3344; x_wconf 81' lang='lat' dir='ltr'><strong>sacretur</strong></span> <span class='ocrx_word' id='word_1_511' title='bbox 1220 3285 1369 3358; x_wconf 82' lang='lat' dir='ltr'><strong>pontifex,</strong></span> <span class='ocrx_word' id='word_1_512' title='bbox 1382 3285 1497 3356; x_wconf 88' lang='lat' dir='ltr'><strong>nequis</strong></span> <span class='ocrx_word' id='word_1_513' title='bbox 1511 3285 1792 3358; x_wconf 86' lang='lat' dir='ltr'><strong>putetpontiiicern,</strong></span> <span class='ocrx_word' id='word_1_514' title='bbox 1807 3305 1877 3346; x_wconf 89' lang='lat' dir='ltr'><strong>curn</strong></span> 
     </span>
     <span class='ocr_line' id='line_1_38' title="bbox 245 3365 1875 3442; baseline 0 -14"><span class='ocrx_word' id='word_1_515' title='bbox 245 3373 343 3430; x_wconf 85' lang='lat' dir='ltr'><strong>venda</strong></span> <span class='ocrx_word' id='word_1_516' title='bbox 349 3389 358 3442; x_wconf 84' lang='lat'>3</span> <span class='ocrx_word' id='word_1_517' title='bbox 372 3369 508 3442; x_wconf 85' lang='lat' dir='ltr'><strong>adeoque</strong></span> <span class='ocrx_word' id='word_1_518' title='bbox 529 3367 638 3423; x_wconf 89' lang='lat' dir='ltr'><strong>talibus</strong></span> <span class='ocrx_word' id='word_1_519' title='bbox 657 3366 776 3423; x_wconf 87' lang='lat' dir='ltr'><strong>immori</strong></span> <span class='ocrx_word' id='word_1_520' title='bbox 791 3365 929 3440; x_wconf 90' lang='lat' dir='ltr'><strong>optabat,</strong></span> <span class='ocrx_word' id='word_1_521' title='bbox 948 3367 1038 3424; x_wconf 86' lang='lat' dir='ltr'><strong>talem</strong></span> <span class='ocrx_word' id='word_1_522' title='bbox 1080 3369 1222 3440; x_wconf 87' lang='lat' dir='ltr'><strong>moritur,</strong></span> <span class='ocrx_word' id='word_1_523' title='bbox 1233 3369 1265 3425; x_wconf 87' lang='lat' dir='ltr'><strong>in</strong></span> <span class='ocrx_word' id='word_1_524' title='bbox 1278 3369 1338 3424; x_wconf 91' lang='lat' dir='ltr'><strong>suis</strong></span> <span class='ocrx_word' id='word_1_525' title='bbox 1350 3368 1571 3440; x_wconf 87' lang='lat' dir='ltr'><strong>pontificalibus</strong></span> <span class='ocrx_word' id='word_1_526' title='bbox 1585 3369 1790 3442; x_wconf 86' lang='lat' dir='ltr'><strong>sepeliendum</strong></span> <span class='ocrx_word' id='word_1_527' title='bbox 1802 3387 1875 3442; x_wconf 85' lang='lat' dir='ltr'><strong>esse,</strong></span> 
     </span>
     <span class='ocr_line' id='line_1_39' title="bbox 245 3450 1877 3526; baseline -0.002 -10"><span class='ocrx_word' id='word_1_528' title='bbox 245 3462 372 3516; x_wconf 88' lang='lat' dir='ltr'><strong>mortem</strong></span> <span class='ocrx_word' id='word_1_529' title='bbox 387 3455 419 3512; x_wconf 91' lang='lat' dir='ltr'><strong>in</strong></span> <span class='ocrx_word' id='word_1_530' title='bbox 431 3457 513 3511; x_wconf 92' lang='lat' dir='ltr'><strong>lucro</strong></span> <span class='ocrx_word' id='word_1_531' title='bbox 524 3467 682 3526; x_wconf 89' lang='lat' dir='ltr'><strong>reponens.</strong></span> <span class='ocrx_word' id='word_1_532' title='bbox 695 3452 776 3507; x_wconf 91' lang='lat' dir='ltr'><strong>Unde</strong></span> <span class='ocrx_word' id='word_1_533' title='bbox 788 3453 828 3507; x_wconf 91' lang='lat' dir='ltr'><strong>ad</strong></span> <span class='ocrx_word' id='word_1_534' title='bbox 838 3450 1038 3525; x_wconf 80' lang='lat' dir='ltr'><strong>archiepisco·</strong></span> <span class='ocrx_word' id='word_1_535' title='bbox 1080 3469 1233 3526; x_wconf 86' lang='lat' dir='ltr'><strong>novasque</strong></span> <span class='ocrx_word' id='word_1_536' title='bbox 1246 3457 1338 3508; x_wconf 82' lang='lat' dir='ltr'><strong>vestes</strong></span> <span class='ocrx_word' id='word_1_537' title='bbox 1351 3451 1535 3524; x_wconf 81' lang='lat' dir='ltr'><strong>pontificales</strong></span> <span class='ocrx_word' id='word_1_538' title='bbox 1549 3452 1612 3508; x_wconf 89' lang='lat' dir='ltr'><strong>filio</strong></span> <span class='ocrx_word' id='word_1_539' title='bbox 1626 3453 1790 3511; x_wconf 87' lang='lat' dir='ltr'><strong>successori</strong></span> <span class='ocrx_word' id='word_1_540' title='bbox 1807 3470 1877 3512; x_wconf 89' lang='lat' dir='ltr'><strong>con·</strong></span> 
     </span>
     <span class='ocr_line' id='line_1_40' title="bbox 244 3535 1874 3616; baseline 0 -19"><span class='ocrx_word' id='word_1_541' title='bbox 244 3558 318 3616; x_wconf 90' lang='lat' dir='ltr'><strong>pum</strong></span> <span class='ocrx_word' id='word_1_542' title='bbox 331 3538 528 3606; x_wconf 81' lang='lat' dir='ltr'><strong>Valentinum,</strong></span> <span class='ocrx_word' id='word_1_543' title='bbox 540 3535 593 3608; x_wconf 92' lang='lat' dir='ltr'><strong>qui</strong></span> <span class='ocrx_word' id='word_1_544' title='bbox 607 3551 676 3590; x_wconf 87' lang='lat' dir='ltr'><strong>eum</strong></span> <span class='ocrx_word' id='word_1_545' title='bbox 690 3535 841 3599; x_wconf 89' lang='lat' dir='ltr'><strong>monebat,</strong></span> <span class='ocrx_word' id='word_1_546' title='bbox 855 3538 887 3589; x_wconf 92' lang='lat' dir='ltr'><strong>ut</strong></span> <span class='ocrx_word' id='word_1_547' title='bbox 901 3536 958 3591; x_wconf 88' lang='lat' dir='ltr'><strong>sibi</strong></span> <span class='ocrx_word' id='word_1_548' title='bbox 970 3551 1039 3608; x_wconf 89' lang='lat' dir='ltr'><strong>par·</strong></span> <span class='ocrx_word' id='word_1_549' title='bbox 1079 3537 1221 3594; x_wconf 86' lang='lat' dir='ltr'><strong>ficicudas</strong></span> <span class='ocrx_word' id='word_1_550' title='bbox 1241 3553 1313 3592; x_wconf 88' lang='lat' dir='ltr'><strong>esse.</strong></span> <span class='ocrx_word' id='word_1_551' title='bbox 1335 3538 1377 3592; x_wconf 84' lang='lat' dir='ltr'><strong>tta</strong></span> <span class='ocrx_word' id='word_1_552' title='bbox 1397 3535 1527 3592; x_wconf 85' lang='lat' dir='ltr'><strong>vestibus</strong></span> <span class='ocrx_word' id='word_1_553' title='bbox 1548 3541 1663 3607; x_wconf 82' lang='lat' dir='ltr'><strong>Aaron,</strong></span> <span class='ocrx_word' id='word_1_554' title='bbox 1679 3554 1716 3594; x_wconf 91' lang='lat' dir='ltr'><strong>eo</strong></span> <span class='ocrx_word' id='word_1_555' title='bbox 1736 3543 1874 3610; x_wconf 87' lang='lat' dir='ltr'><strong>mortuo,</strong></span> 
     </span>
     <span class='ocr_line' id='line_1_41' title="bbox 245 3617 1875 3692; baseline -0.001 -10"><span class='ocrx_word' id='word_1_556' title='bbox 245 3629 333 3692; x_wconf 84' lang='lat' dir='ltr'><strong>caret,</strong></span> <span class='ocrx_word' id='word_1_557' title='bbox 347 3638 401 3679; x_wconf 90' lang='lat' dir='ltr'><strong>neo</strong></span> <span class='ocrx_word' id='word_1_558' title='bbox 415 3619 514 3676; x_wconf 89' lang='lat' dir='ltr'><strong>nimiis</strong></span> <span class='ocrx_word' id='word_1_559' title='bbox 530 3617 686 3673; x_wconf 87' lang='lat' dir='ltr'><strong>laboribus</strong></span> <span class='ocrx_word' id='word_1_560' title='bbox 704 3621 733 3673; x_wconf 92' lang='lat' dir='ltr'><strong>ct</strong></span> <span class='ocrx_word' id='word_1_561' title='bbox 750 3617 928 3690; x_wconf 81' lang='lat' dir='ltr'><strong>pmniicnliis</strong></span> <span class='ocrx_word' id='word_1_562' title='bbox 946 3618 1038 3675; x_wconf 87' lang='lat' dir='ltr'><strong>vitam</strong></span> <span class='ocrx_word' id='word_1_563' title='bbox 1080 3620 1201 3676; x_wconf 88' lang='lat' dir='ltr'><strong>indutus</strong></span> <span class='ocrx_word' id='word_1_564' title='bbox 1215 3623 1258 3675; x_wconf 92' lang='lat' dir='ltr'><strong>est</strong></span> <span class='ocrx_word' id='word_1_565' title='bbox 1271 3618 1388 3676; x_wconf 85' lang='lat' dir='ltr'><strong>Eleazar</strong></span> <span class='ocrx_word' id='word_1_566' title='bbox 1402 3619 1465 3690; x_wconf 89' lang='lat' dir='ltr'><strong>ejus</strong></span> <span class='ocrx_word' id='word_1_567' title='bbox 1479 3619 1576 3692; x_wconf 90' lang='lat' dir='ltr'><strong>filius,</strong></span> <span class='ocrx_word' id='word_1_568' title='bbox 1588 3622 1670 3678; x_wconf 84' lang='lat' dir='ltr'><strong>Num.</strong></span> <span class='ocrx_word' id='word_1_569' title='bbox 1682 3636 1738 3692; x_wconf 84' lang='lat' dir='ltr'><strong>xx,</strong></span> <span class='ocrx_word' id='word_1_570' title='bbox 1750 3637 1827 3681; x_wconf 86' lang='lat' dir='ltr'><strong>vers.</strong></span> <span class='ocrx_word' id='word_1_571' title='bbox 1839 3625 1875 3680; x_wconf 71' lang='lat'><strong>26</strong></span> 
     </span>
     <span class='ocr_line' id='line_1_42' title="bbox 246 3700 1165 3774; baseline -0.008 -9"><span class='ocrx_word' id='word_1_572' title='bbox 246 3703 443 3774; x_wconf 83' lang='lat' dir='ltr'><strong>abbreviaret,</strong></span> <span class='ocrx_word' id='word_1_573' title='bbox 456 3702 498 3759; x_wconf 91' lang='lat' dir='ltr'><strong>ita</strong></span> <span class='ocrx_word' id='word_1_574' title='bbox 510 3700 680 3774; x_wconf 88' lang='lat' dir='ltr'><strong>respondit:</strong></span> <span class='ocrx_word' id='word_1_575' title='bbox 694 3701 838 3767; x_wconf 72' lang='lat' dir='ltr'><strong>«Quodsi</strong></span> <span class='ocrx_word' id='word_1_576' title='bbox 851 3701 948 3769; x_wconf 74' lang='lat' dir='ltr'><strong>etiarm,</strong></span> <span class='ocrx_word' id='word_1_577' title='bbox 965 3702 1037 3757; x_wconf 90' lang='lat' dir='ltr'><strong>dum</strong></span> <span class='ocrx_word' id='word_1_578' title='bbox 1080 3707 1109 3758; x_wconf 90' lang='lat' dir='ltr'><strong>ct</strong></span> <span class='ocrx_word' id='word_1_579' title='bbox 1119 3704 1165 3759; x_wconf 73' lang='lat'><strong>⁰28.</strong></span> 
     </span>
    </p>

    <p class='ocr_par' dir='ltr' id='par_1_13' title="bbox 196 3783 1968 4794">
     <span class='ocr_line' id='line_1_43' title="bbox 246 3783 1954 3866; baseline 0.001 -20"><span class='ocrx_word' id='word_1_580' title='bbox 246 3789 397 3857; x_wconf 75' lang='lat' dir='ltr'><strong>Ecclesia,</strong></span> <span class='ocrx_word' id='word_1_581' title='bbox 418 3801 474 3860; x_wconf 91' lang='lat' dir='ltr'><strong>pro</strong></span> <span class='ocrx_word' id='word_1_582' title='bbox 495 3799 556 3856; x_wconf 90' lang='lat' dir='ltr'><strong>qua</strong></span> <span class='ocrx_word' id='word_1_583' title='bbox 574 3783 704 3839; x_wconf 83' lang='lat' dir='ltr'><strong>Ciuistus</strong></span> <span class='ocrx_word' id='word_1_584' title='bbox 721 3783 941 3839; x_wconf 80' lang='lat' dir='ltr'><strong>acerbissimam</strong></span> <span class='ocrx_word' id='word_1_585' title='bbox 958 3800 1038 3840; x_wconf 77' lang='lat' dir='ltr'><strong>nior·</strong></span> <span class='ocrx_word' id='word_1_586' title='bbox 1114 3789 1187 3844; x_wconf 77' lang='lat' dir='ltr'><strong>Nota</strong></span> <span class='ocrx_word' id='word_1_587' title='bbox 1209 3804 1216 3842; x_wconf 73' lang='grc' dir='ltr'><strong><em>ε</em></strong></span> <span class='ocrx_word' id='word_1_588' title='bbox 1235 3787 1336 3844; x_wconf 90' lang='lat' dir='ltr'><strong>Unctio</strong></span> <span class='ocrx_word' id='word_1_589' title='bbox 1353 3787 1431 3859; x_wconf 80' lang='lat' dir='ltr'><strong>hee,</strong></span> <span class='ocrx_word' id='word_1_590' title='bbox 1445 3793 1474 3845; x_wconf 89' lang='lat' dir='ltr'><strong>et</strong></span> <span class='ocrx_word' id='word_1_591' title='bbox 1490 3790 1673 3847; x_wconf 90' lang='lat' dir='ltr'><strong>consecratio</strong></span> <span class='ocrx_word' id='word_1_592' title='bbox 1690 3791 1762 3848; x_wconf 82' lang='lat' dir='ltr'><strong>novi</strong></span> <span class='ocrx_word' id='word_1_593' title='bbox 1778 3792 1874 3866; x_wconf 88' lang='lat' dir='ltr'><strong>ponti-</strong></span> <span class='ocrx_word' id='word_1_594' title='bbox 1900 3791 1954 3838; x_wconf 69' lang='lat' dir='ltr'><strong>un</strong></span> 
     </span>
     <span class='ocr_line' id='line_1_44' title="bbox 247 3855 1963 3948; baseline 0.002 -19"><span class='ocrx_word' id='word_1_595' title='bbox 247 3875 305 3930; x_wconf 90' lang='lat' dir='ltr'><strong>tem</strong></span> <span class='ocrx_word' id='word_1_596' title='bbox 319 3869 447 3945; x_wconf 87' lang='lat' dir='ltr'><strong>pertulit,</strong></span> <span class='ocrx_word' id='word_1_597' title='bbox 464 3884 557 3942; x_wconf 92' lang='lat' dir='ltr'><strong>opera</strong></span> <span class='ocrx_word' id='word_1_598' title='bbox 567 3873 708 3936; x_wconf 83' lang='lat' dir='ltr'><strong>novatur,</strong></span> <span class='ocrx_word' id='word_1_599' title='bbox 720 3866 830 3923; x_wconf 88' lang='lat' dir='ltr'><strong>virium</strong></span> <span class='ocrx_word' id='word_1_600' title='bbox 842 3883 917 3938; x_wconf 71' lang='lat' dir='ltr'><strong>(quas</strong></span> <span class='ocrx_word' id='word_1_601' title='bbox 930 3867 1037 3923; x_wconf 85' lang='lat' dir='ltr'><strong>dobili-</strong></span> <span class='ocrx_word' id='word_1_602' title='bbox 1080 3871 1142 3926; x_wconf 89' lang='lat' dir='ltr'><strong>ficis</strong></span> <span class='ocrx_word' id='word_1_603' title='bbox 1155 3874 1223 3942; x_wconf 87' lang='lat' dir='ltr'><strong>post</strong></span> <span class='ocrx_word' id='word_1_604' title='bbox 1236 3875 1362 3927; x_wconf 90' lang='lat' dir='ltr'><strong>mortem</strong></span> <span class='ocrx_word' id='word_1_605' title='bbox 1376 3871 1462 3928; x_wconf 83' lang='lat' dir='ltr'><strong>iiosis</strong></span> <span class='ocrx_word' id='word_1_606' title='bbox 1476 3871 1566 3929; x_wconf 88' lang='lat' dir='ltr'><strong>fiebat</strong></span> <span class='ocrx_word' id='word_1_607' title='bbox 1579 3872 1618 3930; x_wconf 90' lang='lat' dir='ltr'><strong>ab</strong></span> <span class='ocrx_word' id='word_1_608' title='bbox 1632 3874 1765 3948; x_wconf 89' lang='lat' dir='ltr'><strong>aliquoe</strong></span> <span class='ocrx_word' id='word_1_609' title='bbox 1781 3876 1874 3932; x_wconf 91' lang='lat' dir='ltr'><strong>mino·</strong></span> <span class='ocrx_word' id='word_1_610' title='bbox 1888 3855 1963 3899; x_wconf 49' lang='grc' dir='ltr'><strong>’Μ’</strong></span> 
     </span>
     <span class='ocr_line' id='line_1_45' title="bbox 245 3925 1968 4032; baseline 0.001 -18"><span class='ocrx_word' id='word_1_611' title='bbox 245 3956 310 4025; x_wconf 90' lang='lat' dir='ltr'><strong>tari,</strong></span> <span class='ocrx_word' id='word_1_612' title='bbox 323 3957 389 4012; x_wconf 81' lang='lat' dir='ltr'><strong>vitre</strong></span> <span class='ocrx_word' id='word_1_613' title='bbox 403 3970 494 4028; x_wconf 89' lang='lat' dir='ltr'><strong>quam</strong></span> <span class='ocrx_word' id='word_1_614' title='bbox 507 3953 625 4009; x_wconf 88' lang='lat' dir='ltr'><strong>interire</strong></span> <span class='ocrx_word' id='word_1_615' title='bbox 639 3968 758 4007; x_wconf 85' lang='lat' dir='ltr'><strong>neccsse</strong></span> <span class='ocrx_word' id='word_1_616' title='bbox 776 3956 829 4020; x_wconf 86' lang='lat' dir='ltr'><strong>est,</strong></span> <span class='ocrx_word' id='word_1_617' title='bbox 842 3952 955 4022; x_wconf 87' lang='lat' dir='ltr'><strong>jactura</strong></span> <span class='ocrx_word' id='word_1_618' title='bbox 969 3952 1036 4021; x_wconf 86' lang='lat' dir='ltr'><strong>fiat,</strong></span> <span class='ocrx_word' id='word_1_619' title='bbox 1080 3953 1162 4010; x_wconf 87' lang='lat' dir='ltr'><strong>ribus</strong></span> <span class='ocrx_word' id='word_1_620' title='bbox 1183 3955 1404 4026; x_wconf 80' lang='lat' dir='ltr'><strong>sacerdotibus3</strong></span> <span class='ocrx_word' id='word_1_621' title='bbox 1424 3971 1520 4030; x_wconf 90' lang='lat' dir='ltr'><strong>neque</strong></span> <span class='ocrx_word' id='word_1_622' title='bbox 1541 3958 1621 4014; x_wconf 88' lang='lat' dir='ltr'><strong>enim</strong></span> <span class='ocrx_word' id='word_1_623' title='bbox 1640 3964 1701 4016; x_wconf 87' lang='lat' dir='ltr'><strong>erat</strong></span> <span class='ocrx_word' id='word_1_624' title='bbox 1714 3961 1812 4031; x_wconf 88' lang='lat' dir='ltr'><strong>major</strong></span> <span class='ocrx_word' id='word_1_625' title='bbox 1824 3961 1875 4018; x_wconf 88' lang='lat' dir='ltr'><strong>ali·</strong></span> <span class='ocrx_word' id='word_1_626' title='bbox 1885 3925 1968 4032; x_wconf 49' lang='lat' dir='ltr'><strong>m</strong></span> 
     </span>
     <span class='ocr_line' id='line_1_46' title="bbox 246 4035 1962 4116; baseline 0.001 -18"><span class='ocrx_word' id='word_1_627' title='bbox 246 4042 278 4100; x_wconf 95' lang='lat' dir='ltr'><strong>id</strong></span> <span class='ocrx_word' id='word_1_628' title='bbox 291 4057 361 4098; x_wconf 89' lang='lat' dir='ltr'><strong>vero</strong></span> <span class='ocrx_word' id='word_1_629' title='bbox 375 4039 497 4096; x_wconf 84' lang='lat' dir='ltr'><strong>maximi</strong></span> <span class='ocrx_word' id='word_1_630' title='bbox 508 4037 582 4093; x_wconf 90' lang='lat' dir='ltr'><strong>lucri</strong></span> <span class='ocrx_word' id='word_1_631' title='bbox 596 4041 684 4107; x_wconf 89' lang='lat' dir='ltr'><strong>atquc</strong></span> <span class='ocrx_word' id='word_1_632' title='bbox 699 4035 891 4090; x_wconf 70' lang='lat' dir='ltr'><strong>emolumenti</strong></span> <span class='ocrx_word' id='word_1_633' title='bbox 906 4035 971 4089; x_wconf 91' lang='lat' dir='ltr'><strong>loco</strong></span> <span class='ocrx_word' id='word_1_634' title='bbox 984 4050 1039 4105; x_wconf 93' lang='lat' dir='ltr'><strong>po-</strong></span> <span class='ocrx_word' id='word_1_635' title='bbox 1080 4038 1147 4110; x_wconf 85' lang='lat' dir='ltr'><strong>quis</strong></span> <span class='ocrx_word' id='word_1_636' title='bbox 1163 4037 1215 4110; x_wconf 92' lang='lat' dir='ltr'><strong>qui</strong></span> <span class='ocrx_word' id='word_1_637' title='bbox 1230 4055 1298 4094; x_wconf 88' lang='lat' dir='ltr'><strong>curn</strong></span> <span class='ocrx_word' id='word_1_638' title='bbox 1312 4043 1503 4096; x_wconf 89' lang='lat' dir='ltr'><strong>consecraret.</strong></span> <span class='ocrx_word' id='word_1_639' title='bbox 1518 4040 1562 4096; x_wconf 90' lang='lat' dir='ltr'><strong>Sic</strong></span> <span class='ocrx_word' id='word_1_640' title='bbox 1577 4043 1659 4114; x_wconf 88' lang='lat' dir='ltr'><strong>apud</strong></span> <span class='ocrx_word' id='word_1_641' title='bbox 1672 4059 1729 4100; x_wconf 90' lang='lat' dir='ltr'><strong>nos</strong></span> <span class='ocrx_word' id='word_1_642' title='bbox 1742 4043 1872 4116; x_wconf 77' lang='lat' dir='ltr'><strong>pontifex</strong></span> <span class='ocrx_word' id='word_1_643' title='bbox 1894 4040 1962 4084; x_wconf 61' lang='lat'><strong>¹³⁵⁰*</strong></span> 
     </span>
     <span class='ocr_line' id='line_1_47' title="bbox 246 4121 1874 4199; baseline -0.001 -13"><span class='ocrx_word' id='word_1_644' title='bbox 246 4129 380 4186; x_wconf 90' lang='lat' dir='ltr'><strong>nendum</strong></span> <span class='ocrx_word' id='word_1_645' title='bbox 393 4132 446 4183; x_wconf 91' lang='lat' dir='ltr'><strong>est.</strong></span> <span class='ocrx_word' id='word_1_646' title='bbox 454 4125 544 4182; x_wconf 79' lang='lat' dir='ltr'><strong>bimis</strong></span> <span class='ocrx_word' id='word_1_647' title='bbox 554 4122 671 4178; x_wconf 87' lang='lat' dir='ltr'><strong>delicati</strong></span> <span class='ocrx_word' id='word_1_648' title='bbox 684 4121 825 4190; x_wconf 88' lang='lat' dir='ltr'><strong>hominis,</strong></span> <span class='ocrx_word' id='word_1_649' title='bbox 835 4121 947 4176; x_wconf 82' lang='lat' dir='ltr'><strong>nolum</strong></span> <span class='ocrx_word' id='word_1_650' title='bbox 957 4121 1037 4191; x_wconf 69' lang='lat' dir='ltr'><strong>lipis-</strong></span> <span class='ocrx_word' id='word_1_651' title='bbox 1080 4123 1230 4178; x_wconf 83' lang='lat' dir='ltr'><strong>llornanus</strong></span> <span class='ocrx_word' id='word_1_652' title='bbox 1251 4126 1438 4181; x_wconf 89' lang='lat' dir='ltr'><strong>consecratur</strong></span> <span class='ocrx_word' id='word_1_653' title='bbox 1459 4123 1497 4180; x_wconf 90' lang='lat' dir='ltr'><strong>ab</strong></span> <span class='ocrx_word' id='word_1_654' title='bbox 1515 4123 1663 4199; x_wconf 79' lang='lat' dir='ltr'><strong>Episcopo</strong></span> <span class='ocrx_word' id='word_1_655' title='bbox 1685 4128 1819 4185; x_wconf 89' lang='lat' dir='ltr'><strong>Ostiensi.</strong></span> <span class='ocrx_word' id='word_1_656' title='bbox 1834 4130 1874 4184; x_wconf 87' lang='lat' dir='ltr'><strong>ita</strong></span> 
     </span>
     <span class='ocr_line' id='line_1_48' title="bbox 246 4204 1244 4288; baseline -0.008 -18"><span class='ocrx_word' id='word_1_657' title='bbox 246 4214 375 4288; x_wconf 82' lang='lat' dir='ltr'><strong>copiast,</strong></span> <span class='ocrx_word' id='word_1_658' title='bbox 386 4206 610 4274; x_wconf 85' lang='lat' dir='ltr'><strong>amunerissui,</strong></span> <span class='ocrx_word' id='word_1_659' title='bbox 623 4223 683 4278; x_wconf 86' lang='lat' dir='ltr'><strong>quo</strong></span> <span class='ocrx_word' id='word_1_660' title='bbox 698 4206 815 4261; x_wconf 86' lang='lat' dir='ltr'><strong>nullam</strong></span> <span class='ocrx_word' id='word_1_661' title='bbox 825 4204 962 4276; x_wconf 87' lang='lat' dir='ltr'><strong>amplius,</strong></span> <span class='ocrx_word' id='word_1_662' title='bbox 973 4205 1039 4258; x_wconf 88' lang='lat' dir='ltr'><strong>uul-</strong></span> <span class='ocrx_word' id='word_1_663' title='bbox 1080 4205 1244 4262; x_wconf 71' lang='lat' dir='ltr'><strong>abulensis,</strong></span> 
     </span>
     <span class='ocr_line' id='line_1_49' title="bbox 245 4289 1968 4369; baseline -0.002 -14"><span class='ocrx_word' id='word_1_664' title='bbox 245 4296 310 4355; x_wconf 90' lang='lat' dir='ltr'><strong>lum</strong></span> <span class='ocrx_word' id='word_1_665' title='bbox 322 4293 506 4369; x_wconf 85' lang='lat' dir='ltr'><strong>praestantius</strong></span> <span class='ocrx_word' id='word_1_666' title='bbox 520 4295 573 4359; x_wconf 90' lang='lat' dir='ltr'><strong>est,</strong></span> <span class='ocrx_word' id='word_1_667' title='bbox 588 4289 840 4346; x_wconf 87' lang='lat' dir='ltr'><strong>administratione</strong></span> <span class='ocrx_word' id='word_1_668' title='bbox 854 4292 882 4343; x_wconf 90' lang='lat' dir='ltr'><strong>ct</strong></span> <span class='ocrx_word' id='word_1_669' title='bbox 896 4303 976 4354; x_wconf 76' lang='lat' dir='ltr'><strong>arira,</strong></span> <span class='ocrx_word' id='word_1_670' title='bbox 989 4292 1039 4343; x_wconf 88' lang='lat' dir='ltr'><strong>aut</strong></span> <span class='ocrx_word' id='word_1_671' title='bbox 1116 4291 1160 4345; x_wconf 86' lang='lat'><strong>30.</strong></span> <span class='ocrx_word' id='word_1_672' title='bbox 1172 4290 1280 4345; x_wconf 83' lang='lat' dir='ltr'><strong>Sarma</strong></span> <span class='ocrx_word' id='word_1_673' title='bbox 1292 4305 1391 4346; x_wconf 84' lang='lat' dir='ltr'><strong>uranus</strong></span> <span class='ocrx_word' id='word_1_674' title='bbox 1405 4305 1514 4347; x_wconf 86' lang='lat' dir='ltr'><strong>urarun</strong></span> <span class='ocrx_word' id='word_1_675' title='bbox 1529 4306 1594 4349; x_wconf 75' lang='lat' dir='ltr'><strong>raas</strong></span> <span class='ocrx_word' id='word_1_676' title='bbox 1610 4293 1703 4366; x_wconf 82' lang='lat' dir='ltr'><strong>(veste</strong></span> <span class='ocrx_word' id='word_1_677' title='bbox 1713 4299 1810 4368; x_wconf 86' lang='lat' dir='ltr'><strong>sacra)</strong></span> <span class='ocrx_word' id='word_1_678' title='bbox 1824 4312 1873 4365; x_wconf 83' lang='lat' dir='ltr'><strong>our</strong></span> <span class='ocrx_word' id='word_1_679' title='bbox 1885 4296 1968 4344; x_wconf 69' lang='lat' dir='ltr'><strong>resa</strong></span> 
     </span>
     <span class='ocr_line' id='line_1_50' title="bbox 246 4371 1873 4444; baseline 0.002 -8"><span class='ocrx_word' id='word_1_680' title='bbox 246 4377 424 4438; x_wconf 80' lang='lat' dir='ltr'><strong>valetudinis</strong></span> <span class='ocrx_word' id='word_1_681' title='bbox 433 4375 530 4432; x_wconf 90' lang='lat' dir='ltr'><strong>studio</strong></span> <span class='ocrx_word' id='word_1_682' title='bbox 539 4374 693 4444; x_wconf 89' lang='lat' dir='ltr'><strong>retardari,</strong></span> <span class='ocrx_word' id='word_1_683' title='bbox 706 4377 756 4429; x_wconf 90' lang='lat' dir='ltr'><strong>aut</strong></span> <span class='ocrx_word' id='word_1_684' title='bbox 769 4373 872 4428; x_wconf 87' lang='lat' dir='ltr'><strong>mortis</strong></span> <span class='ocrx_word' id='word_1_685' title='bbox 880 4371 1038 4427; x_wconf 87' lang='lat' dir='ltr'><strong>formidine</strong></span> <span class='ocrx_word' id='word_1_686' title='bbox 1081 4387 1217 4432; x_wconf 76' lang='lat' dir='ltr'><strong>enarrari</strong></span> <span class='ocrx_word' id='word_1_687' title='bbox 1236 4390 1289 4430; x_wconf 89' lang='lat' dir='ltr'><strong>rao</strong></span> <span class='ocrx_word' id='word_1_688' title='bbox 1308 4389 1343 4431; x_wconf 86' lang='lat' dir='ltr'><strong>no</strong></span> <span class='ocrx_word' id='word_1_689' title='bbox 1362 4389 1462 4433; x_wconf 78' lang='lat' dir='ltr'><strong>aaran</strong></span> <span class='ocrx_word' id='word_1_690' title='bbox 1480 4391 1678 4436; x_wconf 84' lang='lat' dir='ltr'><strong>cousrrrurus.</strong></span> <span class='ocrx_word' id='word_1_691' title='bbox 1697 4383 1873 4441; x_wconf 80' lang='lat' dir='ltr'><strong>-Numero</strong></span> 
     </span>
     <span class='ocr_line' id='line_1_51' title="bbox 247 4455 1874 4533; baseline 0.001 -13"><span class='ocrx_word' id='word_1_692' title='bbox 247 4459 422 4520; x_wconf 75' lang='lat' dir='ltr'><strong>deterreri.»</strong></span> <span class='ocrx_word' id='word_1_693' title='bbox 437 4457 526 4516; x_wconf 87' lang='lat' dir='ltr'><strong>Testis</strong></span> <span class='ocrx_word' id='word_1_694' title='bbox 547 4460 590 4513; x_wconf 89' lang='lat' dir='ltr'><strong>cst</strong></span> <span class='ocrx_word' id='word_1_695' title='bbox 604 4460 706 4514; x_wconf 87' lang='lat' dir='ltr'><strong>auctor</strong></span> <span class='ocrx_word' id='word_1_696' title='bbox 719 4457 788 4513; x_wconf 73' lang='lat' dir='ltr'><strong>vitre</strong></span> <span class='ocrx_word' id='word_1_697' title='bbox 810 4456 888 4527; x_wconf 86' lang='lat' dir='ltr'><strong>ejus,</strong></span> <span class='ocrx_word' id='word_1_698' title='bbox 904 4455 956 4511; x_wconf 85' lang='lat' dir='ltr'><strong>lib.</strong></span> <span class='ocrx_word' id='word_1_699' title='bbox 972 4456 1037 4526; x_wconf 82' lang='lat' dir='ltr'><strong>llll,</strong></span> <span class='ocrx_word' id='word_1_700' title='bbox 1081 4459 1257 4529; x_wconf 86' lang='lat' dir='ltr'><strong>septenario,</strong></span> <span class='ocrx_word' id='word_1_701' title='bbox 1273 4463 1374 4532; x_wconf 89' lang='lat' dir='ltr'><strong>utpote</strong></span> <span class='ocrx_word' id='word_1_702' title='bbox 1386 4462 1486 4533; x_wconf 91' lang='lat' dir='ltr'><strong>pleno,</strong></span> <span class='ocrx_word' id='word_1_703' title='bbox 1499 4462 1765 4522; x_wconf 87' lang='lat' dir='ltr'><strong>consummabatur</strong></span> <span class='ocrx_word' id='word_1_704' title='bbox 1775 4481 1874 4524; x_wconf 88' lang='lat' dir='ltr'><strong>conse·</strong></span> 
     </span>
     <span class='ocr_line' id='line_1_52' title="bbox 245 4541 1873 4622; baseline 0.001 -18"><span class='ocrx_word' id='word_1_705' title='bbox 245 4563 311 4622; x_wconf 90' lang='lat' dir='ltr'><strong>cap.</strong></span> <span class='ocrx_word' id='word_1_706' title='bbox 326 4561 385 4603; x_wconf 89' lang='grc' dir='ltr'>ιιι.</span> <span class='ocrx_word' id='word_1_707' title='bbox 1080 4541 1170 4598; x_wconf 85' lang='lat' dir='ltr'><strong>oratio</strong></span> <span class='ocrx_word' id='word_1_708' title='bbox 1192 4543 1367 4608; x_wconf 88' lang='lat' dir='ltr'><strong>sacordotis;</strong></span> <span class='ocrx_word' id='word_1_709' title='bbox 1383 4543 1440 4600; x_wconf 90' lang='lat' dir='ltr'><strong>illis</strong></span> <span class='ocrx_word' id='word_1_710' title='bbox 1463 4545 1541 4601; x_wconf 89' lang='lat' dir='ltr'><strong>enim</strong></span> <span class='ocrx_word' id='word_1_711' title='bbox 1561 4551 1674 4620; x_wconf 82' lang='lat' dir='ltr'><strong>septem</strong></span> <span class='ocrx_word' id='word_1_712' title='bbox 1698 4547 1807 4606; x_wconf 88' lang='lat' dir='ltr'><strong>diebus</strong></span> <span class='ocrx_word' id='word_1_713' title='bbox 1825 4549 1873 4606; x_wconf 91' lang='lat' dir='ltr'><strong>fie-</strong></span> 
     </span>
     <span class='ocr_line' id='line_1_53' title="bbox 282 4623 1872 4706; baseline 0 -16"><span class='ocrx_word' id='word_1_714' title='bbox 282 4633 310 4690; x_wconf 91' lang='lat' dir='ltr'><strong>S.</strong></span> <span class='ocrx_word' id='word_1_715' title='bbox 323 4628 461 4688; x_wconf 84' lang='lat' dir='ltr'><strong>Silverius</strong></span> <span class='ocrx_word' id='word_1_716' title='bbox 475 4627 607 4685; x_wconf 81' lang='lat' dir='ltr'><strong>Pontifex</strong></span> <span class='ocrx_word' id='word_1_717' title='bbox 619 4632 648 4685; x_wconf 89' lang='lat' dir='ltr'><strong>ct</strong></span> <span class='ocrx_word' id='word_1_718' title='bbox 660 4629 776 4699; x_wconf 85' lang='lat' dir='ltr'><strong>lfartyr,</strong></span> <span class='ocrx_word' id='word_1_719' title='bbox 789 4625 828 4683; x_wconf 87' lang='lat' dir='ltr'><strong>ab</strong></span> <span class='ocrx_word' id='word_1_720' title='bbox 842 4629 971 4695; x_wconf 77' lang='lat' dir='ltr'><strong>Augusta</strong></span> <span class='ocrx_word' id='word_1_721' title='bbox 983 4627 1038 4680; x_wconf 85' lang='lat' dir='ltr'><strong>Eu-</strong></span> <span class='ocrx_word' id='word_1_722' title='bbox 1079 4623 1153 4681; x_wconf 87' lang='lat' dir='ltr'><strong>bant</strong></span> <span class='ocrx_word' id='word_1_723' title='bbox 1165 4626 1316 4681; x_wconf 89' lang='lat' dir='ltr'><strong>unctiones</strong></span> <span class='ocrx_word' id='word_1_724' title='bbox 1327 4627 1520 4699; x_wconf 79' lang='lat' dir='ltr'><strong>quotidianae,</strong></span> <span class='ocrx_word' id='word_1_725' title='bbox 1529 4629 1598 4686; x_wconf 91' lang='lat' dir='ltr'><strong>item</strong></span> <span class='ocrx_word' id='word_1_726' title='bbox 1608 4628 1775 4690; x_wconf 83' lang='lat' dir='ltr'><strong>oblationes</strong></span> <span class='ocrx_word' id='word_1_727' title='bbox 1787 4637 1872 4706; x_wconf 84' lang='lat' dir='ltr'><strong>atque</strong></span> 
     </span>
     <span class='ocr_line' id='line_1_54' title="bbox 196 4708 1873 4794; baseline -0.001 -20"><span class='ocrx_word' id='word_1_728' title='bbox 196 4781 203 4794; x_wconf 48' lang='grc'>,</span> <span class='ocrx_word' id='word_1_729' title='bbox 245 4715 383 4790; x_wconf 85' lang='lat' dir='ltr'><strong>tychiana</strong></span> <span class='ocrx_word' id='word_1_730' title='bbox 396 4728 451 4786; x_wconf 90' lang='lat' dir='ltr'><strong>per</strong></span> <span class='ocrx_word' id='word_1_731' title='bbox 469 4711 656 4768; x_wconf 80' lang='lat' dir='ltr'><strong>belissarium</strong></span> <span class='ocrx_word' id='word_1_732' title='bbox 675 4712 783 4781; x_wconf 87' lang='lat' dir='ltr'><strong>ejectus</strong></span> <span class='ocrx_word' id='word_1_733' title='bbox 797 4710 829 4765; x_wconf 92' lang='lat' dir='ltr'><strong>in</strong></span> <span class='ocrx_word' id='word_1_734' title='bbox 847 4711 979 4764; x_wconf 87' lang='lat' dir='ltr'><strong>Pontiam</strong></span> <span class='ocrx_word' id='word_1_735' title='bbox 994 4708 1038 4764; x_wconf 87' lang='lat' dir='ltr'><strong>in·</strong></span> <span class='ocrx_word' id='word_1_736' title='bbox 1080 4709 1261 4781; x_wconf 83' lang='lat' dir='ltr'><strong>expiationes</strong></span> <span class='ocrx_word' id='word_1_737' title='bbox 1281 4710 1395 4781; x_wconf 88' lang='lat' dir='ltr'><strong>altaris,</strong></span> <span class='ocrx_word' id='word_1_738' title='bbox 1409 4715 1552 4784; x_wconf 88' lang='lat' dir='ltr'><strong>tanquam</strong></span> <span class='ocrx_word' id='word_1_739' title='bbox 1570 4716 1757 4772; x_wconf 81' lang='lat' dir='ltr'><strong>caeremoniae</strong></span> <span class='ocrx_word' id='word_1_740' title='bbox 1774 4731 1873 4773; x_wconf 86' lang='lat' dir='ltr'><strong>conse·</strong></span> 
     </span>
    </p>
   </div>
   <div class='ocr_carea' id='block_1_3' title="bbox 246 4792 1872 4873">
    <p class='ocr_par' dir='ltr' id='par_1_14' title="bbox 246 4792 1872 4873">
     <span class='ocr_line' id='line_1_55' title="bbox 246 4792 1872 4873; baseline -0.001 -17"><span class='ocrx_word' id='word_1_741' title='bbox 246 4801 353 4868; x_wconf 90' lang='lat' dir='ltr'><strong>sulam,</strong></span> <span class='ocrx_word' id='word_1_742' title='bbox 364 4798 405 4854; x_wconf 89' lang='lat' dir='ltr'><strong>ita</strong></span> <span class='ocrx_word' id='word_1_743' title='bbox 413 4795 514 4853; x_wconf 90' lang='lat' dir='ltr'><strong>scribit</strong></span> <span class='ocrx_word' id='word_1_744' title='bbox 523 4797 562 4852; x_wconf 91' lang='lat' dir='ltr'><strong>ad</strong></span> <span class='ocrx_word' id='word_1_745' title='bbox 570 4798 738 4852; x_wconf 78' lang='lat' dir='ltr'><strong>rimatorem</strong></span> <span class='ocrx_word' id='word_1_746' title='bbox 746 4793 939 4865; x_wconf 79' lang='lat' dir='ltr'><strong>Episcopum:</strong></span> <span class='ocrx_word' id='word_1_747' title='bbox 950 4809 964 4844; x_wconf 81' lang='lat' dir='ltr'><strong>a</strong></span> <span class='ocrx_word' id='word_1_748' title='bbox 973 4793 1039 4849; x_wconf 88' lang='lat' dir='ltr'><strong>Sus·</strong></span> <span class='ocrx_word' id='word_1_749' title='bbox 1080 4792 1234 4864; x_wconf 86' lang='lat' dir='ltr'><strong>erationis,</strong></span> <span class='ocrx_word' id='word_1_750' title='bbox 1248 4797 1282 4850; x_wconf 88' lang='lat' dir='ltr'><strong>ut</strong></span> <span class='ocrx_word' id='word_1_751' title='bbox 1298 4798 1380 4867; x_wconf 90' lang='lat' dir='ltr'><strong>patet</strong></span> <span class='ocrx_word' id='word_1_752' title='bbox 1396 4811 1472 4852; x_wconf 85' lang='lat' dir='ltr'><strong>vers.</strong></span> <span class='ocrx_word' id='word_1_753' title='bbox 1487 4797 1523 4852; x_wconf 77' lang='lat'><strong>35</strong></span> <span class='ocrx_word' id='word_1_754' title='bbox 1542 4801 1571 4854; x_wconf 90' lang='lat' dir='ltr'><strong>et</strong></span> <span class='ocrx_word' id='word_1_755' title='bbox 1588 4813 1663 4871; x_wconf 90' lang='lat' dir='ltr'><strong>seq.;</strong></span> <span class='ocrx_word' id='word_1_756' title='bbox 1683 4813 1739 4855; x_wconf 92' lang='lat' dir='ltr'><strong>nec</strong></span> <span class='ocrx_word' id='word_1_757' title='bbox 1761 4803 1872 4873; x_wconf 90' lang='lat' dir='ltr'><strong>poterat</strong></span> 
     </span>
    </p>
   </div>
   <div class='ocr_carea' id='block_1_4' title="bbox 243 4876 1966 5380">
    <p class='ocr_par' dir='ltr' id='par_1_15' title="bbox 243 4876 1887 5199">
     <span class='ocr_line' id='line_1_56' title="bbox 244 4876 1872 4957; baseline 0 -17"><span class='ocrx_word' id='word_1_758' title='bbox 244 4888 342 4942; x_wconf 89' lang='lat' dir='ltr'><strong>tentor</strong></span> <span class='ocrx_word' id='word_1_759' title='bbox 353 4897 432 4957; x_wconf 87' lang='lat' dir='ltr'><strong>panc</strong></span> <span class='ocrx_word' id='word_1_760' title='bbox 445 4877 660 4948; x_wconf 89' lang='lat' dir='ltr'><strong>tribulationis,</strong></span> <span class='ocrx_word' id='word_1_761' title='bbox 675 4883 703 4934; x_wconf 90' lang='lat' dir='ltr'><strong>et</strong></span> <span class='ocrx_word' id='word_1_762' title='bbox 719 4892 798 4948; x_wconf 88' lang='lat' dir='ltr'><strong>aqua</strong></span> <span class='ocrx_word' id='word_1_763' title='bbox 811 4876 969 4945; x_wconf 78' lang='lat' dir='ltr'><strong>angustiae,</strong></span> <span class='ocrx_word' id='word_1_764' title='bbox 983 4891 1038 4932; x_wconf 92' lang='lat' dir='ltr'><strong>nec</strong></span> <span class='ocrx_word' id='word_1_765' title='bbox 1081 4876 1217 4934; x_wconf 90' lang='lat' dir='ltr'><strong>sacerdos</strong></span> <span class='ocrx_word' id='word_1_766' title='bbox 1237 4879 1454 4935; x_wconf 85' lang='lat' dir='ltr'><strong>consecrandus</strong></span> <span class='ocrx_word' id='word_1_767' title='bbox 1473 4879 1530 4936; x_wconf 92' lang='lat' dir='ltr'><strong>illis</strong></span> <span class='ocrx_word' id='word_1_768' title='bbox 1548 4885 1660 4953; x_wconf 90' lang='lat' dir='ltr'><strong>septem</strong></span> <span class='ocrx_word' id='word_1_769' title='bbox 1675 4881 1783 4940; x_wconf 90' lang='lat' dir='ltr'><strong>diebus</strong></span> <span class='ocrx_word' id='word_1_770' title='bbox 1797 4899 1815 4940; x_wconf 91' lang='lat' dir='ltr'><strong>a</strong></span> <span class='ocrx_word' id='word_1_771' title='bbox 1832 4887 1872 4940; x_wconf 87' lang='lat' dir='ltr'><strong>ta·</strong></span> 
     </span>
     <span class='ocr_line' id='line_1_57' title="bbox 244 4960 1873 5035; baseline -0.001 -11"><span class='ocrx_word' id='word_1_772' title='bbox 244 4969 345 5024; x_wconf 89' lang='lat' dir='ltr'><strong>tamen</strong></span> <span class='ocrx_word' id='word_1_773' title='bbox 355 4962 463 5032; x_wconf 90' lang='lat' dir='ltr'><strong>dimisi,</strong></span> <span class='ocrx_word' id='word_1_774' title='bbox 477 4967 527 5019; x_wconf 91' lang='lat' dir='ltr'><strong>aut</strong></span> <span class='ocrx_word' id='word_1_775' title='bbox 539 4961 654 5018; x_wconf 84' lang='lat' dir='ltr'><strong>dimitto</strong></span> <span class='ocrx_word' id='word_1_776' title='bbox 664 4960 795 5017; x_wconf 90' lang='lat' dir='ltr'><strong>officium</strong></span> <span class='ocrx_word' id='word_1_777' title='bbox 808 4975 919 5016; x_wconf 90' lang='lat' dir='ltr'><strong>meum.</strong></span> <span class='ocrx_word' id='word_1_778' title='bbox 928 4979 942 5012; x_wconf 77' lang='lat' dir='ltr'><strong>a</strong></span> <span class='ocrx_word' id='word_1_779' title='bbox 956 4960 1037 5015; x_wconf 85' lang='lat' dir='ltr'><strong>Unde</strong></span> <span class='ocrx_word' id='word_1_780' title='bbox 1080 4960 1239 5018; x_wconf 88' lang='lat' dir='ltr'><strong>bernaoulo</strong></span> <span class='ocrx_word' id='word_1_781' title='bbox 1252 4963 1397 5033; x_wconf 86' lang='lat' dir='ltr'><strong>recedere,</strong></span> <span class='ocrx_word' id='word_1_782' title='bbox 1411 4965 1497 5020; x_wconf 80' lang='lat' dir='ltr'><strong>iecit.</strong></span> <span class='ocrx_word' id='word_1_783' title='bbox 1512 4979 1574 5035; x_wconf 80' lang='lat' dir='ltr'><strong>vni,</strong></span> <span class='ocrx_word' id='word_1_784' title='bbox 1583 4965 1629 5022; x_wconf 90' lang='grc'><strong>33.</strong></span> <span class='ocrx_word' id='word_1_785' title='bbox 1641 4968 1707 5022; x_wconf 81' lang='lat' dir='ltr'><strong>Haec</strong></span> <span class='ocrx_word' id='word_1_786' title='bbox 1721 4966 1824 5024; x_wconf 83' lang='lat' dir='ltr'><strong>omnia</strong></span> <span class='ocrx_word' id='word_1_787' title='bbox 1834 4965 1873 5022; x_wconf 88' lang='lat' dir='ltr'><strong>ad</strong></span> 
     </span>
     <span class='ocr_line' id='line_1_58' title="bbox 243 5043 1887 5117; baseline 0 -10"><span class='ocrx_word' id='word_1_788' title='bbox 243 5049 358 5108; x_wconf 90' lang='lat' dir='ltr'><strong>ibidem</strong></span> <span class='ocrx_word' id='word_1_789' title='bbox 373 5047 474 5104; x_wconf 90' lang='lat' dir='ltr'><strong>coacto</strong></span> <span class='ocrx_word' id='word_1_790' title='bbox 486 5045 616 5102; x_wconf 87' lang='lat' dir='ltr'><strong>Concilio</strong></span> <span class='ocrx_word' id='word_1_791' title='bbox 630 5043 819 5117; x_wconf 85' lang='lat' dir='ltr'><strong>Eutychctem</strong></span> <span class='ocrx_word' id='word_1_792' title='bbox 833 5043 994 5113; x_wconf 86' lang='lat' dir='ltr'><strong>daumavit,</strong></span> <span class='ocrx_word' id='word_1_793' title='bbox 1009 5048 1038 5100; x_wconf 91' lang='lat' dir='ltr'><strong>et</strong></span> <span class='ocrx_word' id='word_1_794' title='bbox 1057 5082 1059 5102; x_wconf 86' lang='lat'><em>.</em></span> <span class='ocrx_word' id='word_1_795' title='bbox 1079 5046 1136 5103; x_wconf 90' lang='lat' dir='ltr'><strong>hoo</strong></span> <span class='ocrx_word' id='word_1_796' title='bbox 1155 5045 1283 5116; x_wconf 91' lang='lat' dir='ltr'><strong>fiebant,</strong></span> <span class='ocrx_word' id='word_1_797' title='bbox 1298 5051 1331 5104; x_wconf 93' lang='lat' dir='ltr'><strong>ut</strong></span> <span class='ocrx_word' id='word_1_798' title='bbox 1349 5047 1491 5108; x_wconf 87' lang='lat' dir='ltr'><strong>illustrior</strong></span> <span class='ocrx_word' id='word_1_799' title='bbox 1509 5051 1585 5109; x_wconf 79' lang='lat' dir='ltr'><strong>esser</strong></span> <span class='ocrx_word' id='word_1_800' title='bbox 1602 5049 1761 5109; x_wconf 87' lang='lat' dir='ltr'><strong>sacerdotii</strong></span> <span class='ocrx_word' id='word_1_801' title='bbox 1774 5053 1887 5112; x_wconf 79' lang='lat' dir='ltr'><strong>aucto-</strong></span> 
     </span>
     <span class='ocr_line' id='line_1_59' title="bbox 245 5125 1348 5199; baseline -0.002 -9"><span class='ocrx_word' id='word_1_802' title='bbox 245 5131 384 5192; x_wconf 77' lang='lat' dir='ltr'><strong>mrumnis</strong></span> <span class='ocrx_word' id='word_1_803' title='bbox 395 5129 557 5199; x_wconf 90' lang='lat' dir='ltr'><strong>confectus,</strong></span> <span class='ocrx_word' id='word_1_804' title='bbox 570 5131 682 5199; x_wconf 89' lang='lat' dir='ltr'><strong>martyr</strong></span> <span class='ocrx_word' id='word_1_805' title='bbox 696 5125 843 5183; x_wconf 90' lang='lat' dir='ltr'><strong>occubuit.</strong></span> <span class='ocrx_word' id='word_1_806' title='bbox 1079 5130 1149 5186; x_wconf 90' lang='lat' dir='ltr'><strong>ritas</strong></span> <span class='ocrx_word' id='word_1_807' title='bbox 1161 5133 1189 5186; x_wconf 90' lang='lat' dir='ltr'><strong>et</strong></span> <span class='ocrx_word' id='word_1_808' title='bbox 1202 5130 1348 5188; x_wconf 85' lang='lat' dir='ltr'><strong>sanctitas.</strong></span> 
     </span>
    </p>

    <p class='ocr_par' dir='ltr' id='par_1_16' title="bbox 244 5209 1966 5380">
     <span class='ocr_line' id='line_1_60' title="bbox 279 5209 1966 5285; baseline -0.004 -13"><span class='ocrx_word' id='word_1_809' title='bbox 279 5215 308 5274; x_wconf 87' lang='lat' dir='ltr'><strong>S.</strong></span> <span class='ocrx_word' id='word_1_810' title='bbox 322 5216 449 5271; x_wconf 79' lang='lat' dir='ltr'><strong>loannes</strong></span> <span class='ocrx_word' id='word_1_811' title='bbox 466 5213 692 5285; x_wconf 81' lang='lat' dir='ltr'><strong>chrysostomus</strong></span> <span class='ocrx_word' id='word_1_812' title='bbox 711 5209 743 5267; x_wconf 92' lang='lat' dir='ltr'><strong>in</strong></span> <span class='ocrx_word' id='word_1_813' title='bbox 761 5209 1038 5280; x_wconf 65' lang='lat' dir='ltr'><strong>curiomonaster</strong></span> <span class='ocrx_word' id='word_1_814' title='bbox 1114 5216 1146 5272; x_wconf 83' lang='lat'><strong>³1</strong></span> <span class='ocrx_word' id='word_1_815' title='bbox 1173 5216 1201 5270; x_wconf 92' lang='lat' dir='ltr'><strong>et</strong></span> <span class='ocrx_word' id='word_1_816' title='bbox 1221 5217 1266 5273; x_wconf 73' lang='lat'><strong>32.</strong></span> <span class='ocrx_word' id='word_1_817' title='bbox 1289 5220 1416 5274; x_wconf 83' lang='grc' dir='ltr'>Αιιιτιι</span> <span class='ocrx_word' id='word_1_818' title='bbox 1440 5233 1534 5277; x_wconf 70' lang='lat' dir='ltr'><strong>surm</strong></span> <span class='ocrx_word' id='word_1_819' title='bbox 1552 5233 1788 5280; x_wconf 77' lang='lat' dir='ltr'><strong>conmcmrrorus</strong></span> <span class='ocrx_word' id='word_1_820' title='bbox 1806 5235 1873 5277; x_wconf 80' lang='lat' dir='ltr'><strong>roa·</strong></span> <span class='ocrx_word' id='word_1_821' title='bbox 1884 5227 1939 5270; x_wconf 73' lang='lat' dir='ltr'><strong>ves.</strong></span> <span class='ocrx_word' id='word_1_822' title='bbox 1951 5225 1966 5266; x_wconf 89' lang='grc' dir='ltr'>ι</span> 
     </span>
     <span class='ocr_line' id='line_1_61' title="bbox 244 5292 1940 5380; baseline 0.002 -23"><span class='ocrx_word' id='word_1_823' title='bbox 244 5295 386 5370; x_wconf 87' lang='lat' dir='ltr'><strong>carpendi</strong></span> <span class='ocrx_word' id='word_1_824' title='bbox 397 5295 574 5365; x_wconf 81' lang='lat' dir='ltr'><strong>libertatem,</strong></span> <span class='ocrx_word' id='word_1_825' title='bbox 590 5293 704 5366; x_wconf 87' lang='lat' dir='ltr'><strong>pulsus,</strong></span> <span class='ocrx_word' id='word_1_826' title='bbox 718 5309 787 5350; x_wconf 91' lang='lat' dir='ltr'><strong>cum</strong></span> <span class='ocrx_word' id='word_1_827' title='bbox 801 5297 830 5351; x_wconf 88' lang='lat' dir='ltr'><strong>ct</strong></span> <span class='ocrx_word' id='word_1_828' title='bbox 842 5293 952 5354; x_wconf 88' lang='lat' dir='ltr'><strong>itineris</strong></span> <span class='ocrx_word' id='word_1_829' title='bbox 965 5310 1038 5354; x_wconf 91' lang='lat' dir='ltr'><strong>noc·</strong></span> <span class='ocrx_word' id='word_1_830' title='bbox 1079 5313 1141 5369; x_wconf 81' lang='lat' dir='ltr'><strong>aas,</strong></span> <span class='ocrx_word' id='word_1_831' title='bbox 1162 5315 1195 5357; x_wconf 86' lang='lat' dir='ltr'><strong>ar</strong></span> <span class='ocrx_word' id='word_1_832' title='bbox 1213 5315 1441 5380; x_wconf 29' lang='lat' dir='ltr'><strong>coquas-cimas</strong></span> <span class='ocrx_word' id='word_1_833' title='bbox 1459 5317 1523 5359; x_wconf 70' lang='lat' dir='ltr'><strong>murs</strong></span> <span class='ocrx_word' id='word_1_834' title='bbox 1541 5319 1569 5361; x_wconf 84' lang='grc' dir='ltr'><strong>ιι</strong></span> <span class='ocrx_word' id='word_1_835' title='bbox 1587 5320 1658 5363; x_wconf 80' lang='lat' dir='ltr'><strong>uoco</strong></span> <span class='ocrx_word' id='word_1_836' title='bbox 1678 5320 1793 5374; x_wconf 73' lang='lat' dir='ltr'><strong>sarcre,</strong></span> <span class='ocrx_word' id='word_1_837' title='bbox 1812 5319 1873 5370; x_wconf 84' lang='lat' dir='ltr'><strong>our·</strong></span> <span class='ocrx_word' id='word_1_838' title='bbox 1885 5292 1940 5333; x_wconf 64' lang='lat'><strong>“³²</strong></span> 
     </span>
    </p>
   </div>
   <div class='ocr_carea' id='block_1_5' title="bbox 0 0 2016 5972">
    <p class='ocr_par' dir='ltr' id='par_1_17' title="bbox 0 0 2016 5972">
     <span class='ocr_line' id='line_1_62' title="bbox 0 0 2016 5972; baseline 0 0"><span class='ocrx_word' id='word_1_839' title='bbox 0 0 2016 5972; x_wconf 95' lang='lat' dir='ltr'><strong> </strong></span> 
     </span>
    </p>
   </div>
  </div>
 </body>
</html>
