4088 6032
150 4403 153 4430 ¹
265 4397 420 4464 venenata,
432 4397 501 4450 sunt
515 4393 602 4468 quasi
616 4393 772 4467 pedagogi
783 4392 1059 4464 parvulisdiberta-
1103 4416 1212 4474 corpus
1231 4401 1398 4457 humanum
1418 4405 1447 4459 et
1467 4402 1597 4460 animam
1616 4405 1800 4472 sensitivam,
1821 4407 1894 4465 sibi·
1909 4435 2024 4492 gaggi.

276 255 314 324 68
797 258 1040 322 cointatt'flittn
1057 263 1090 320 itt
1108 257 1268 333 cenassit,
1286 275 1350 321 cer.
1368 260 1390 322 i.

275 367 425 442 praeludit,
437 371 526 443 atque
539 383 576 426 ex
587 383 633 438 ea,
644 381 713 442 quea
723 368 861 426 nondum
873 374 1010 443 expertus
1022 371 1069 440 sit,
1114 369 1338 443 gressiouesque
1365 383 1434 426 eum
1466 367 1575 426 asans
1594 381 1657 424 nou
1683 367 1829 440 acceptat,
1855 363 1909 426 sed

275 452 334 510 tela
347 453 508 510 minitatur.
525 455 641 525 Lupus,
655 452 680 508 si
692 451 776 525 prior
787 452 941 510 hominem
952 453 1068 523 viderit,
1114 457 1302 527 aspernatum
1314 452 1470 526 quinoque
1477 453 1515 508 ad
1522 450 1846 524 pabulumbesteraum
1859 465 1908 508 ac·

275 552 379 593 vocem
393 537 493 609 eripit,
503 540 532 593 et
543 536 666 610 despicit
677 551 746 591 eum
757 539 900 610 tanquam
911 537 1005 593 victor
1017 551 1070 593 vo-
1114 537 1208 606 cedit,
1222 551 1277 592 neo
1291 536 1330 592 ad
1343 535 1483 608 reliquias
1496 534 1662 592 venationis
1676 549 1737 590 suae
1751 547 1908 608 nunquam

275 621 317 678 cis
337 620 461 685 ablatem
475 619 556 678 idem
569 621 594 676 si
610 635 641 676 se
656 619 816 694 praevisum
830 620 964 691 senserit,
979 621 1070 692 depo·
1113 619 1219 675 reddit.
1235 618 1396 675 vehemens
1406 619 1613 691 estpanthera,
1624 617 1791 690 impetuosa
1802 620 1831 673 et
1842 630 1909 688 per·

275 704 319 760 nit
333 703 488 774 ferociam,
503 719 564 759 non
578 706 675 777 potest
685 717 811 760 cmrere.
826 705 883 760 leo
897 703 1027 774 gallum,
1041 705 1070 760 et
1113 701 1175 770 nix,
1185 700 1313 776 ideoque
1325 700 1432 758 flexilis
1445 706 1473 758 et
1487 701 1581 774 agilis.
1597 699 1756 771 Pigerrima
1768 703 1813 756 est
1826 714 1907 770 ursa,

275 789 404 845 maxime
415 787 653 845 albumveretur.
664 789 776 860 Caprea
786 786 939 844 vulnerata
948 786 1070 844 dictam·
1114 784 1244 842 solitaria
1256 789 1285 841 et
1299 785 1415 842 dolosa.
1431 804 1446 839 o

275 888 349 928 num
369 873 458 947 petit,
473 877 502 929 et
522 871 559 928 de
577 870 699 928 uulnere
719 869 849 927 excludit
868 870 997 941 sagittas.
1012 872 1068 928 Leo
1148 871 1292 941 tunnam,
1306 869 1493 927 -animalia
1506 868 1668 927 domestica
1685 871 1714 925 et
1728 872 1906 926 mansueta:

275 971 353 1028 aegcr
373 957 489 1014 simiam
502 955 626 1029 quaerit,
640 958 673 1010 ut
686 954 823 1022 devoret,
839 969 901 1026 quo
916 955 1010 1026 possit
1023 969 1069 1011 sa·
1112 953 1176 1010 boee
1196 955 1276 1011 euim
1292 953 1429 1011 hebraice
1447 957 1590 1011 vocantur
1609 959 1715 1014 nibil:
1733 953 1865 1022 behemot,
1879 957 1908 1008 et

275 1041 350 1097 nari.
361 1039 531 1114 leopardus
539 1054 651 1112 caprea
663 1035 783 1108 agrestis
792 1037 967 1106 sanguinem
981 1036 1067 1106 bibit,
1112 1042 1306 1110 opponuntur
1319 1037 1430 1107 bestiis,
1439 1036 1472 1094 id
1484 1041 1529 1094 est
1540 1035 1609 1094 ieris
1622 1039 1715 1107 terrm,
1726 1051 1803 1109 quas
1816 1034 1906 1093 Graeci

274 1127 304 1180 et
322 1124 382 1180 uim
399 1122 552 1195 languoris
566 1123 663 1178 evitat.
681 1120 782 1177 Omnis
800 1119 862 1176 fcra
879 1135 972 1191 tegra,
987 1119 1068 1177 canis
1111 1119 1159 1178 bic
1173 1120 1249 1178 clare
1262 1122 1331 1192 eapte
1344 1123 1471 1178 vertunt.

274 1207 382 1265 hamto
405 1212 523 1265 curatur
547 1205 701 1275 sanguine.
725 1205 813 1260 Ursus
835 1219 912 1274 aeger
930 1202 1068 1261 formicas
1147 1204 1349 1277 Tropologicc,
1363 1221 1440 1279 opus
1455 1203 1609 1262 creationis
1620 1221 1672 1263 sex
1686 1205 1801 1262 dierum
1816 1203 1905 1276 signi·
1920 1214 2017 1268 curtio

275 1290 407 1348 decorat.
427 1293 537 1348 Cervus
557 1287 629 1345 oleae
642 1287 827 1344 ramusculos
846 1287 969 1344 mandit.
992 1289 1068 1358 Ergo
1112 1289 1180 1348 ficat
1193 1307 1270 1364 opus
1279 1291 1496 1362 justificationis
1510 1291 1650 1348 hominis.
1665 1293 1756 1348 Primo
1772 1307 1843 1362 ergo
1858 1290 1906 1349 die
1918 1277 2015 1390 ‘yffi

274 1371 344 1432 ferm
363 1377 473 1432 norunt
493 1376 628 1444 expetere
641 1387 708 1444 quae
722 1370 779 1426 sibi
792 1370 925 1443 prosint,
939 1373 971 1426 tu
985 1370 1075 1450 igno-⁵
1113 1379 1227 1432 creatur
1240 1375 1308 1445 lux,
1321 1375 1354 1431 id
1369 1379 1427 1447 est,
1447 1375 1614 1432 infunditur
1630 1375 1778 1449 peccatori
1795 1375 1907 1432 illumi·
1919 1407 1969 1452 opu.
1986 1409 2018 1442 aa

274 1475 342 1528 ras,
357 1473 375 1514 o
389 1457 498 1525 homo,
517 1453 648 1512 remedia
667 1455 732 1510 tuat
748 1455 790 1510 Tu
804 1453 898 1510 nescis
912 1454 1068 1526 quomodo
1112 1457 1209 1529 natio,
1223 1475 1285 1531 qua
1298 1460 1397 1516 videat
1415 1457 1630 1531 turpitudinem
1643 1459 1772 1531 peccati,
1786 1463 1815 1515 et
1827 1459 1906 1532 peri·
1925 1455 2009 1503 damu.

273 1543 410 1598 virtutem
424 1539 532 1612 eripias
547 1537 734 1606 adversario,
748 1541 781 1593 ut
799 1541 826 1594 tc
841 1541 983 1610 tanquam
993 1551 1069 1609 prm·
1112 1541 1214 1597 cultam
1223 1542 1269 1597 sui
1279 1547 1371 1600 status
1384 1557 1419 1599 ac
1431 1541 1599 1598 aeternitatis
1604 1560 1614 1612 3
1623 1541 1738 1599 secando
1751 1543 1799 1600 die
1812 1541 1846 1599 fit
1856 1542 1907 1599 iir-

274 1629 378 1682 vcntus
397 1623 486 1696 lupus
502 1620 631 1692 effugere
652 1635 713 1678 non
733 1621 841 1692 possit,
856 1625 889 1677 ut
907 1620 995 1677 oculo
1010 1626 1069 1677 tum
1112 1629 1313 1696 mamertum,
1333 1625 1366 1683 id
1383 1629 1445 1695 est,
1459 1624 1574 1682 inditur
1587 1626 1733 1700 peccatori
1752 1626 1841 1684 timor
1856 1626 1907 1684 ltei

275 1707 381 1766 mentis
394 1708 456 1778 cJus
467 1706 625 1781 perfidiam
640 1706 854 1779 deprehendas,
867 1709 895 1762 et
908 1706 990 1778 prior
1003 1720 1069 1762 cur·
1113 1711 1141 1764 et
1151 1707 1272 1778 iudicii,
1287 1707 1340 1782 qui
1354 1707 1459 1766 dividit
1477 1724 1570 1782 aquas
1592 1723 1714 1782 superas
1721 1751 1731 1780 ,
1745 1708 1778 1765 id
1795 1713 1839 1767 est
1854 1695 1907 1783 up-

274 1809 341 1850 sum
354 1791 515 1848 verberum
528 1791 592 1862 ejus
604 1790 764 1864 impedias,
779 1790 993 1863 impudentiam
1004 1789 1068 1860 ejus
1112 1789 1236 1863 petitum
1247 1791 1440 1861 rationalem,
1459 1791 1499 1848 ab
1519 1789 1618 1849 inieris
1626 1833 1636 1862 ,
1649 1792 1682 1848 id
1699 1796 1742 1849 cst
1760 1791 1799 1848 ab
1815 1807 1907 1865 appe-

274 1881 302 1935 et
319 1890 445 1933 acumen
465 1874 671 1948 disputationis
691 1873 859 1931 obtundas?
873 1873 950 1941 Quid
969 1873 1068 1930 dicam
1110 1874 1167 1931 titu
1179 1876 1334 1945 sensitiva,
1349 1879 1382 1933 ut
1394 1875 1462 1933 licet
1475 1892 1563 1934 sensu
1576 1877 1765 1950 concupiscat
1778 1881 1906 1948 terrena,

274 1961 345 2019 allio
368 1958 505 2016 homines
524 1957 676 2029 delectari,
694 1957 780 2032 quod
799 1961 827 2014 et
844 1957 1004 2030 leopardus
1022 1955 1070 2013 fu·
1113 1957 1216 2029 spiritu
1227 1963 1325 2016 tamen
1334 1957 1444 2018 feratur
1456 1961 1487 2018 in
1500 1961 1644 2030 coelestia3
1658 1963 1739 2016 tertio
1754 1959 1802 2016 die
1815 1964 1905 2029 terra,

274 2047 334 2118 giti
343 2045 438 2116 triani
450 2043 580 2102 hominis
592 2045 712 2116 sputum
723 2041 748 2098 si
759 2057 879 2115 serpens
893 2041 1067 2112 gustaverit,
1111 2040 1145 2097 id
1157 2045 1210 2111 cst,
1222 2041 1314 2100 bomo
1326 2048 1482 2116 coopertus
1494 2060 1584 2118 aqua,
1596 2043 1628 2100 id
1641 2047 1684 2100 est
1697 2043 1907 2115 eoncupiscen-

274 2132 408 2189 morItur.
423 2131 495 2186 llide
509 2132 620 2203 quanta
632 2128 676 2186 vis
689 2127 794 2200 jejunii
814 2129 860 2184 sit.
876 2131 980 2186 'turtur
994 2127 1067 2185 nido
1111 2123 1168 2194 tia,
1184 2125 1337 2198 detegitur,
1352 2132 1402 2198 ut,
1417 2127 1485 2184 licet
1504 2143 1570 2184 eam
1587 2125 1712 2198 haheat,
1728 2131 1906 2184 nontamen

274 2232 345 2286 suo,
360 2229 396 2271 ne
410 2213 510 2288 pullos
523 2229 594 2270 suos
608 2212 736 2269 incurset
749 2211 854 2285 lupus,
869 2210 985 2285 squillae
995 2209 1069 2268 folia
1112 2207 1267 2280 obruatur,
1277 2215 1305 2268 et
1315 2211 1429 2281 sentiat,
1439 2210 1663 2269 necconsentiat
1673 2227 1680 2266 :
1692 2210 1761 2267 inde
1775 2208 1830 2267 fert
1840 2226 1907 2282 ger-

275 2297 431 2372 superjacit
436 2317 445 2368 3
458 2301 490 2353 tu
500 2295 623 2368 negligis
636 2295 792 2370 quomodo
807 2295 965 2354 adversum
978 2295 1068 2366 lupos
1111 2293 1193 2351 mina
1205 2295 1347 2354 virtutum
1355 2315 1364 2367 3
1379 2303 1478 2368 quarto
1492 2295 1539 2354 die
1552 2296 1586 2352 iit
1600 2295 1660 2366 sol,
1675 2293 1707 2352 id
1721 2299 1778 2366 est,
1792 2295 1906 2353 inditur

274 2380 412 2456 nequitiae
435 2379 590 2454 spiritalis,
608 2377 808 2452 posteritatem
821 2376 889 2434 vita
908 2377 998 2449 hujus
1015 2377 1068 2435 ha·
1110 2376 1224 2435 bomini
1236 2380 1361 2438 charitas
1368 2397 1378 2452 3
1393 2383 1422 2438 et
1434 2381 1522 2451 luna,
1535 2380 1567 2438 id
1580 2383 1624 2437 est
1636 2379 1711 2436 fides
1724 2377 1846 2436 illustris
1851 2397 1861 2450 3
1877 2383 1907 2437 ct

273 2463 345 2522 bcas
358 2463 506 2521 tutiorem.
521 2481 535 2516 a
1110 2463 1272 2536 Hesperus,
1287 2463 1320 2522 id
1332 2469 1374 2522 est
1384 2479 1451 2538 spes
1459 2483 1469 2536 3
1483 2468 1512 2522 et
1524 2466 1684 2534 Saturnus,
1694 2463 1779 2520 idest
1792 2467 1907 2538 tempe·

309 2551 499 2625 Prosequitur
509 2565 574 2624 cap.
589 2565 618 2620 v,
633 2549 777 2623 docetque
790 2551 883 2606 iteum
897 2547 1068 2620 angustiora
1110 2548 1205 2605 rantia
1210 2567 1219 2618 3
1233 2552 1262 2606 et
1274 2549 1400 2623 Jupitcr,
1415 2549 1447 2606 id
1463 2554 1508 2606 est
1521 2549 1648 2620 iustitia3
1663 2551 1692 2604 et
1706 2551 1798 2619 llars,
1812 2547 1845 2604 id
1859 2552 1905 2605 est

273 2635 350 2693 colla
364 2635 506 2692 formasse
518 2633 666 2703 leonibus,
681 2632 837 2704 tigridibus
850 2636 878 2689 et
891 2632 984 2704 ursis,
996 2633 1067 2706 quia
1109 2629 1270 2704 fortitudo3
1285 2636 1315 2689 et
1332 2631 1508 2701 llercurius,
1522 2632 1554 2689 id
1573 2636 1617 2690 est
1634 2631 1793 2706 prudentia
1810 2647 1818 2687 ι
1833 2647 1905 2692 cum

272 2717 331 2776 illis
344 2718 412 2775 feris
423 2719 901 2790 qumcarneaescuntur,aonerat
912 2731 1068 2790 opuspro-
1111 2715 1175 2772 aliis
1194 2716 1295 2788 astris,
1311 2715 1344 2774 id
1357 2719 1400 2774 est
1416 2714 1589 2788 virtutibus3
1605 2719 1701 2788 quinto
1719 2719 1748 2772 et
1766 2721 1841 2772 aceto
1855 2716 1903 2773 die

271 2803 382 2860 lixitate
400 2801 520 2859 cervicis
534 2819 542 2857 :
557 2801 695 2874 longiora
712 2815 784 2857 vero
799 2799 916 2856 dedisse
930 2799 1065 2870 camelis,
1110 2797 1187 2856 fiunt
1207 2800 1382 2873 animantes,
1398 2805 1504 2874 primo,
1523 2800 1630 2876 pisces,
1650 2799 1682 2858 id
1703 2804 1747 2858 est
1766 2800 1903 2860 homines

272 2887 374 2960 equis,
393 2885 493 2944 bobus
502 2928 513 2959 ,
535 2901 570 2944 ac
592 2883 813 2958 promuscidem
833 2883 1015 2957 elephantis,
1032 2887 1067 2941 ιιι
1109 2879 1199 2955 boni,
1214 2883 1267 2940 sed
1282 2883 1540 2958 imperfectissimi,
1557 2885 1628 2958 quia
1642 2883 1720 2941 curis
1735 2885 1834 2941 saeculi
1847 2886 1904 2942 im-

271 2985 341 3026 cum
352 2969 410 3026 sint
418 2968 547 3041 altiores,
556 2968 695 3026 inclinare
705 2984 735 3024 se
744 2966 859 3042 possint
867 2967 907 3024 ad
918 2967 1067 3041 carpenda
1109 2967 1215 3040 mersi3
1228 2969 1360 3037 secando,
1377 2969 1529 3041 jumenta,
1543 2968 1575 3026 id
1589 2973 1632 3026 est
1643 2968 1778 3026 homines
1791 2970 1904 3043 perfec-

271 3057 355 3110 tcrrae
372 3053 515 3125 germina,
535 3052 647 3127 quibas
665 3055 836 3125 pascuntur.
852 3049 1005 3124 Elephanti
1022 3050 1066 3107 in·
1108 3051 1217 3123 tiores,
1233 3051 1286 3127 qui
1306 3051 1338 3109 in
1356 3056 1435 3111 terra
1449 3052 1554 3109 vivunt
1576 3053 1780 3126 spiritualiter3
1801 3057 1902 3126 tertio,

272 3136 419 3195 tolerabili
431 3137 543 3212 impetu
557 3137 589 3194 in
605 3137 704 3193 hostes
724 3140 830 3206 nsunt,
844 3135 926 3193 velut
940 3133 1066 3208 quidam
1109 3150 1193 3206 aves,
1211 3136 1245 3194 id
1265 3140 1309 3194 est
1329 3135 1466 3194 homines
1486 3135 1704 3210 perfectissimi,
1724 3138 1777 3212 qui
1800 3139 1903 3196 omnia

272 3221 399 3280 mobiles
413 3226 528 3279 montes
540 3224 695 3278 versantur
707 3219 739 3278 in
750 3219 874 3295 praeliis,
888 3221 917 3276 ct
929 3223 963 3275 ut
975 3220 1065 3301 colles
1108 3222 1343 3291 contemnentes,
1357 3223 1418 3277 toto
1434 3219 1541 3278 affecta
1559 3221 1645 3294 quasi
1662 3237 1730 3278 aves
1747 3221 1778 3279 iu
1793 3223 1902 3282 coelum

272 3306 332 3364 alto
355 3305 483 3364 eminent
500 3307 623 3376 vertice,
639 3307 771 3377 mugitus
790 3305 907 3376 fragore
929 3304 1064 3361 omnium
1108 3303 1227 3362 evolant
1239 3321 1247 3360 :
1261 3303 1302 3361 ita
1315 3319 1350 3360 ex
1362 3303 1514 3374 Eucherio,
1524 3304 1648 3376 Origene
1663 3309 1690 3361 et
1704 3307 1836 3377 liugane,
1851 3308 1903 3363 Pe·

269 3390 446 3464 perturbant
455 3389 675 3449 confidentiam.
684 3388 828 3446 Trecentis
839 3387 1004 3462 etamplius
1013 3403 1066 3452 an·
1108 3388 1212 3444 rerius.
1223 3387 1294 3444 vids
1304 3389 1332 3448 S.
1344 3389 1542 3460 bernardum,
1552 3405 1640 3446 serm.
1651 3391 1669 3446 3
1680 3391 1721 3446 lle
1733 3392 1898 3450 Pentecoste.

269 3473 317 3532 nis
336 3473 470 3533 feruntur
488 3475 580 3532 vitam
597 3473 761 3547 producere
767 3491 776 3544 3
792 3471 864 3546 quia
886 3472 988 3529 omnia
1007 3471 1065 3531 sibi
1107 3469 1285 3543 symbolice,
1296 3471 1422 3530 tunitius
1434 3473 1490 3530 bos
1503 3488 1554 3528 sex
1566 3472 1628 3529 dies
1640 3473 1761 3546 adaptat
1772 3479 1902 3533 saxaeta·

268 3557 309 3616 ad
321 3555 558 3627 magnitudinem
570 3554 706 3613 membra
719 3554 909 3625 conveniunt,
924 3560 1063 3630 artusque
1106 3553 1186 3612 tibus
1199 3553 1315 3613 mundi.
1328 3555 1464 3628 Sequitur
1474 3556 1581 3612 creatio
1594 3555 1735 3628 hominis,
1744 3556 1898 3631 nimirum,

268 3639 414 3713 compacti
425 3643 503 3711 sunt,
516 3655 579 3697 non
593 3639 732 3709 distincti,
746 3639 788 3695 uti
801 3639 832 3695 in
843 3637 974 3696 homine.
995 3641 1064 3697 Pro·
1238 3691 1243 3702 ,
1304 3693 1309 3704 ,
1368 3693 1373 3704 ,
1511 3694 1516 3705 ,
1658 3696 1663 3708 ,

267 3724 401 3781 muscida
409 3738 465 3781 sua
473 3722 622 3796 quidquid
630 3721 816 3792 involverint,
826 3722 976 3794 frangunt3
987 3723 1062 3795 pede
1167 3691 1575 3818 sogssffiuzdffic”gffwffiffi
1587 3697 1796 3820 ffipgffla‘lssm
1812 3784 1818 3798 ,

268 3805 418 3880 quidquid
441 3805 684 3878 compresserint,
708 3805 886 3863 exanimant.
909 3807 943 3861 Et
963 3811 1062 3864 tamen
1167 3833 1316 3885 Natushomo
1330 3779 1409 3886 {sqq
1720 3783 1734 3828 Ρ
1811 3806 1818 3819 “

267 3888 331 3946 heac
344 3892 433 3946 tantm
445 3887 534 3946 molis
547 3887 658 3961 bestia,
674 3889 806 3962 subjecta
824 3889 913 3947 nobis
930 3889 1062 3962 imperiis

267 3973 356 4032 servit
368 3971 518 4031 humanis.
531 3975 564 4030 Et
576 3988 642 4046 cap.
657 3987 708 4030 vr:
726 3973 957 4031 «formidabilis
971 3975 1061 4032 tauris
1143 3979 1213 4038 llicit
1224 3985 1295 4054 ergo
1310 3985 1385 4040 Deus
1400 4000 1408 4039 ι

267 4055 459 4131 elephantus,
473 4072 590 4114 murem
607 4058 690 4114 timet
709 4058 756 4116 leo
778 4074 830 4114 rex
850 4057 994 4131 ferarum,
1011 4075 1062 4118 co·
1140 4067 1185 4122 Eli.
1203 4067 1342 4123 Sacranas
1360 4080 1491 4124 uoniam
1508 4081 1546 4124 aa
1559 4081 1697 4126 abaciam
1711 4085 1746 4127 aa
1760 4085 1897 4130 sliilttrb'·
1911 4073 1974 4120 van.
1987 4075 2023 4120 ιι·

266 4145 381 4198 mantes
399 4140 509 4198 cervice
527 4145 609 4200 toros
626 4141 750 4212 excutit,
771 4142 879 4213 exiguo
895 4142 1060 4216 scorpionis
1105 4163 1191 4206 amau
1208 4161 1347 4206 nosrnau.
1360 4179 1395 4191 -
1408 4151 1481 4207 Nota
1498 4149 1546 4208 hic
1566 4152 1611 4210 SS.
1629 4151 1771 4211 Trinitatis
1787 4160 1897 4230 mysia·
1910 4133 2025 4238 {affl

266 4224 370 4283 aculeo
380 4225 553 4297 exagitatur,
563 4229 715 4283 etveueao
726 4225 869 4298 serpentis
883 4226 1057 4287 occiditur.»
1104 4233 1181 4291 rium
1197 4252 1203 4289 ε
1218 4234 1297 4291 hisce
1316 4234 1395 4292 euim
1410 4234 1508 4292 verbis
1526 4233 1688 4311 alloquitur
1706 4240 1781 4298 baua
1801 4241 1895 4314 Pater,
1910 4254 2025 4300 emersas·

266 4309 433 4384 Serpentes,
453 4313 616 4384 ceteraque
638 4309 832 4368 animantium
853 4313 881 4366 et
899 4309 1059 4370 herbarum
1103 4331 1165 4374 non
1184 4317 1319 4388 angelos,
1332 4317 1418 4390 quasi
1434 4317 1470 4375 iis
1485 4318 1602 4391 jubeat,
1621 4325 1654 4377 ut
1671 4321 1729 4394 ipsi
1751 4321 1896 4384 fabricent
1910 4315 2024 4420 Ἒῃῇζι·

264 4484 326 4538 tem
344 4479 514 4538 lasciviendi
532 4485 659 4552 negant,
678 4480 877 4538 necessitatem
896 4480 1059 4554 discipliuae
1103 4498 1162 4558 que
1176 4483 1274 4541 solum
1290 4487 1417 4542 reservet
1435 4483 1578 4545 fabricam
1599 4488 1705 4545 animm
1724 4491 1893 4567 rationalis,
1943 4499 1993 4541 tur.

153 4631 155 4638 Ι
265 4563 404 4636 exigrmt,
420 4567 530 4622 terrore
547 4564 752 4634 constringunt
758 4580 768 4634 3
783 4562 899 4635 flagella
921 4569 990 4622 sunt
1009 4581 1059 4624 co·
1102 4567 1145 4626 uti
1159 4566 1253 4624 voluit
1265 4567 1347 4625 Plato
1360 4567 1392 4624 in
1408 4569 1523 4635 Timeo,
1538 4574 1564 4627 ct
1579 4570 1672 4641 Philo,
1686 4571 1739 4630 lib.
1755 4576 1793 4631 fle
1809 4575 1896 4649 Opifi-

263 4645 464 4719 rum‚quibus
477 4647 595 4704 infirma
607 4650 649 4703 cst
660 4646 845 4704 auimioetas:
855 4645 919 4703 haec
930 4652 958 4704 ct
970 4648 1059 4720 plura
1102 4653 1143 4708 cto
1161 4667 1209 4708 sea
1229 4649 1348 4718 dinosa,
1363 4667 1397 4708 ac
1417 4653 1527 4724 tudaei3
1543 4653 1600 4710 hoc
1613 4656 1692 4712 enim
1714 4661 1747 4714 ut
1766 4659 1895 4734 impium

263 4731 292 4787 S.
306 4728 490 4787 Ambrosius.
504 4729 630 4786 Breviter
643 4731 670 4787 S.
684 4729 817 4800 Basilius,
828 4731 928 4787 homil
944 4749 950 4787 :
968 4734 1056 4804 «Bos,
1101 4736 1281 4792 detestantur
1297 4735 1324 4792 S.
1347 4736 1482 4807 Basilius,
1501 4737 1744 4814 Chrysostomus,
1762 4744 1897 4804 Theodo-

263 4813 319 4884 ait,
335 4817 473 4872 constans
491 4818 535 4870 cst
553 4817 747 4886 strenuusque
756 4831 765 4883 3
780 4814 880 4870 asinus
898 4817 997 4871 autem
1013 4814 1058 4888 pi·
1100 4825 1192 4890 retus,
1205 4819 1341 4893 cyrillus,
1355 4819 1409 4877 lib.
1424 4823 1435 4879 l
1450 4822 1550 4879 Contra
1565 4825 1725 4894 tatianam,
1739 4831 1767 4883 et
1780 4832 1898 4901 Augus·

262 4914 325 4970 ger.
341 4899 442 4972 Equus
455 4897 579 4956 libidine
599 4897 763 4956 incenditur
772 4917 782 4970 3
803 4898 893 4971 lupus
908 4899 1057 4960 mitescere
1100 4903 1195 4974 tinus,
1210 4903 1263 4960 lib.
1283 4905 1337 4961 llVl
1349 4907 1388 4961 fle
1405 4905 1487 4963 Ciuit.
1503 4921 1568 4980 cap.
1583 4921 1629 4980 ιη
1645 4925 1716 4968 nam
1736 4912 1812 4969 Deus
1832 4929 1897 4972 nou

262 4981 381 5056 nequit3
394 4981 500 5056 vulpes
518 4979 660 5039 insidiosa
677 4986 706 5039 et
718 4981 759 5040 ad
772 4980 859 5038 dolos
879 4982 1058 5040 concinnan-
1099 5003 1154 5061 par
1167 4988 1302 5060 angelos,
1319 4989 1371 5046 scd
1388 5003 1442 5063 per
1461 5005 1492 5047 sc
1503 4995 1564 5050 tam
1582 5007 1709 5066 corpus,
1724 5010 1817 5068 quam
1831 4997 1897 5054 ani-

248 5063 319 5130 ‚dos
342 5081 449 5137 saga13
470 5081 573 5124 cervus
591 5065 729 5137 timidus3
750 5064 899 5123 laboriosa
918 5064 1054 5137 formica3
1099 5087 1181 5130 mam
1194 5071 1324 5130 hominis
1338 5072 1459 5145 creavit,
1474 5079 1506 5132 ιιι
1518 5080 1598 5149 patet
1611 5094 1677 5152 cap.
1692 5095 1728 5152 ιι,
1743 5095 1819 5138 vers.
1833 5085 1850 5137 7
1863 5086 1897 5140 er

262 5148 518 5221 contameliosus,
534 5148 654 5207 etinitas
667 5149 758 5207 semel
772 5148 906 5206 amicitiae
919 5151 1008 5207 tenax
1021 5165 1056 5209 ac
1099 5159 1151 5229 213
1168 5158 1248 5214 unde
1269 5172 1330 5216 non
1349 5158 1389 5215 ait
1407 5149 1479 5229 bic,
1493 5157 1593 5231 facite,
1615 5163 1669 5220 sed
1689 5162 1832 5222 iaciamus
1851 5165 1897 5225 ad

262 5247 394 5303 memor3
409 5232 455 5290 leo
470 5232 620 5290 animosus
627 5275 637 5306 ‚
651 5232 779 5308 ideoque
790 5231 938 5290 solitarius
953 5248 962 5291 ε
975 5232 1057 5294 velut
1098 5240 1274 5314 imaginem,
1289 5256 1350 5298 non
1364 5245 1505 5313 vestram,
1520 5260 1539 5302 o
1556 5245 1667 5317 angeli,
1681 5247 1735 5304 scd
1747 5251 1893 5306 nostram.

262 5316 342 5376 ιιιίιιι
356 5319 508 5391 tyrannus·
519 5316 714 5378 minantium
731 5333 817 5393 peres
834 5317 964 5382 honores
985 5337 1057 5385 con·
1099 5329 1266 5404 Alloquitur
1287 5339 1358 5398 crgo
1376 5324 1424 5384 hic
1444 5329 1519 5388 Deus
1544 5330 1628 5388 Pater
1651 5345 1739 5391 suum
1767 5331 1895 5406 Filium,
