4100 6024
692 304 1226 440 PROOEMIUM

785 605 850 690 ΕΤ
877 605 1134 692 ΕΝΟΟΜΙΠΜ

281 841 741 1058 sacae
823 852 1639 1066 66666666.

822 1269 1095 1302 nna-0*—

400 1545 528 1614 SEOE'IO
546 1551 676 1616 pppqp,
976 1541 1074 1610 terrm,
1088 1554 1157 1596 cum
1175 1553 1211 1597 eo
1225 1553 1307 1597 cram
1321 1539 1427 1595 666616
1443 1551 1667 1613 componam»
1682 1541 1769 1616 quasi

976 1625 1069 1679 certas
1090 1622 1136 1679 sui
1149 1625 1235 1680 notas
1249 1621 1281 1680 in
1297 1621 1352 1680 hac
1370 1622 1630 1695 compositionem
1646 1625 1770 1700 inscrip-

136 1687 238 1746 1166166
250 1687 490 1748 6116166,(116611616,
502 1688 608 1749 obiecto,
620 1689 771 1749 6666661166,
783 1690 873 1750 tractu,
885 1705 935 1738 em·
976 1704 1048 1762 sisse
1062 1705 1241 1777 significans,

171 1757 935 1876 Ι6116663166,1111661616,66666116,661116666166666166-
1011 1790 1117 1848 verum
1127 1789 1207 1846 enim
1217 1805 1304 1859 vel'O,
1314 1788 1650 1863 quamvispuleherhio
1663 1789 1770 1850 micro.
1843 1799 1850 1838 2

975 1887 1095 1930 cosmus
1105 1870 1579 1946 archetypum,undeahauctore
1587 1889 1643 1930 suo
1652 1889 1771 1948 expres-

63 1965 76 2002 r.
175 1954 303 2012 Celebris
315 1955 577 2032 illeAEgyptiorum
588 1958 766 2030 theologus,
776 1959 846 2016 11661
856 1975 932 2033 pene
975 1959 1171 2030 susest‚puta
1184 1970 1431 2026 nnmensacrum,
1445 1956 1770 2031 increatamqucsphoe-

137 2041 478 2112 6666666661166666166,
489 2041 646 2100 Gentilium
658 2043 799 2116 opinione
813 2043 934 2103 Trismo-
974 2055 1040 2096 ram
1054 2040 1202 2098 altissimas
1216 2040 1376 2098 divinitatis
1391 2044 1517 2112 reserat,
1533 2040 1686 2116 oculisque
1700 2045 1770 2103 suh-

138 2121 244 2194 gistus,
254 2121 317 2194 diu,
328 2139 391 2197 qua
402 2125 513 2182 ratione
526 2125 676 2198 aptissime
691 2127 862 2200 universum
876 2129 933 2186 hoe
972 2124 1053 2197 liciat
1068 2142 1076 2180 ε
1091 2125 1192 2183 multis
1206 2129 1303 2183 166666
1317 2124 1450 2199 partibus
1463 2125 1651 2198 imperfectus
1665 2133 1708 2186 est
1721 2129 1769 2188 hic

139 2205 328 2278 describeret,
340 2209 511 2284 secumipse
524 2225 655 2282 versans,
665 2211 724 2268 huc
736 2211 857 2269 demum
868 2229 934 2270 eru·
974 2207 1061 2278 liber,
1080 2211 1109 2266 et
1127 2208 1243 2265 sciatica
1257 2209 1401 2266 duntaxat
1422 2209 1567 2267 elementa
1583 2212 1768 2286 suppeditat,

47 2291 128 2364 166166
138 2289 183 2363 pit
203 2307 211 2345 r
233 2291 446 2363 «Universum,
464 2293 574 2366 inquit,
595 2298 640 2350 est
656 2293 733 2351 liber
753 2295 930 2368 divinitatis,
974 2293 1105 2363 vestigia,
1118 2293 1253 2366 inquam,
1268 2292 1378 2366 potius,
1393 2292 1505 2368 quibus
1518 2295 1605 2369 quasi
1618 2312 1655 2352 ex
1668 2312 1769 2368 ungue

37 2353 342 2460 ffisaemlumque
359 2377 417 2436 hoc
430 2377 576 2436 sublucare
594 2382 637 2435 est
650 2381 804 2453 speculum
818 2381 934 2439 divino-
974 2373 1092 2432 leonem
1115 2391 1274 2447 agnoscas,
1296 2392 1389 2450 quam
1409 2377 1519 2436 claram
1541 2377 1769 2456 absolutamque

37 2475 66 2520 6
136 2477 245 2534 rum„
264 2464 406 2522 nimirum
424 2464 513 2523 hocce
530 2465 607 2524 miro
629 2483 714 2524 suam
735 2469 797 2542 ipso
818 2469 933 2526 1110010.
975 2458 1123 2531 scriptoris
1141 2459 1186 2516 sui
1203 2460 1440 2534 descriptionem.
1460 2463 1592 2534 Accedit,
1612 2465 1696 2538 quod
1714 2481 1768 2524 na-

137 2545 235 2618 giam,
258 2547 374 2606 diutino
401 2564 471 2606 sano
501 2550 748 2608 commentatione
776 2549 930 2610 didicerat,
974 2543 1046 2598 turae
1060 2541 1153 2598 solius
1167 2544 1491 2617 exaratuscharnctere,
1506 2546 1580 2604 nihil
1594 2549 1768 2608 eorumdic-

140 2629 236 2688 «coeli
254 2631 335 2688 enim
349 2635 487 2690 enarrant
503 2631 629 2703 gloriam
642 2633 709 2703 Dei,
723 2634 752 2689 et
765 2647 856 2706 opera
869 2649 931 2693 ma·
973 2626 1015 2681 1111
1027 2639 1095 2697 (111ω
1105 2628 1768 2705 111111111111111111011111111111111111111111111111

135 2728 233 2770 nuum
253 2715 318 2786 ojirs
334 2715 490 2772 annuntior
511 2714 774 2786 firmamentum„
798 2720 827 2774 et
845 2735 853 2774 ς
879 2721 929 2775 «Α
974 2707 1081 2766 coelum
1093 2713 1200 2766 sanctoe
1213 2710 1371 2782 Trinitatis,
1382 2711 1557 2787 bonumque
1571 2718 1767 2789 nostrumpc·

136 2797 340 2869 magnitudine
360 2797 466 2871 speciei
487 2800 516 2855 61
536 2802 689 2869 ereatura,
714 2799 807 2857 videri
833 2803 930 2873 potest
973 2793 1768 2874 1111111,(1101111111ωο111510111011111111113866111·
1817 2805 1821 2810 “

135 2887 249 2939 creator
272 2898 392 2953 eorum,
410 2881 588 2954 sempiterna
608 2897 731 2956 quoque
754 2887 781 2938 ct
804 2885 932 2941 invisibi-
972 2887 1056 2944 111111,
1070 2874 1281 2948 limem-mlli-

135 2965 172 3020 116
196 2965 260 3035 ejus
278 2964 372 3022 virtus
392 2967 481 3038 atque
502 2964 658 3036 divinitas3
677 2984 691 3019 6
712 2969 746 3022 61
765 2967 796 3022 16
815 2968 931 3039 magnis
1008 2961 1109 3019 Visum
1122 2963 1312 3035 ergodivinae
1325 2965 1531 3023 etinterminae
1544 2965 1680 3038 bonitati,
1695 2970 1765 3027 scri·

134 3048 214 3106 hisoe
231 3049 375 3106 ooelorum
394 3049 520 3120 tabulis,
532 3050 564 3106 io
584 3049 701 3123 paginis
718 3050 931 3110 elementorum
972 3042 1019 3102 hae
1040 3044 1147 3103 scilicet
1165 3047 1399 3118 sapientissimo,
1412 3049 1551 3105 velociter
1566 3053 1595 3106 et
1612 3050 1689 3108 mira
1702 3051 1765 3125 dig-

137 3147 172 3190 66
183 3130 389 3191 voluminibus
406 3135 595 3205 temporum,
609 3132 771 3206 perspicaci
783 3135 871 3192 oculo
884 3135 931 3194 di·
972 3127 1090 3186 nationc
1104 3127 1252 3199 scribenti,
1262 3131 1354 3187 alium
1369 3130 1509 3188 adhibere
1522 3131 1681 3204 calamum,
1691 3134 1765 3194 alias

133 3215 211 3272 6166
225 3214 415 3273 institutionis
429 3215 595 3272 doctrinam
610 3217 768 3289 propalam
790 3219 877 3290 quasi
890 3218 932 3277 lo.
972 3210 1059 3268 nohis
1073 3211 1217 3283 subiicere
1224 3211 1353 3284 tabulas,
1364 3213 1438 3272 alios
1447 3213 1535 3286 longe
1547 3215 1705 3289 depingere
1718 3220 1765 3277 sui

135 3314 203 3370 gera
221 3299 330 3356 liceat:
349 3298 390 3355 ite
403 3313 473 3355 sane
494 3313 530 3356 ex
546 3297 618 3370 ipsis
634 3298 742 3356 mundi
756 3299 931 3373 primordiis
972 3295 1173 3354 characteres:
1188 3295 1241 3371 qui
1260 3313 1322 3356 non
1339 3304 1454 3356 mutam
1471 3299 1603 3371 aliquam
1619 3302 1763 3376 speciem,

67 3447 73 3455 ¹
135 3381 320 3439 eternihilo
334 3380 413 3438 illius
429 3380 598 3450 molimina,
612 3380 846 3454 omnipotentem
859 3398 930 3441 auc·
972 3379 1030 3436 sed·
1039 3378 1189 3437 distinctas
1202 3379 1297 3438 oculis
1309 3394 1411 3452 66666,
1426 3380 1550 3439 auribus
1562 3399 1668 3456 sonos,
1683 3401 1764 3444 men·

134 3464 207 3523 toris
228 3465 293 3534 ejus
313 3461 375 3520 rim
395 3467 423 3520 61
446 3464 610 3536 energiam3
627 3479 665 3521 ex
686 3464 831 3538 mutiplici
854 3467 929 3525 adeo
972 3461 1051 3519 tibus
1065 3477 1169 3533 sensa,
1182 3463 1325 3538 vivasque
1342 3464 1514 3522 divinorum
1531 3465 1674 3538 imagines
1687 3469 1765 3527 inse-

136 3551 300 3606 creatarum
310 3561 411 3604 rerum
420 3547 549 3604 discordi
559 3551 586 3603 et
596 3545 746 3617 variegata
758 3550 929 3621 concordia,
971 3550 1083 3617 666661,
1096 3547 1207 3621 quibus
1220 3553 1249 3605 et
1262 3548 1463 3623 semetipsum,
1476 3549 1665 3626 coelestesque
1680 3567 1763 3610 men·

135 3629 301 3688 beneficam
317 3630 451 3700 eiusdem
470 3630 612 3703 abyssum
617 3648 626 3700 ;
643 3643 679 3686 cx
693 3629 793 3702 amplo
810 3630 863 3688 illo
876 3647 931 3692 om·
971 3631 1025 3699 166,
1034 3635 1189 3703 creataque
1202 3632 1315 3702 omnia,
1321 3635 1350 3690 et
1362 3632 1512 3706 quidquid
1525 3633 1565 3691 ad
1577 3632 1653 3691 hene
1666 3634 1763 3696 beate·

136 3718 267 3771 terornm
276 3712 411 3770 omnium
421 3711 588 3786 spirituum,
598 3729 771 3790 corporum,
782 3718 929 3787 motuum,
972 3726 1031 3786 666
1048 3712 1208 3770 vivendum
1226 3729 1282 3772 nos
1299 3715 1490 3787 manuducit,
1508 3721 1569 3774 tam
1585 3715 1763 3792 luculenter,

135 3802 364 3870 temporumque
381 3795 549 3869 complexu,
572 3797 761 3853 eternitatem
782 3796 931 3854 immensi·
972 3811 1063 3870 quam
1085 3796 1228 3854 benevola
1250 3801 1279 3854 et
1300 3799 1447 3872 sapienter
1467 3799 1654 3860 describeret.
1677 3803 1764 3871 Quod

136 3884 286 3954 latamque
305 3877 466 3936 conditoris
486 3878 638 3949 metimur,
651 3883 678 3936 61
698 3879 930 3952 quadamtenus
972 3879 1133 3936 demiratus
1146 3879 1242 3951 legem
1252 3880 1302 3937 Dei
1312 3881 1410 3939 israeli
1424 3883 1685 3941 dictaturushioses
1695 3899 1764 3943 nos·

135 3963 336 4036 pervidemus.
351 3963 394 4018 116
406 3977 444 4018 ex
456 3961 589 4034 pondere
602 3961 791 4032 eorumdem,
805 3977 930 4021 numero
971 3965 1026 4031 ter,
1042 3965 1119 4018 licat.
1135 3977 1174 4032 rr,
1189 3966 1205 4018 7
1220 3980 1228 4018 c
1247 3965 1316 4019 6116
1328 3965 1471 4037 populna,
1480 3967 1635 4038 exclamat,
1648 3969 1763 4040 sapiens

134 4051 165 4103 61
172 4059 313 4103 mensura
321 4043 567 4118 sapientissimam
573 4045 674 4117 magni
684 4045 772 4116 hujus
780 4045 930 4103 architecti
972 4048 1001 4102 61
1013 4044 1189 4116 intelligens,
1200 4061 1272 4116 gens
1283 4061 1391 4118 magna
1398 4067 1408 4116 ;
1420 4053 1528 4105 666661
1541 4051 1599 4107 alia
1611 4053 1692 4109 natio
1704 4058 1764 4112 tam

135 4131 241 4201 ,666166
251 4170 260 4199 ,
272 4143 524 4200 numerosamque
537 4131 566 4184 61
575 4128 649 4184 mire
662 4128 839 4186 concinnam
852 4127 884 4185 in
893 4143 930 4186 eo
972 4128 1103 4200 grandis,
1115 4143 1182 4200 666
1195 4127 1303 4184 haheat
1315 4128 1387 4188 deos
1401 4131 1674 4206 appropinquantes
1688 4134 1763 4193 sihi:

137 4212 293 4284 cujuslibet
308 4215 421 4268 naturae
438 4211 626 4269 harmoniam
648 4211 807 4284 ideamque
829 4211 930 4270 mirari
973 4212 1187 4285 quaesierim
1203 4211 1765 4288 611666666161661616,6166666166-

137 4299 165 4353 et
176 4296 327 4368 suspicere
336 4294 405 4351 licet
413 4335 421 4360 ,
430 4308 498 4367 quae
510 4298 539 4350 61
546 4294 682 4367 primitus
692 4293 858 4368 quamlibet
865 4296 932 4352 uni·
973 4299 1137 4369 romarios,
1149 4298 1287 4371 justaque
1298 4297 1422 4370 iudicia,
1435 4305 1464 4358 et
1477 4301 1645 4360 universam
1657 4303 1762 4377 legem,

71 4383 76 4390 '
136 4379 212 4436 rarsi
224 4378 315 4448 hujus
329 4380 455 4450 partem,
464 4375 532 4434 fixis
540 4380 569 4433 et
582 4377 712 4433 immotis
720 4376 809 4451 plane
821 4377 930 4450 modis,
974 4397 1066 4454 quam
1074 4396 1130 4454 ego
1139 4396 1306 4454 proponam
1317 4382 1406 4439 hodie
1416 4387 1482 4440 anta
1493 4385 1596 4442 oculos
1607 4389 1762 4445 vestroslr
1875 4427 1878 4440 .

137 4466 275 4520 6166666]
284 4465 313 4518 61
320 4461 453 4534 compari
461 4459 554 4516 cuivis
568 4459 651 4519 611661
663 4461 740 4534 parti
754 4460 931 4519 amicissime
973 4465 1118 4537 Equidem
1131 4479 1223 4537 quam
1237 4464 1372 4521 mirabile
1384 4469 1427 4522 661
1440 4464 1533 4524 111666
1547 4483 1646 4526 666666
1656 4470 1764 4529 divinae
1778 4471 1800 4515 S·
1816 4471 1883 4530 scup-

137 4544 317 4614 devinxerit,
330 4548 360 4600 ct
378 4543 507 4602 amicum
526 4543 616 4600 hocce
635 4543 808 4614 vinculum,
821 4546 855 4600 ut
873 4548 930 4602 sta·
974 4547 1136 4619 Scripturas,
1152 4546 1323 4619 ipsissimas,
1337 4548 1471 4620 inquam,
1484 4566 1502 4608 a
1515 4551 1573 4607 Deo
1585 4551 1624 4608 ad
1635 4567 1690 4611 nos
1699 4569 1764 4627 per·
1782 4537 1879 4640 suffit,

137 4627 190 4687 hili
202 4627 265 4685 iide
277 4627 441 4685 concordes
455 4626 567 4684 6661661
574 4625 663 4696 61666,
669 4626 733 4698 iugi
747 4641 802 4685 suo
815 4625 931 4686 influxu
975 4630 1097 4703 scriptas
1111 4630 1237 4701 litteras,
1251 4633 1281 4687 61
1291 4629 1473 4688 indubitatos
1487 4632 1595 4689 divinae
1606 4636 1764 4695 voluntatis
1777 4661 1828 4700 cero
1846 4657 1884 4705 66

138 4711 285 4769 indivulse
299 4713 396 4768 servet
413 4713 442 4766 et
461 4713 586 4768 tueatur.
609 4712 668 4768 1166
686 4711 751 4783 ipsa
770 4711 807 4768 de
826 4727 856 4767 se
876 4727 932 4784 pu·
975 4717 1071 4783 testes,
1086 4728 1201 4785 semper
1213 4713 1253 4771 ad
1266 4729 1388 4771 manum
1403 4714 1528 4786 hahere,
1542 4716 1670 4775 lectitare
1683 4719 1767 4777 iden·
1793 4721 1871 4766 11101·
1960 4741 1962 4746 ·

139 4794 217 4853 blica
232 4809 307 4852 voce
328 4793 531 4867 depraedicans
548 4797 657 4851 aeterna
673 4793 835 4868 Sapientia,
850 4797 931 4852 Pron.
975 4795 1066 4852 tidem
1074 4836 1083 4866 ,
1097 4797 1216 4854 6616666
1229 4800 1258 4854 61
1270 4797 1439 4864 6666166661
1453 4815 1544 4873 quam
1559 4816 1660 4872 66666,
1673 4819 1766 4877 quam

140 4881 258 4950 66611
275 4896 284 4935 τ
303 4877 457 4947 «Quando
476 4877 678 4952 preparabat,
697 4877 811 4950 inquit,
825 4878 932 4948 coelos,
975 4871 1883 4979 616666666666161666,61666661166666166166661666·ξὲιῗοη

140 4963 275 5033 ederam3
285 4960 408 5035 quando
423 4959 573 5030 cartelege
582 4967 610 5016 et
618 4975 693 5034 gyro
702 4960 833 5018 vallabat
845 4960 934 5034 abys-
977 4961 1056 5018 sulas
1067 4963 1239 5034 oraculum,
1252 4979 1315 5037 quo
1332 4980 1394 5022 non
1407 4965 1573 5039 Apollinem
1586 4983 1623 5025 ex
1635 4970 1765 5043 tripode,

141 5063 204 5116 sos;
218 5047 345 5121 quando
358 5045 467 5102 athera
479 5043 618 5102 firmabat
626 5060 754 5115 sursum,
764 5048 792 5101 et
806 5043 934 5103 librabat
977 5044 1030 5102 sed
1043 5047 1135 5103 heum
1148 5046 1248 5120 ipsum
1267 5045 1374 5104 clarius
1388 5049 1483 5105 mullo
1497 5053 1525 5106 et
1537 5051 1660 5122 certius,
1674 5069 1767 5126 quam

140 5129 233 5188 iontes
244 5144 395 5204 aquarum
402 5146 412 5200 3
429 5128 551 5202 quando
571 5128 774 5186 circumdabat
789 5129 863 5185 mari
878 5133 935 5186 ter·
977 5129 1094 5186 6661661
1106 5145 1174 5188 arca
1187 5134 1216 5186 et
1227 5129 1387 5189 Cherubim
1395 5132 1635 5206 proloquentem,
1642 5136 1768 5195 audiasi

141 5215 254 5273 minum
266 5229 369 5284 saum,
382 5214 411 5272 61
424 5212 520 5284 legem
532 5210 664 5286 ponebat
677 5211 773 5285 aquis,
787 5225 825 5268 66
838 5216 935 5269 16666-
977 5212 1037 5268 1166
1049 5212 1198 5284 cogitabat
1213 5215 1239 5271 S.
1252 5213 1374 5272 Carolus
1387 5217 1582 5288 Borromaeus,
1599 5218 1671 5276 dum
1685 5235 1768 5277 sanc-

142 5297 213 5356 irent
225 5298 302 5358 fines
311 5313 383 5356 suos
388 5316 397 5369 3
407 5295 530 5371 qnando
541 5294 729 5371 appendebat
737 5293 930 5354 fundamenta
977 5299 1037 5354 tam
1051 5295 1241 5370 Scripturam,
1251 5297 1336 5370 quasi
1350 5297 1767 5370 [1616666616666616166116

315 5407 328 5452 r
1191 5427 1195 5434 ·
1575 5399 1590 5458 1
1726 5405 1730 5417 ’
