<?xml version="1.0" encoding="UTF-8"?>
<!DOCTYPE html PUBLIC "-//W3C//DTD XHTML 1.0 Transitional//EN"
    "http://www.w3.org/TR/xhtml1/DTD/xhtml1-transitional.dtd">
<html xmlns="http://www.w3.org/1999/xhtml" xml:lang="en" lang="en">
 <head>
  <title>
</title>
<meta http-equiv="Content-Type" content="text/html;charset=utf-8" />
  <meta name='ocr-system' content='tesseract 3.04.00' />
  <meta name='ocr-capabilities' content='ocr_page ocr_carea ocr_par ocr_line ocrx_word'/>
</head>
<body>
  <div class='ocr_page' id='page_1' title='image "./commentariainsc00lapigoog/commentariainsc00lapigoog_0734.png"; bbox 0 0 4182 6044; ppageno 0'>
   <div class='ocr_carea' id='block_1_1' title="bbox 734 303 1852 393">
    <p class='ocr_par' dir='ltr' id='par_1_1' title="bbox 734 303 1852 393">
     <span class='ocr_line' id='line_1_1' title="bbox 734 303 1852 393; baseline 0.008 -16"><span class='ocrx_word' id='word_1_1' title='bbox 734 316 976 378; x_wconf 76' lang='lat' dir='ltr'><strong>aouuaurunu</strong></span> <span class='ocrx_word' id='word_1_2' title='bbox 993 303 1027 378; x_wconf 80' lang='lat' dir='ltr'><strong>r&#39;u</strong></span> <span class='ocrx_word' id='word_1_3' title='bbox 1045 323 1198 393; x_wconf 85' lang='lat' dir='ltr'><strong>nronuu,</strong></span> <span class='ocrx_word' id='word_1_4' title='bbox 1216 335 1279 382; x_wconf 75' lang='grc' dir='ltr'><strong>ω.</strong></span> <span class='ocrx_word' id='word_1_5' title='bbox 1298 305 1332 380; x_wconf 82' lang='lat' dir='ltr'><strong>x.</strong></span> <span class='ocrx_word' id='word_1_6' title='bbox 1798 323 1852 386; x_wconf 81' lang='lat' dir='ltr'><strong>tat</strong></span> 
     </span>
    </p>
   </div>
   <div class='ocr_carea' id='block_1_2' title="bbox 93 423 1972 5332">
    <p class='ocr_par' dir='ltr' id='par_1_2' title="bbox 0 423 1972 5332">
     <span class='ocr_line' id='line_1_2' title="bbox 216 423 1852 498; baseline 0.006 -18"><span class='ocrx_word' id='word_1_7' title='bbox 216 423 296 494; x_wconf 78' lang='lat' dir='ltr'><strong>patet</strong></span> <span class='ocrx_word' id='word_1_8' title='bbox 304 435 371 496; x_wconf 79' lang='lat' dir='ltr'><strong>cap.</strong></span> <span class='ocrx_word' id='word_1_9' title='bbox 384 437 426 494; x_wconf 76' lang='lat' dir='ltr'><strong>rs,</strong></span> <span class='ocrx_word' id='word_1_10' title='bbox 439 437 515 482; x_wconf 78' lang='lat' dir='ltr'><strong>vars.</strong></span> <span class='ocrx_word' id='word_1_11' title='bbox 530 426 565 482; x_wconf 82' lang='grc'><strong>31)</strong></span> <span class='ocrx_word' id='word_1_12' title='bbox 576 441 584 480; x_wconf 82' lang='grc' dir='ltr'>ι</span> <span class='ocrx_word' id='word_1_13' title='bbox 595 423 632 482; x_wconf 87' lang='lat' dir='ltr'><strong>de</strong></span> <span class='ocrx_word' id='word_1_14' title='bbox 646 439 709 498; x_wconf 85' lang='lat' dir='ltr'><strong>quo</strong></span> <span class='ocrx_word' id='word_1_15' title='bbox 720 424 802 482; x_wconf 87' lang='lat' dir='ltr'><strong>enim</strong></span> <span class='ocrx_word' id='word_1_16' title='bbox 814 425 920 486; x_wconf 89' lang='lat' dir='ltr'><strong>dicitur</strong></span> <span class='ocrx_word' id='word_1_17' title='bbox 931 444 947 482; x_wconf 80' lang='lat' dir='ltr'><strong>s</strong></span> <span class='ocrx_word' id='word_1_18' title='bbox 958 443 1010 486; x_wconf 86' lang='lat' dir='ltr'><strong>an-</strong></span> <span class='ocrx_word' id='word_1_19' title='bbox 1054 427 1216 486; x_wconf 85' lang='lat' dir='ltr'><strong>inflrmauti</strong></span> <span class='ocrx_word' id='word_1_20' title='bbox 1227 426 1387 488; x_wconf 74' lang='lat' dir='ltr'>duodecim</span> <span class='ocrx_word' id='word_1_21' title='bbox 1396 429 1482 488; x_wconf 85' lang='lat' dir='ltr'><strong>aunis</strong></span> <span class='ocrx_word' id='word_1_22' title='bbox 1495 427 1627 488; x_wconf 89' lang='lat' dir='ltr'><strong>studiosa</strong></span> <span class='ocrx_word' id='word_1_23' title='bbox 1639 429 1771 490; x_wconf 85' lang='lat' dir='ltr'><strong>servierit</strong></span> <span class='ocrx_word' id='word_1_24' title='bbox 1785 448 1794 487; x_wconf 80' lang='lat' dir='ltr'>z</span> <span class='ocrx_word' id='word_1_25' title='bbox 1807 447 1852 490; x_wconf 90' lang='lat' dir='ltr'><strong>se·</strong></span> 
     </span>
     <span class='ocr_line' id='line_1_3' title="bbox 217 505 1851 588; baseline 0.005 -24"><span class='ocrx_word' id='word_1_26' title='bbox 217 509 355 577; x_wconf 84' lang='lat' dir='ltr'><strong>taquam,</strong></span> <span class='ocrx_word' id='word_1_27' title='bbox 366 525 381 560; x_wconf 82' lang='lat' dir='ltr'><strong>e</strong></span> <span class='ocrx_word' id='word_1_28' title='bbox 394 505 469 564; x_wconf 90' lang='lat' dir='ltr'><strong>illud</strong></span> <span class='ocrx_word' id='word_1_29' title='bbox 484 507 582 566; x_wconf 86' lang='lat' dir='ltr'><strong>adhuc</strong></span> <span class='ocrx_word' id='word_1_30' title='bbox 595 523 658 564; x_wconf 90' lang='lat' dir='ltr'><strong>non</strong></span> <span class='ocrx_word' id='word_1_31' title='bbox 671 509 725 565; x_wconf 90' lang='lat' dir='ltr'><strong>est.</strong></span> <span class='ocrx_word' id='word_1_32' title='bbox 1055 526 1113 568; x_wconf 83' lang='lat' dir='ltr'><strong>nex</strong></span> <span class='ocrx_word' id='word_1_33' title='bbox 1133 516 1231 568; x_wconf 90' lang='lat' dir='ltr'><strong>autem</strong></span> <span class='ocrx_word' id='word_1_34' title='bbox 1248 527 1404 586; x_wconf 90' lang='lat' dir='ltr'><strong>nunquam</strong></span> <span class='ocrx_word' id='word_1_35' title='bbox 1420 511 1446 568; x_wconf 88' lang='lat' dir='ltr'><strong>ei</strong></span> <span class='ocrx_word' id='word_1_36' title='bbox 1463 509 1611 570; x_wconf 89' lang='lat' dir='ltr'><strong>blandum</strong></span> <span class='ocrx_word' id='word_1_37' title='bbox 1628 518 1680 571; x_wconf 89' lang='lat' dir='ltr'><strong>aut</strong></span> <span class='ocrx_word' id='word_1_38' title='bbox 1696 514 1851 588; x_wconf 89' lang='lat' dir='ltr'><strong>placidum</strong></span> 
     </span>
     <span class='ocr_line' id='line_1_4' title="bbox 152 590 1851 668; baseline 0.007 -24"><span class='ocrx_word' id='word_1_39' title='bbox 152 631 157 644; x_wconf 95' lang='lat'><strong>.</strong></span> <span class='ocrx_word' id='word_1_40' title='bbox 182 633 189 644; x_wconf 95' lang='lat'><strong>.</strong></span> <span class='ocrx_word' id='word_1_41' title='bbox 253 590 280 646; x_wconf 88' lang='lat'><strong>8.</strong></span> <span class='ocrx_word' id='word_1_42' title='bbox 296 591 408 656; x_wconf 77' lang='lat' dir='ltr'><strong>Qurusu</strong></span> <span class='ocrx_word' id='word_1_43' title='bbox 420 593 675 662; x_wconf 82' lang='lat' dir='ltr'><strong>rruarsunri-q.</strong></span> <span class='ocrx_word' id='word_1_44' title='bbox 689 591 932 668; x_wconf 66' lang='lat' dir='ltr'><strong>edoceamus</strong></span> <span class='ocrx_word' id='word_1_45' title='bbox 946 611 1010 651; x_wconf 91' lang='lat' dir='ltr'><strong>om·</strong></span> <span class='ocrx_word' id='word_1_46' title='bbox 1055 595 1180 652; x_wconf 85' lang='lat' dir='ltr'><strong>verbum</strong></span> <span class='ocrx_word' id='word_1_47' title='bbox 1203 596 1320 653; x_wconf 90' lang='lat' dir='ltr'><strong>locutus</strong></span> <span class='ocrx_word' id='word_1_48' title='bbox 1336 595 1382 654; x_wconf 90' lang='lat' dir='ltr'><strong>sit.</strong></span> <span class='ocrx_word' id='word_1_49' title='bbox 1401 597 1518 653; x_wconf 76' lang='lat' dir='ltr'><strong>«Senex</strong></span> <span class='ocrx_word' id='word_1_50' title='bbox 1535 595 1605 668; x_wconf 87' lang='lat' dir='ltr'><strong>ergo</strong></span> <span class='ocrx_word' id='word_1_51' title='bbox 1623 597 1784 655; x_wconf 90' lang='lat' dir='ltr'><strong>moriturus</strong></span> <span class='ocrx_word' id='word_1_52' title='bbox 1802 613 1851 656; x_wconf 90' lang='lat' dir='ltr'><strong>co·</strong></span> 
     </span>
     <span class='ocr_line' id='line_1_5' title="bbox 216 672 1848 750; baseline 0.004 -20"><span class='ocrx_word' id='word_1_53' title='bbox 216 687 267 730; x_wconf 88' lang='lat' dir='ltr'><strong>aes</strong></span> <span class='ocrx_word' id='word_1_54' title='bbox 283 672 343 742; x_wconf 65' lang='lat' dir='ltr'><strong>ire)</strong></span> <span class='ocrx_word' id='word_1_55' title='bbox 368 674 456 747; x_wconf 87' lang='lat' dir='ltr'><strong>pauci</strong></span> <span class='ocrx_word' id='word_1_56' title='bbox 479 675 559 731; x_wconf 90' lang='lat' dir='ltr'><strong>enim</strong></span> <span class='ocrx_word' id='word_1_57' title='bbox 582 675 621 730; x_wconf 87' lang='lat' dir='ltr'><strong>ad</strong></span> <span class='ocrx_word' id='word_1_58' title='bbox 641 676 818 736; x_wconf 83' lang='lat' dir='ltr'><strong>sacrificium</strong></span> <span class='ocrx_word' id='word_1_59' title='bbox 837 679 1009 738; x_wconf 80' lang='lat' dir='ltr'><strong>sufficiunts</strong></span> <span class='ocrx_word' id='word_1_60' title='bbox 1055 695 1119 734; x_wconf 90' lang='lat' dir='ltr'><strong>ram</strong></span> <span class='ocrx_word' id='word_1_61' title='bbox 1141 678 1204 735; x_wconf 91' lang='lat' dir='ltr'><strong>aliis</strong></span> <span class='ocrx_word' id='word_1_62' title='bbox 1224 679 1344 736; x_wconf 80' lang='lat' dir='ltr'>senibus</span> <span class='ocrx_word' id='word_1_63' title='bbox 1362 679 1453 736; x_wconf 90' lang='lat' dir='ltr'><strong>tenuit</strong></span> <span class='ocrx_word' id='word_1_64' title='bbox 1471 695 1578 736; x_wconf 90' lang='lat' dir='ltr'><strong>manus</strong></span> <span class='ocrx_word' id='word_1_65' title='bbox 1592 680 1673 750; x_wconf 85' lang='lat' dir='ltr'><strong>ejus,</strong></span> <span class='ocrx_word' id='word_1_66' title='bbox 1687 685 1716 738; x_wconf 86' lang='lat' dir='ltr'><strong>et</strong></span> <span class='ocrx_word' id='word_1_67' title='bbox 1729 679 1804 736; x_wconf 82' lang='lat' dir='ltr'><strong>dixit</strong></span> <span class='ocrx_word' id='word_1_68' title='bbox 1822 680 1848 738; x_wconf 90' lang='lat' dir='ltr'><strong>ei</strong></span> 
     </span>
     <span class='ocr_line' id='line_1_6' title="bbox 216 754 1851 835; baseline 0.006 -23"><span class='ocrx_word' id='word_1_69' title='bbox 216 754 319 812; x_wconf 86' lang='lat' dir='ltr'><strong>saltem</strong></span> <span class='ocrx_word' id='word_1_70' title='bbox 334 757 372 812; x_wconf 89' lang='lat' dir='ltr'><strong>ad</strong></span> <span class='ocrx_word' id='word_1_71' title='bbox 387 757 418 812; x_wconf 93' lang='lat' dir='ltr'><strong>id</strong></span> <span class='ocrx_word' id='word_1_72' title='bbox 430 755 546 814; x_wconf 85' lang='lat' dir='ltr'><strong>leminis</strong></span> <span class='ocrx_word' id='word_1_73' title='bbox 561 761 590 812; x_wconf 89' lang='lat' dir='ltr'><strong>et</strong></span> <span class='ocrx_word' id='word_1_74' title='bbox 605 758 706 830; x_wconf 91' lang='lat' dir='ltr'><strong>pueris</strong></span> <span class='ocrx_word' id='word_1_75' title='bbox 720 775 781 816; x_wconf 93' lang='lat' dir='ltr'><strong>non</strong></span> <span class='ocrx_word' id='word_1_76' title='bbox 795 764 838 818; x_wconf 89' lang='lat' dir='ltr'><strong>est</strong></span> <span class='ocrx_word' id='word_1_77' title='bbox 851 778 927 835; x_wconf 90' lang='lat' dir='ltr'><strong>opus</strong></span> <span class='ocrx_word' id='word_1_78' title='bbox 936 781 944 831; x_wconf 92' lang='lat'>;</span> <span class='ocrx_word' id='word_1_79' title='bbox 957 777 1009 819; x_wconf 88' lang='lat' dir='ltr'><strong>eos</strong></span> <span class='ocrx_word' id='word_1_80' title='bbox 1056 765 1139 820; x_wconf 86' lang='lat' dir='ltr'><strong>tertio</strong></span> <span class='ocrx_word' id='word_1_81' title='bbox 1156 783 1163 820; x_wconf 86' lang='lat'>:</span> <span class='ocrx_word' id='word_1_82' title='bbox 1180 764 1320 835; x_wconf 87' lang='lat' dir='ltr'><strong>Salucris,</strong></span> <span class='ocrx_word' id='word_1_83' title='bbox 1334 765 1468 832; x_wconf 88' lang='lat' dir='ltr'><strong>salveris,</strong></span> <span class='ocrx_word' id='word_1_84' title='bbox 1483 765 1614 822; x_wconf 87' lang='lat' dir='ltr'><strong>salveris.</strong></span> <span class='ocrx_word' id='word_1_85' title='bbox 1630 768 1662 822; x_wconf 82' lang='lat' dir='ltr'><strong>Et</strong></span> <span class='ocrx_word' id='word_1_86' title='bbox 1681 765 1802 822; x_wconf 79' lang='lat' dir='ltr'>tradidit</span> <span class='ocrx_word' id='word_1_87' title='bbox 1815 765 1851 822; x_wconf 92' lang='lat' dir='ltr'><strong>il·</strong></span> 
     </span>
     <span class='ocr_line' id='line_1_7' title="bbox 215 840 1850 918; baseline 0.004 -18"><span class='ocrx_word' id='word_1_88' title='bbox 215 855 286 910; x_wconf 79' lang='lat' dir='ltr'><strong>argo</strong></span> <span class='ocrx_word' id='word_1_89' title='bbox 305 841 379 898; x_wconf 89' lang='lat' dir='ltr'><strong>mihi</strong></span> <span class='ocrx_word' id='word_1_90' title='bbox 401 840 520 898; x_wconf 87' lang='lat' dir='ltr'><strong>obsides</strong></span> <span class='ocrx_word' id='word_1_91' title='bbox 537 842 664 916; x_wconf 86' lang='lat' dir='ltr'>relinqui</span> <span class='ocrx_word' id='word_1_92' title='bbox 685 844 771 916; x_wconf 87' lang='lat' dir='ltr'><strong>uolo,</strong></span> <span class='ocrx_word' id='word_1_93' title='bbox 786 851 819 902; x_wconf 90' lang='lat' dir='ltr'><strong>ut</strong></span> <span class='ocrx_word' id='word_1_94' title='bbox 838 853 933 903; x_wconf 90' lang='lat' dir='ltr'><strong>certus</strong></span> <span class='ocrx_word' id='word_1_95' title='bbox 952 848 1009 904; x_wconf 92' lang='lat' dir='ltr'><strong>sim</strong></span> <span class='ocrx_word' id='word_1_96' title='bbox 1055 846 1119 902; x_wconf 89' lang='lat' dir='ltr'><strong>lum</strong></span> <span class='ocrx_word' id='word_1_97' title='bbox 1133 848 1267 918; x_wconf 82' lang='lat' dir='ltr'><strong>senibus,</strong></span> <span class='ocrx_word' id='word_1_98' title='bbox 1282 848 1382 904; x_wconf 90' lang='lat' dir='ltr'><strong>dicens</strong></span> <span class='ocrx_word' id='word_1_99' title='bbox 1395 865 1403 902; x_wconf 72' lang='grc' dir='ltr'>ε</span> <span class='ocrx_word' id='word_1_100' title='bbox 1418 847 1467 904; x_wconf 90' lang='lat' dir='ltr'><strong>lile</strong></span> <span class='ocrx_word' id='word_1_101' title='bbox 1479 863 1540 903; x_wconf 93' lang='lat' dir='ltr'><strong>non</strong></span> <span class='ocrx_word' id='word_1_102' title='bbox 1553 848 1644 904; x_wconf 92' lang='lat' dir='ltr'><strong>horno</strong></span> <span class='ocrx_word' id='word_1_103' title='bbox 1659 853 1719 918; x_wconf 90' lang='lat' dir='ltr'><strong>est,</strong></span> <span class='ocrx_word' id='word_1_104' title='bbox 1731 849 1783 906; x_wconf 90' lang='lat' dir='ltr'><strong>sed</strong></span> <span class='ocrx_word' id='word_1_105' title='bbox 1797 864 1850 906; x_wconf 87' lang='lat' dir='ltr'><strong>aa·</strong></span> 
     </span>
     <span class='ocr_line' id='line_1_8' title="bbox 215 924 1849 1002; baseline 0.008 -24"><span class='ocrx_word' id='word_1_106' title='bbox 215 938 269 980; x_wconf 81' lang='lat' dir='ltr'><strong>vos</strong></span> <span class='ocrx_word' id='word_1_107' title='bbox 286 939 348 982; x_wconf 89' lang='lat' dir='ltr'><strong>non</strong></span> <span class='ocrx_word' id='word_1_108' title='bbox 369 924 531 995; x_wconf 72' lang='lat' dir='ltr'><strong>fugituros,</strong></span> <span class='ocrx_word' id='word_1_109' title='bbox 550 927 602 982; x_wconf 89' lang='lat' dir='ltr'><strong>sed</strong></span> <span class='ocrx_word' id='word_1_110' title='bbox 624 927 770 985; x_wconf 89' lang='lat' dir='ltr'><strong>redituros</strong></span> <span class='ocrx_word' id='word_1_111' title='bbox 788 928 819 986; x_wconf 89' lang='lat' dir='ltr'><strong>in</strong></span> <span class='ocrx_word' id='word_1_112' title='bbox 837 932 1008 1002; x_wconf 79' lang='lat' dir='ltr'><strong>AEgyptum.</strong></span> <span class='ocrx_word' id='word_1_113' title='bbox 1055 930 1149 1002; x_wconf 84' lang='lat' dir='ltr'><strong>gelus,</strong></span> <span class='ocrx_word' id='word_1_114' title='bbox 1161 931 1213 1002; x_wconf 91' lang='lat' dir='ltr'><strong>qui</strong></span> <span class='ocrx_word' id='word_1_115' title='bbox 1228 934 1270 988; x_wconf 91' lang='lat' dir='ltr'><strong>tot</strong></span> <span class='ocrx_word' id='word_1_116' title='bbox 1283 932 1367 987; x_wconf 91' lang='lat' dir='ltr'><strong>annis</strong></span> <span class='ocrx_word' id='word_1_117' title='bbox 1379 931 1452 987; x_wconf 90' lang='lat' dir='ltr'><strong>mihi</strong></span> <span class='ocrx_word' id='word_1_118' title='bbox 1465 931 1626 988; x_wconf 86' lang='lat' dir='ltr'><strong>infirmanti</strong></span> <span class='ocrx_word' id='word_1_119' title='bbox 1643 933 1781 1002; x_wconf 85' lang='lat' dir='ltr'><strong>serviens,</strong></span> <span class='ocrx_word' id='word_1_120' title='bbox 1794 949 1849 992; x_wconf 90' lang='lat' dir='ltr'><strong>neo</strong></span> 
     </span>
     <span class='ocr_line' id='line_1_9' title="bbox 215 1007 1849 1085; baseline 0.009 -25"><span class='ocrx_word' id='word_1_121' title='bbox 215 1007 302 1066; x_wconf 83' lang='lat' dir='ltr'><strong>Vides</strong></span> <span class='ocrx_word' id='word_1_122' title='bbox 326 1008 373 1066; x_wconf 83' lang='lat' dir='ltr'><strong>liic</strong></span> <span class='ocrx_word' id='word_1_123' title='bbox 398 1010 579 1068; x_wconf 81' lang='lat' dir='ltr'><strong>Pharaonem</strong></span> <span class='ocrx_word' id='word_1_124' title='bbox 606 1027 643 1068; x_wconf 86' lang='lat' dir='ltr'><strong>ox</strong></span> <span class='ocrx_word' id='word_1_125' title='bbox 668 1017 750 1084; x_wconf 91' lang='lat' dir='ltr'><strong>parte</strong></span> <span class='ocrx_word' id='word_1_126' title='bbox 776 1029 807 1070; x_wconf 89' lang='lat' dir='ltr'><strong>se</strong></span> <span class='ocrx_word' id='word_1_127' title='bbox 834 1014 1009 1085; x_wconf 89' lang='lat' dir='ltr'><strong>emolliisse,</strong></span> <span class='ocrx_word' id='word_1_128' title='bbox 1054 1012 1171 1068; x_wconf 82' lang='lat' dir='ltr'><strong>bonurn</strong></span> <span class='ocrx_word' id='word_1_129' title='bbox 1194 1029 1361 1070; x_wconf 87' lang='lat' dir='ltr'><strong>sermonem</strong></span> <span class='ocrx_word' id='word_1_130' title='bbox 1384 1015 1528 1084; x_wconf 91' lang='lat' dir='ltr'><strong>audiens,</strong></span> <span class='ocrx_word' id='word_1_131' title='bbox 1552 1013 1620 1071; x_wconf 89' lang='lat' dir='ltr'><strong>iecit</strong></span> <span class='ocrx_word' id='word_1_132' title='bbox 1639 1019 1739 1073; x_wconf 90' lang='lat' dir='ltr'><strong>tamen</strong></span> <span class='ocrx_word' id='word_1_133' title='bbox 1763 1017 1849 1074; x_wconf 90' lang='lat' dir='ltr'><strong>obso-</strong></span> 
     </span>
     <span class='ocr_line' id='line_1_10' title="bbox 215 1092 1965 1176; baseline 0.009 -28"><span class='ocrx_word' id='word_1_134' title='bbox 215 1092 338 1164; x_wconf 78' lang='lat' dir='ltr'><strong>quando</strong></span> <span class='ocrx_word' id='word_1_135' title='bbox 358 1093 481 1152; x_wconf 88' lang='lat' dir='ltr'><strong>dimidia</strong></span> <span class='ocrx_word' id='word_1_136' title='bbox 500 1096 587 1168; x_wconf 87' lang='lat' dir='ltr'><strong>quasi</strong></span> <span class='ocrx_word' id='word_1_137' title='bbox 604 1097 740 1168; x_wconf 90' lang='lat' dir='ltr'><strong>pactione</strong></span> <span class='ocrx_word' id='word_1_138' title='bbox 753 1113 822 1154; x_wconf 91' lang='lat' dir='ltr'><strong>eum</strong></span> <span class='ocrx_word' id='word_1_139' title='bbox 836 1099 914 1154; x_wconf 88' lang='lat' dir='ltr'><strong>hlose</strong></span> <span class='ocrx_word' id='word_1_140' title='bbox 929 1098 1009 1154; x_wconf 87' lang='lat' dir='ltr'><strong>dcci·</strong></span> <span class='ocrx_word' id='word_1_141' title='bbox 1055 1096 1161 1168; x_wconf 87' lang='lat' dir='ltr'><strong>quium</strong></span> <span class='ocrx_word' id='word_1_142' title='bbox 1172 1114 1240 1152; x_wconf 88' lang='lat' dir='ltr'><strong>cum</strong></span> <span class='ocrx_word' id='word_1_143' title='bbox 1250 1113 1359 1169; x_wconf 87' lang='lat' dir='ltr'><strong>magna</strong></span> <span class='ocrx_word' id='word_1_144' title='bbox 1371 1098 1521 1170; x_wconf 88' lang='lat' dir='ltr'><strong>patientia.</strong></span> <span class='ocrx_word' id='word_1_145' title='bbox 1532 1119 1546 1151; x_wconf 74' lang='lat' dir='ltr'><strong>a</strong></span> <span class='ocrx_word' id='word_1_146' title='bbox 1558 1098 1585 1156; x_wconf 89' lang='lat' dir='ltr'><strong>Si</strong></span> <span class='ocrx_word' id='word_1_147' title='bbox 1596 1101 1724 1155; x_wconf 89' lang='lat' dir='ltr'><strong>serviens</strong></span> <span class='ocrx_word' id='word_1_148' title='bbox 1734 1101 1848 1173; x_wconf 89' lang='lat' dir='ltr'><strong>paticn·</strong></span> <span class='ocrx_word' id='word_1_149' title='bbox 1865 1118 1965 1176; x_wconf 74' lang='lat' dir='ltr'><strong>angerus</strong></span> 
     </span>
     <span class='ocr_line' id='line_1_11' title="bbox 216 1174 1966 1256; baseline 0.001 -20"><span class='ocrx_word' id='word_1_150' title='bbox 216 1174 406 1247; x_wconf 64' lang='lat' dir='ltr'><strong>diripuerat</strong></span> <span class='ocrx_word' id='word_1_151' title='bbox 424 1192 496 1248; x_wconf 84' lang='lat' dir='ltr'><strong>orgo</strong></span> <span class='ocrx_word' id='word_1_152' title='bbox 515 1178 602 1234; x_wconf 89' lang='lat' dir='ltr'><strong>etium</strong></span> <span class='ocrx_word' id='word_1_153' title='bbox 617 1180 740 1236; x_wconf 90' lang='lat' dir='ltr'><strong>omnino</strong></span> <span class='ocrx_word' id='word_1_154' title='bbox 758 1197 789 1238; x_wconf 92' lang='lat' dir='ltr'><strong>se</strong></span> <span class='ocrx_word' id='word_1_155' title='bbox 804 1180 951 1250; x_wconf 88' lang='lat' dir='ltr'><strong>emollire,</strong></span> <span class='ocrx_word' id='word_1_156' title='bbox 966 1181 1010 1238; x_wconf 88' lang='lat' dir='ltr'><strong>uti</strong></span> <span class='ocrx_word' id='word_1_157' title='bbox 1054 1183 1099 1236; x_wconf 88' lang='lat' dir='ltr'><strong>ter</strong></span> <span class='ocrx_word' id='word_1_158' title='bbox 1112 1180 1165 1236; x_wconf 91' lang='lat' dir='ltr'><strong>uni</strong></span> <span class='ocrx_word' id='word_1_159' title='bbox 1179 1196 1258 1252; x_wconf 83' lang='lat' dir='ltr'><strong>aegro</strong></span> <span class='ocrx_word' id='word_1_160' title='bbox 1268 1185 1296 1236; x_wconf 92' lang='lat' dir='ltr'><strong>et</strong></span> <span class='ocrx_word' id='word_1_161' title='bbox 1306 1197 1426 1237; x_wconf 90' lang='lat' dir='ltr'><strong>moroso</strong></span> <span class='ocrx_word' id='word_1_162' title='bbox 1437 1181 1499 1237; x_wconf 84' lang='lat' dir='ltr'><strong>seni</strong></span> <span class='ocrx_word' id='word_1_163' title='bbox 1510 1185 1554 1236; x_wconf 92' lang='lat' dir='ltr'><strong>est</strong></span> <span class='ocrx_word' id='word_1_164' title='bbox 1564 1181 1697 1251; x_wconf 84' lang='lat' dir='ltr'><strong>angelus,</strong></span> <span class='ocrx_word' id='word_1_165' title='bbox 1710 1183 1782 1256; x_wconf 90' lang='lat' dir='ltr'><strong>quid</strong></span> <span class='ocrx_word' id='word_1_166' title='bbox 1794 1184 1849 1242; x_wconf 89' lang='lat' dir='ltr'><strong>erit</strong></span> <span class='ocrx_word' id='word_1_167' title='bbox 1860 1182 1893 1222; x_wconf 75' lang='lat' dir='ltr'><strong>eet</strong></span> <span class='ocrx_word' id='word_1_168' title='bbox 1926 1182 1966 1238; x_wconf 77' lang='lat'>&lt;1¹¹¹</span> 
     </span>
     <span class='ocr_line' id='line_1_12' title="bbox 215 1240 1966 1346; baseline 0.006 -29"><span class='ocrx_word' id='word_1_169' title='bbox 215 1261 244 1317; x_wconf 80' lang='lat' dir='ltr'><strong>et</strong></span> <span class='ocrx_word' id='word_1_170' title='bbox 257 1257 415 1316; x_wconf 87' lang='lat' dir='ltr'><strong>obdurare.</strong></span> <span class='ocrx_word' id='word_1_171' title='bbox 427 1261 521 1330; x_wconf 84' lang='lat' dir='ltr'><strong>Plagae</strong></span> <span class='ocrx_word' id='word_1_172' title='bbox 535 1263 615 1318; x_wconf 90' lang='lat' dir='ltr'><strong>enim</strong></span> <span class='ocrx_word' id='word_1_173' title='bbox 628 1262 675 1318; x_wconf 83' lang='lat' dir='ltr'><strong>hae</strong></span> <span class='ocrx_word' id='word_1_174' title='bbox 687 1279 704 1320; x_wconf 90' lang='lat' dir='ltr'><strong>a</strong></span> <span class='ocrx_word' id='word_1_175' title='bbox 715 1264 936 1338; x_wconf 25' lang='lat' dir='ltr'><strong>Declimmissae,</strong></span> <span class='ocrx_word' id='word_1_176' title='bbox 946 1279 1009 1321; x_wconf 86' lang='lat' dir='ltr'><strong>nou</strong></span> <span class='ocrx_word' id='word_1_177' title='bbox 1054 1266 1163 1333; x_wconf 86' lang='lat' dir='ltr'><strong>lloses,</strong></span> <span class='ocrx_word' id='word_1_178' title='bbox 1179 1265 1231 1336; x_wconf 90' lang='lat' dir='ltr'><strong>qui</strong></span> <span class='ocrx_word' id='word_1_179' title='bbox 1247 1265 1404 1334; x_wconf 82' lang='lat' dir='ltr'>Pharaoni,</span> <span class='ocrx_word' id='word_1_180' title='bbox 1421 1268 1449 1322; x_wconf 88' lang='lat' dir='ltr'><strong>et</strong></span> <span class='ocrx_word' id='word_1_181' title='bbox 1463 1280 1584 1321; x_wconf 93' lang='lat' dir='ltr'><strong>moroso</strong></span> <span class='ocrx_word' id='word_1_182' title='bbox 1602 1268 1630 1322; x_wconf 89' lang='lat' dir='ltr'><strong>et</strong></span> <span class='ocrx_word' id='word_1_183' title='bbox 1649 1266 1726 1323; x_wconf 90' lang='lat' dir='ltr'><strong>duro</strong></span> <span class='ocrx_word' id='word_1_184' title='bbox 1742 1284 1776 1325; x_wconf 92' lang='lat' dir='ltr'><strong>ac</strong></span> <span class='ocrx_word' id='word_1_185' title='bbox 1793 1271 1849 1327; x_wconf 88' lang='lat' dir='ltr'><strong>rni-</strong></span> <span class='ocrx_word' id='word_1_186' title='bbox 1861 1240 1966 1346; x_wconf 54' lang='lat' dir='ltr'><strong>pfflf&#39;</strong></span> 
     </span>
     <span class='ocr_line' id='line_1_13' title="bbox 216 1342 1943 1426; baseline 0.009 -30"><span class='ocrx_word' id='word_1_187' title='bbox 216 1342 330 1398; x_wconf 86' lang='lat' dir='ltr'><strong>tautum</strong></span> <span class='ocrx_word' id='word_1_188' title='bbox 348 1343 387 1398; x_wconf 86' lang='lat' dir='ltr'><strong>ad</strong></span> <span class='ocrx_word' id='word_1_189' title='bbox 407 1342 563 1400; x_wconf 89' lang='lat' dir='ltr'><strong>dimidium</strong></span> <span class='ocrx_word' id='word_1_190' title='bbox 572 1384 583 1413; x_wconf 95' lang='lat'><strong>,</strong></span> <span class='ocrx_word' id='word_1_191' title='bbox 599 1345 652 1402; x_wconf 90' lang='lat' dir='ltr'><strong>sed</strong></span> <span class='ocrx_word' id='word_1_192' title='bbox 668 1345 708 1402; x_wconf 86' lang='lat' dir='ltr'><strong>ad</strong></span> <span class='ocrx_word' id='word_1_193' title='bbox 724 1349 821 1406; x_wconf 88' lang='lat' dir='ltr'><strong>totum</strong></span> <span class='ocrx_word' id='word_1_194' title='bbox 833 1363 902 1417; x_wconf 82' lang='lat' dir='ltr'><strong>eum</strong></span> <span class='ocrx_word' id='word_1_195' title='bbox 917 1348 1009 1405; x_wconf 88' lang='lat' dir='ltr'><strong>emol·</strong></span> <span class='ocrx_word' id='word_1_196' title='bbox 1054 1348 1137 1417; x_wconf 91' lang='lat' dir='ltr'><strong>naci,</strong></span> <span class='ocrx_word' id='word_1_197' title='bbox 1151 1349 1237 1405; x_wconf 89' lang='lat' dir='ltr'><strong>toties</strong></span> <span class='ocrx_word' id='word_1_198' title='bbox 1253 1353 1314 1405; x_wconf 90' lang='lat' dir='ltr'><strong>tam</strong></span> <span class='ocrx_word' id='word_1_199' title='bbox 1333 1349 1436 1405; x_wconf 90' lang='lat' dir='ltr'><strong>leniter</strong></span> <span class='ocrx_word' id='word_1_200' title='bbox 1449 1353 1478 1405; x_wconf 91' lang='lat' dir='ltr'><strong>ot</strong></span> <span class='ocrx_word' id='word_1_201' title='bbox 1489 1349 1599 1406; x_wconf 83' lang='lat' dir='ltr'>blande</span> <span class='ocrx_word' id='word_1_202' title='bbox 1614 1349 1771 1408; x_wconf 79' lang='lat' dir='ltr'><strong>obsecutus</strong></span> <span class='ocrx_word' id='word_1_203' title='bbox 1786 1358 1847 1426; x_wconf 88' lang='lat' dir='ltr'><strong>ast,</strong></span> <span class='ocrx_word' id='word_1_204' title='bbox 1879 1370 1943 1412; x_wconf 63' lang='lat' dir='ltr'><strong>aas*</strong></span> 
     </span>
     <span class='ocr_line' id='line_1_14' title="bbox 215 1421 1848 1505; baseline 0.009 -26"><span class='ocrx_word' id='word_1_205' title='bbox 215 1421 349 1480; x_wconf 88' lang='lat' dir='ltr'><strong>lieudum</strong></span> <span class='ocrx_word' id='word_1_206' title='bbox 360 1421 429 1484; x_wconf 73' lang='lat' dir='ltr'><strong>salii</strong></span> <span class='ocrx_word' id='word_1_207' title='bbox 443 1431 524 1484; x_wconf 88' lang='lat' dir='ltr'><strong>erant</strong></span> <span class='ocrx_word' id='word_1_208' title='bbox 538 1427 679 1488; x_wconf 85' lang='lat' dir='ltr'><strong>efficaces.</strong></span> <span class='ocrx_word' id='word_1_209' title='bbox 1054 1431 1254 1504; x_wconf 86' lang='lat' dir='ltr'><strong>deprecanda,</strong></span> <span class='ocrx_word' id='word_1_210' title='bbox 1266 1437 1293 1488; x_wconf 87' lang='lat' dir='ltr'><strong>et</strong></span> <span class='ocrx_word' id='word_1_211' title='bbox 1306 1431 1467 1488; x_wconf 80' lang='lat' dir='ltr'><strong>auterendo</strong></span> <span class='ocrx_word' id='word_1_212' title='bbox 1479 1432 1583 1505; x_wconf 81' lang='lat' dir='ltr'>plagas</span> <span class='ocrx_word' id='word_1_213' title='bbox 1593 1433 1621 1488; x_wconf 84' lang='lat' dir='ltr'><strong>ei</strong></span> <span class='ocrx_word' id='word_1_214' title='bbox 1633 1449 1651 1489; x_wconf 90' lang='lat' dir='ltr'><strong>a</strong></span> <span class='ocrx_word' id='word_1_215' title='bbox 1663 1437 1721 1491; x_wconf 85' lang='lat' dir='ltr'><strong>lieo</strong></span> <span class='ocrx_word' id='word_1_216' title='bbox 1734 1435 1848 1494; x_wconf 87' lang='lat' dir='ltr'><strong>immis-</strong></span> 
     </span>
     <span class='ocr_line' id='line_1_15' title="bbox 182 1511 1847 1590; baseline 0.007 -24"><span class='ocrx_word' id='word_1_217' title='bbox 182 1546 189 1566; x_wconf 91' lang='lat'><strong>.</strong></span> <span class='ocrx_word' id='word_1_218' title='bbox 251 1514 279 1570; x_wconf 88' lang='grc'><strong>9.</strong></span> <span class='ocrx_word' id='word_1_219' title='bbox 303 1511 440 1568; x_wconf 80' lang='lat' dir='ltr'><strong>Earuuru</strong></span> <span class='ocrx_word' id='word_1_220' title='bbox 461 1525 805 1586; x_wconf 54' lang='lat' dir='ltr'><strong>sarranium-quam</strong></span> <span class='ocrx_word' id='word_1_221' title='bbox 824 1528 927 1572; x_wconf 88' lang='lat' dir='ltr'><strong>omnes</strong></span> <span class='ocrx_word' id='word_1_222' title='bbox 945 1530 1010 1572; x_wconf 91' lang='lat' dir='ltr'><strong>om·</strong></span> <span class='ocrx_word' id='word_1_223' title='bbox 1053 1513 1196 1589; x_wconf 78' lang='lat' dir='ltr'><strong>sasiqui&#39;</strong></span> <span class='ocrx_word' id='word_1_224' title='bbox 1209 1519 1268 1572; x_wconf 92' lang='lat' dir='ltr'><strong>tres</strong></span> <span class='ocrx_word' id='word_1_225' title='bbox 1288 1515 1435 1572; x_wconf 90' lang='lat' dir='ltr'><strong>milliones</strong></span> <span class='ocrx_word' id='word_1_226' title='bbox 1456 1515 1666 1590; x_wconf 73' lang='lat' dir='ltr'><strong>Hebraeorum,</strong></span> <span class='ocrx_word' id='word_1_227' title='bbox 1688 1518 1847 1578; x_wconf 87' lang='lat' dir='ltr'><strong>hominum</strong></span> 
     </span>
     <span class='ocr_line' id='line_1_16' title="bbox 215 1594 1953 1678; baseline 0.003 -22"><span class='ocrx_word' id='word_1_228' title='bbox 215 1596 287 1656; x_wconf 91' lang='lat' dir='ltr'><strong>nino</strong></span> <span class='ocrx_word' id='word_1_229' title='bbox 301 1594 436 1652; x_wconf 83' lang='lat' dir='ltr'><strong>llcbroeos</strong></span> <span class='ocrx_word' id='word_1_230' title='bbox 454 1594 601 1651; x_wconf 85' lang='lat' dir='ltr'><strong>celebrare</strong></span> <span class='ocrx_word' id='word_1_231' title='bbox 613 1609 669 1666; x_wconf 90' lang='lat' dir='ltr'><strong>par</strong></span> <span class='ocrx_word' id='word_1_232' title='bbox 683 1601 742 1665; x_wconf 89' lang='lat' dir='ltr'><strong>est,</strong></span> <span class='ocrx_word' id='word_1_233' title='bbox 757 1597 886 1670; x_wconf 86' lang='lat' dir='ltr'><strong>ideoque</strong></span> <span class='ocrx_word' id='word_1_234' title='bbox 905 1613 1009 1655; x_wconf 88' lang='lat' dir='ltr'><strong>omnes</strong></span> <span class='ocrx_word' id='word_1_235' title='bbox 1053 1599 1210 1668; x_wconf 91' lang='lat' dir='ltr'><strong>durorum,</strong></span> <span class='ocrx_word' id='word_1_236' title='bbox 1222 1599 1377 1656; x_wconf 87' lang='lat' dir='ltr'><strong>rebellium</strong></span> <span class='ocrx_word' id='word_1_237' title='bbox 1389 1603 1417 1656; x_wconf 92' lang='lat' dir='ltr'><strong>et</strong></span> <span class='ocrx_word' id='word_1_238' title='bbox 1431 1599 1669 1670; x_wconf 89' lang='lat' dir='ltr'><strong>intractabilium,</strong></span> <span class='ocrx_word' id='word_1_239' title='bbox 1679 1617 1732 1674; x_wconf 88' lang='lat' dir='ltr'><strong>per</strong></span> <span class='ocrx_word' id='word_1_240' title='bbox 1746 1603 1781 1660; x_wconf 86' lang='grc'><strong>10</strong></span> <span class='ocrx_word' id='word_1_241' title='bbox 1794 1618 1848 1660; x_wconf 88' lang='lat' dir='ltr'><strong>an-</strong></span> <span class='ocrx_word' id='word_1_242' title='bbox 1950 1671 1953 1678; x_wconf 30' lang='lat'><em>¹</em></span> 
     </span>
     <span class='ocr_line' id='line_1_17' title="bbox 214 1677 1847 1757; baseline 0.001 -19"><span class='ocrx_word' id='word_1_243' title='bbox 214 1697 285 1740; x_wconf 87' lang='lat' dir='ltr'><strong>oues</strong></span> <span class='ocrx_word' id='word_1_244' title='bbox 298 1683 326 1736; x_wconf 90' lang='lat' dir='ltr'><strong>et</strong></span> <span class='ocrx_word' id='word_1_245' title='bbox 340 1682 471 1736; x_wconf 90' lang='lat' dir='ltr'><strong>armenta</strong></span> <span class='ocrx_word' id='word_1_246' title='bbox 483 1677 640 1744; x_wconf 82' lang='lat' dir='ltr'><strong>nobiscnm</strong></span> <span class='ocrx_word' id='word_1_247' title='bbox 659 1679 765 1735; x_wconf 88' lang='lat' dir='ltr'><strong>ducere</strong></span> <span class='ocrx_word' id='word_1_248' title='bbox 778 1679 922 1736; x_wconf 91' lang='lat' dir='ltr'><strong>debemus</strong></span> <span class='ocrx_word' id='word_1_249' title='bbox 935 1699 943 1736; x_wconf 76' lang='grc' dir='ltr'>ι</span> <span class='ocrx_word' id='word_1_250' title='bbox 958 1697 1010 1737; x_wconf 87' lang='lat' dir='ltr'><strong>ne-</strong></span> <span class='ocrx_word' id='word_1_251' title='bbox 1054 1697 1109 1738; x_wconf 90' lang='lat' dir='ltr'><strong>nos</strong></span> <span class='ocrx_word' id='word_1_252' title='bbox 1123 1684 1205 1739; x_wconf 89' lang='lat' dir='ltr'><strong>solus</strong></span> <span class='ocrx_word' id='word_1_253' title='bbox 1219 1682 1371 1751; x_wconf 90' lang='lat' dir='ltr'><strong>sustinuit,</strong></span> <span class='ocrx_word' id='word_1_254' title='bbox 1385 1683 1478 1756; x_wconf 88' lang='lat' dir='ltr'><strong>pavit,</strong></span> <span class='ocrx_word' id='word_1_255' title='bbox 1491 1683 1574 1752; x_wconf 83' lang='lat' dir='ltr'><strong>rexit,</strong></span> <span class='ocrx_word' id='word_1_256' title='bbox 1589 1683 1684 1753; x_wconf 85' lang='lat' dir='ltr'><strong>duxit,</strong></span> <span class='ocrx_word' id='word_1_257' title='bbox 1698 1687 1847 1757; x_wconf 76' lang='lat' dir='ltr'><strong>protexit?</strong></span> 
     </span>
     <span class='ocr_line' id='line_1_18' title="bbox 214 1761 1925 1840; baseline 0.003 -17"><span class='ocrx_word' id='word_1_258' title='bbox 214 1763 324 1824; x_wconf 88' lang='lat' dir='ltr'><strong>scimus</strong></span> <span class='ocrx_word' id='word_1_259' title='bbox 337 1761 417 1820; x_wconf 88' lang='lat' dir='ltr'><strong>enlm</strong></span> <span class='ocrx_word' id='word_1_260' title='bbox 430 1764 555 1834; x_wconf 76' lang='lat' dir='ltr'><strong>quaa,et</strong></span> <span class='ocrx_word' id='word_1_261' title='bbox 567 1762 642 1832; x_wconf 87' lang='lat' dir='ltr'><strong>quot</strong></span> <span class='ocrx_word' id='word_1_262' title='bbox 654 1763 712 1817; x_wconf 79' lang='lat' dir='ltr'><strong>lieo</strong></span> <span class='ocrx_word' id='word_1_263' title='bbox 727 1765 829 1817; x_wconf 87' lang='lat' dir='ltr'><strong>nostro</strong></span> <span class='ocrx_word' id='word_1_264' title='bbox 846 1761 1008 1820; x_wconf 83' lang='lat' dir='ltr'><strong>sacrificare</strong></span> <span class='ocrx_word' id='word_1_265' title='bbox 1054 1782 1124 1824; x_wconf 90' lang='lat' dir='ltr'><strong>sane</strong></span> <span class='ocrx_word' id='word_1_266' title='bbox 1138 1767 1201 1840; x_wconf 90' lang='lat' dir='ltr'><strong>ipse</strong></span> <span class='ocrx_word' id='word_1_267' title='bbox 1215 1767 1441 1837; x_wconf 83' lang='lat' dir='ltr'><strong>elangelus,et</strong></span> <span class='ocrx_word' id='word_1_268' title='bbox 1461 1769 1536 1824; x_wconf 85' lang='lat' dir='ltr'><strong>Deus</strong></span> <span class='ocrx_word' id='word_1_269' title='bbox 1554 1765 1625 1838; x_wconf 90' lang='lat' dir='ltr'><strong>luit,</strong></span> <span class='ocrx_word' id='word_1_270' title='bbox 1639 1773 1701 1824; x_wconf 86' lang='lat' dir='ltr'><strong>tam</strong></span> <span class='ocrx_word' id='word_1_271' title='bbox 1718 1769 1847 1827; x_wconf 87' lang='lat' dir='ltr'><strong>Pharao·</strong></span> <span class='ocrx_word' id='word_1_272' title='bbox 1917 1822 1925 1835; x_wconf 84' lang='grc'><strong>,</strong></span> 
     </span>
     <span class='ocr_line' id='line_1_19' title="bbox 214 1845 1845 1924; baseline 0.002 -18"><span class='ocrx_word' id='word_1_273' title='bbox 214 1851 365 1922; x_wconf 83' lang='lat' dir='ltr'><strong>oporteat,</strong></span> <span class='ocrx_word' id='word_1_274' title='bbox 374 1859 479 1918; x_wconf 79' lang='lat' dir='ltr'><strong>quave</strong></span> <span class='ocrx_word' id='word_1_275' title='bbox 491 1847 519 1899; x_wconf 87' lang='lat' dir='ltr'><strong>ei</strong></span> <span class='ocrx_word' id='word_1_276' title='bbox 528 1845 629 1916; x_wconf 87' lang='lat' dir='ltr'><strong>qualia</strong></span> <span class='ocrx_word' id='word_1_277' title='bbox 641 1847 714 1900; x_wconf 86' lang='lat' dir='ltr'><strong>Deus</strong></span> <span class='ocrx_word' id='word_1_278' title='bbox 726 1845 892 1901; x_wconf 89' lang='lat' dir='ltr'><strong>delecturus</strong></span> <span class='ocrx_word' id='word_1_279' title='bbox 902 1851 930 1904; x_wconf 89' lang='lat' dir='ltr'><strong>et</strong></span> <span class='ocrx_word' id='word_1_280' title='bbox 940 1863 1008 1918; x_wconf 88' lang='lat' dir='ltr'><strong>pos·</strong></span> <span class='ocrx_word' id='word_1_281' title='bbox 1052 1850 1116 1918; x_wconf 83' lang='lat' dir='ltr'><strong>nie,</strong></span> <span class='ocrx_word' id='word_1_282' title='bbox 1131 1866 1222 1922; x_wconf 88' lang='lat' dir='ltr'><strong>quam</strong></span> <span class='ocrx_word' id='word_1_283' title='bbox 1237 1849 1441 1920; x_wconf 83' lang='lat' dir='ltr'><strong>Hebraeorum,</strong></span> <span class='ocrx_word' id='word_1_284' title='bbox 1455 1853 1489 1906; x_wconf 91' lang='lat' dir='ltr'><strong>ut</strong></span> <span class='ocrx_word' id='word_1_285' title='bbox 1502 1849 1563 1906; x_wconf 84' lang='lat' dir='ltr'><strong>dixi</strong></span> <span class='ocrx_word' id='word_1_286' title='bbox 1577 1867 1642 1924; x_wconf 89' lang='lat' dir='ltr'><strong>cap.</strong></span> <span class='ocrx_word' id='word_1_287' title='bbox 1659 1866 1709 1920; x_wconf 88' lang='grc' dir='ltr'>ιιι,</span> <span class='ocrx_word' id='word_1_288' title='bbox 1728 1868 1801 1908; x_wconf 80' lang='lat' dir='ltr'><strong>vers.</strong></span> <span class='ocrx_word' id='word_1_289' title='bbox 1817 1857 1845 1909; x_wconf 86' lang='grc'><strong>1.</strong></span> 
     </span>
     <span class='ocr_line' id='line_1_20' title="bbox 213 1926 1846 2004; baseline 0.002 -16"><span class='ocrx_word' id='word_1_290' title='bbox 213 1931 360 1990; x_wconf 86' lang='lat' dir='ltr'><strong>trulaturus</strong></span> <span class='ocrx_word' id='word_1_291' title='bbox 373 1929 420 1986; x_wconf 89' lang='lat' dir='ltr'><strong>sit.</strong></span> <span class='ocrx_word' id='word_1_292' title='bbox 437 1929 543 1982; x_wconf 79' lang='lat' dir='ltr'><strong>Verum</strong></span> <span class='ocrx_word' id='word_1_293' title='bbox 557 1926 674 1983; x_wconf 90' lang='lat' dir='ltr'><strong>dicebat</strong></span> <span class='ocrx_word' id='word_1_294' title='bbox 687 1928 779 1983; x_wconf 89' lang='lat' dir='ltr'><strong>ltoses</strong></span> <span class='ocrx_word' id='word_1_295' title='bbox 790 1945 797 1981; x_wconf 93' lang='lat'>:</span> <span class='ocrx_word' id='word_1_296' title='bbox 809 1929 1009 1988; x_wconf 78' lang='lat' dir='ltr'><strong>avocabantur</strong></span> <span class='ocrx_word' id='word_1_297' title='bbox 1089 1933 1229 1990; x_wconf 87' lang='lat' dir='ltr'><strong>Patientia</strong></span> <span class='ocrx_word' id='word_1_298' title='bbox 1248 1949 1319 2004; x_wconf 87' lang='lat' dir='ltr'><strong>ergo</strong></span> <span class='ocrx_word' id='word_1_299' title='bbox 1330 1934 1432 2003; x_wconf 77' lang='lat' dir='ltr'><strong>iuncta</strong></span> <span class='ocrx_word' id='word_1_300' title='bbox 1443 1933 1603 1990; x_wconf 79' lang='lat' dir='ltr'><strong>clementiae</strong></span> <span class='ocrx_word' id='word_1_301' title='bbox 1617 1934 1769 1991; x_wconf 87' lang='lat' dir='ltr'><strong>hominem</strong></span> <span class='ocrx_word' id='word_1_302' title='bbox 1783 1935 1846 1992; x_wconf 86' lang='lat' dir='ltr'><strong>cffi-</strong></span> 
     </span>
     <span class='ocr_line' id='line_1_21' title="bbox 213 2010 1843 2088; baseline 0.002 -17"><span class='ocrx_word' id='word_1_303' title='bbox 213 2015 292 2072; x_wconf 87' lang='lat' dir='ltr'><strong>anim</strong></span> <span class='ocrx_word' id='word_1_304' title='bbox 306 2029 325 2070; x_wconf 90' lang='lat' dir='ltr'><strong>a</strong></span> <span class='ocrx_word' id='word_1_305' title='bbox 338 2013 397 2070; x_wconf 87' lang='lat' dir='ltr'><strong>Deo</strong></span> <span class='ocrx_word' id='word_1_306' title='bbox 410 2010 522 2068; x_wconf 78' lang='lat' dir='ltr'><strong>Hebraei</strong></span> <span class='ocrx_word' id='word_1_307' title='bbox 543 2010 583 2066; x_wconf 89' lang='lat' dir='ltr'><strong>ad</strong></span> <span class='ocrx_word' id='word_1_308' title='bbox 603 2011 751 2080; x_wconf 77' lang='lat' dir='ltr'><strong>agendam</strong></span> <span class='ocrx_word' id='word_1_309' title='bbox 765 2011 961 2070; x_wconf 86' lang='lat' dir='ltr'><strong>celebritatem</strong></span> <span class='ocrx_word' id='word_1_310' title='bbox 976 2015 1008 2072; x_wconf 89' lang='lat' dir='ltr'><strong>in</strong></span> <span class='ocrx_word' id='word_1_311' title='bbox 1052 2015 1090 2072; x_wconf 89' lang='lat' dir='ltr'><strong>cit</strong></span> <span class='ocrx_word' id='word_1_312' title='bbox 1110 2015 1291 2088; x_wconf 88' lang='lat' dir='ltr'><strong>sapientem,</strong></span> <span class='ocrx_word' id='word_1_313' title='bbox 1308 2016 1472 2084; x_wconf 85' lang='lat' dir='ltr'><strong>excelsum,</strong></span> <span class='ocrx_word' id='word_1_314' title='bbox 1495 2016 1678 2085; x_wconf 82' lang='lat' dir='ltr'><strong>angelicum,</strong></span> <span class='ocrx_word' id='word_1_315' title='bbox 1698 2017 1843 2074; x_wconf 86' lang='lat' dir='ltr'><strong>diuinum.</strong></span> 
     </span>
     <span class='ocr_line' id='line_1_22' title="bbox 213 2094 1958 2171; baseline 0.003 -17"><span class='ocrx_word' id='word_1_316' title='bbox 213 2101 314 2154; x_wconf 87' lang='lat' dir='ltr'><strong>monte</strong></span> <span class='ocrx_word' id='word_1_317' title='bbox 326 2097 410 2160; x_wconf 91' lang='lat' dir='ltr'><strong>Sina,</strong></span> <span class='ocrx_word' id='word_1_318' title='bbox 424 2095 478 2151; x_wconf 90' lang='lat' dir='ltr'><strong>ubi</strong></span> <span class='ocrx_word' id='word_1_319' title='bbox 497 2095 606 2150; x_wconf 89' lang='lat' dir='ltr'><strong>multas</strong></span> <span class='ocrx_word' id='word_1_320' title='bbox 620 2094 814 2152; x_wconf 89' lang='lat' dir='ltr'><strong>immolarunt</strong></span> <span class='ocrx_word' id='word_1_321' title='bbox 829 2096 961 2154; x_wconf 88' lang='lat' dir='ltr'><strong>uictimas</strong></span> <span class='ocrx_word' id='word_1_322' title='bbox 976 2099 1009 2156; x_wconf 89' lang='lat' dir='ltr'><strong>in</strong></span> <span class='ocrx_word' id='word_1_323' title='bbox 1052 2097 1193 2154; x_wconf 89' lang='lat' dir='ltr'><strong>Viderunt</strong></span> <span class='ocrx_word' id='word_1_324' title='bbox 1216 2099 1247 2154; x_wconf 89' lang='lat' dir='ltr'><strong>id</strong></span> <span class='ocrx_word' id='word_1_325' title='bbox 1270 2113 1392 2171; x_wconf 88' lang='lat' dir='ltr'><strong>quoque</strong></span> <span class='ocrx_word' id='word_1_326' title='bbox 1411 2114 1466 2170; x_wconf 92' lang='lat' dir='ltr'><strong>per</strong></span> <span class='ocrx_word' id='word_1_327' title='bbox 1487 2098 1624 2155; x_wconf 86' lang='lat' dir='ltr'><strong>umbram</strong></span> <span class='ocrx_word' id='word_1_328' title='bbox 1645 2101 1779 2158; x_wconf 85' lang='lat' dir='ltr'><strong>Gentiles.</strong></span> <span class='ocrx_word' id='word_1_329' title='bbox 1804 2105 1846 2158; x_wconf 92' lang='lat' dir='ltr'><strong>lta</strong></span> <span class='ocrx_word' id='word_1_330' title='bbox 1863 2121 1958 2168; x_wconf 66' lang='lat' dir='ltr'><strong>aranee</strong></span> 
     </span>
     <span class='ocr_line' id='line_1_23' title="bbox 212 2177 1964 2252; baseline 0.002 -14"><span class='ocrx_word' id='word_1_331' title='bbox 212 2179 436 2240; x_wconf 85' lang='lat' dir='ltr'><strong>confirmatione</strong></span> <span class='ocrx_word' id='word_1_332' title='bbox 454 2177 543 2248; x_wconf 90' lang='lat' dir='ltr'><strong>legis,</strong></span> <span class='ocrx_word' id='word_1_333' title='bbox 562 2177 747 2234; x_wconf 86' lang='lat' dir='ltr'><strong>dedicatione</strong></span> <span class='ocrx_word' id='word_1_334' title='bbox 766 2178 966 2251; x_wconf 88' lang='lat' dir='ltr'><strong>tabernaculi,</strong></span> <span class='ocrx_word' id='word_1_335' title='bbox 979 2186 1008 2238; x_wconf 88' lang='lat' dir='ltr'><strong>et</strong></span> <span class='ocrx_word' id='word_1_336' title='bbox 1052 2182 1133 2240; x_wconf 90' lang='lat' dir='ltr'><strong>Plato</strong></span> <span class='ocrx_word' id='word_1_337' title='bbox 1147 2183 1178 2238; x_wconf 94' lang='lat' dir='ltr'><strong>in</strong></span> <span class='ocrx_word' id='word_1_338' title='bbox 1192 2180 1312 2252; x_wconf 79' lang='lat' dir='ltr'><strong>dialogo</strong></span> <span class='ocrx_word' id='word_1_339' title='bbox 1330 2183 1378 2238; x_wconf 92' lang='lat' dir='ltr'><strong>oui</strong></span> <span class='ocrx_word' id='word_1_340' title='bbox 1391 2197 1501 2238; x_wconf 90' lang='lat' dir='ltr'><strong>nomen</strong></span> <span class='ocrx_word' id='word_1_341' title='bbox 1516 2183 1893 2248; x_wconf 60' lang='grc' dir='ltr'><strong>61110,δοειιιῐειιιᾱίι-ῖῑ1</strong></span> <span class='ocrx_word' id='word_1_342' title='bbox 1939 2186 1964 2232; x_wconf 78' lang='lat' dir='ltr'><strong>aa</strong></span> 
     </span>
     <span class='ocr_line' id='line_1_24' title="bbox 215 2245 1954 2362; baseline 0.001 -40"><span class='ocrx_word' id='word_1_343' title='bbox 215 2263 400 2322; x_wconf 84' lang='lat' dir='ltr'><strong>sacerdotum</strong></span> <span class='ocrx_word' id='word_1_344' title='bbox 418 2259 656 2330; x_wconf 88' lang='lat' dir='ltr'><strong>consecratione,</strong></span> <span class='ocrx_word' id='word_1_345' title='bbox 675 2263 708 2316; x_wconf 95' lang='lat' dir='ltr'><strong>ut</strong></span> <span class='ocrx_word' id='word_1_346' title='bbox 725 2263 806 2332; x_wconf 89' lang='lat' dir='ltr'><strong>patet</strong></span> <span class='ocrx_word' id='word_1_347' title='bbox 819 2277 884 2336; x_wconf 88' lang='lat' dir='ltr'><strong>cap.</strong></span> <span class='ocrx_word' id='word_1_348' title='bbox 899 2278 965 2320; x_wconf 85' lang='grc' dir='ltr'>ιιιι</span> <span class='ocrx_word' id='word_1_349' title='bbox 979 2270 1008 2322; x_wconf 89' lang='lat' dir='ltr'><strong>et</strong></span> <span class='ocrx_word' id='word_1_350' title='bbox 1052 2271 1195 2323; x_wconf 87' lang='lat' dir='ltr'><strong>serentem</strong></span> <span class='ocrx_word' id='word_1_351' title='bbox 1225 2263 1359 2321; x_wconf 87' lang='lat' dir='ltr'><strong>inducit:</strong></span> <span class='ocrx_word' id='word_1_352' title='bbox 1379 2283 1392 2316; x_wconf 83' lang='lat' dir='ltr'><strong>u</strong></span> <span class='ocrx_word' id='word_1_353' title='bbox 1414 2265 1500 2322; x_wconf 88' lang='lat' dir='ltr'><strong>Nullo</strong></span> <span class='ocrx_word' id='word_1_354' title='bbox 1523 2265 1615 2334; x_wconf 82' lang='lat' dir='ltr'><strong>modo</strong></span> <span class='ocrx_word' id='word_1_355' title='bbox 1640 2265 1844 2338; x_wconf 87' lang='lat' dir='ltr'><strong>injuriandum</strong></span> <span class='ocrx_word' id='word_1_356' title='bbox 1863 2245 1954 2362; x_wconf 42' lang='grc' dir='ltr'><strong>ἐξὲξ.</strong></span> 
     </span>
     <span class='ocr_line' id='line_1_25' title="bbox 214 2341 1845 2424; baseline 0.002 -19"><span class='ocrx_word' id='word_1_357' title='bbox 214 2359 299 2417; x_wconf 67' lang='lat' dir='ltr'><strong>xxm</strong></span> <span class='ocrx_word' id='word_1_358' title='bbox 314 2345 406 2402; x_wconf 90' lang='lat' dir='ltr'><strong>multu</strong></span> <span class='ocrx_word' id='word_1_359' title='bbox 420 2348 518 2400; x_wconf 87' lang='lat' dir='ltr'><strong>tamen</strong></span> <span class='ocrx_word' id='word_1_360' title='bbox 529 2343 577 2400; x_wconf 91' lang='lat' dir='ltr'><strong>hio</strong></span> <span class='ocrx_word' id='word_1_361' title='bbox 589 2341 714 2400; x_wconf 89' lang='lat' dir='ltr'><strong>subticet</strong></span> <span class='ocrx_word' id='word_1_362' title='bbox 727 2345 830 2415; x_wconf 87' lang='lat' dir='ltr'><strong>lloses,</strong></span> <span class='ocrx_word' id='word_1_363' title='bbox 843 2361 909 2418; x_wconf 82' lang='lat' dir='ltr'><strong>qum</strong></span> <span class='ocrx_word' id='word_1_364' title='bbox 921 2345 1009 2406; x_wconf 87' lang='lat' dir='ltr'><strong>silero</strong></span> <span class='ocrx_word' id='word_1_365' title='bbox 1052 2353 1110 2418; x_wconf 88' lang='lat' dir='ltr'><strong>est,</strong></span> <span class='ocrx_word' id='word_1_366' title='bbox 1125 2363 1223 2421; x_wconf 86' lang='lat' dir='ltr'><strong>neque</strong></span> <span class='ocrx_word' id='word_1_367' title='bbox 1240 2347 1461 2418; x_wconf 86' lang='lat' dir='ltr'><strong>ulciscendum,</strong></span> <span class='ocrx_word' id='word_1_368' title='bbox 1477 2348 1680 2420; x_wconf 81' lang='lat' dir='ltr'><strong>quidcumque</strong></span> <span class='ocrx_word' id='word_1_369' title='bbox 1697 2351 1760 2422; x_wconf 90' lang='lat' dir='ltr'><strong>ipse</strong></span> <span class='ocrx_word' id='word_1_370' title='bbox 1777 2367 1845 2424; x_wconf 88' lang='lat' dir='ltr'><strong>pas-</strong></span> 
     </span>
     <span class='ocr_line' id='line_1_26' title="bbox 214 2424 1846 2502; baseline 0.001 -14"><span class='ocrx_word' id='word_1_371' title='bbox 214 2424 459 2502; x_wconf 80' lang='lat' dir='ltr'><strong>eratprudentioe.</strong></span> <span class='ocrx_word' id='word_1_372' title='bbox 1052 2446 1102 2491; x_wconf 81' lang='lat' dir='ltr'><strong>sus</strong></span> <span class='ocrx_word' id='word_1_373' title='bbox 1122 2429 1249 2488; x_wconf 77' lang='lat' dir='ltr'><strong>tuerit.»</strong></span> <span class='ocrx_word' id='word_1_374' title='bbox 1272 2432 1305 2486; x_wconf 86' lang='lat' dir='ltr'><strong>Et</strong></span> <span class='ocrx_word' id='word_1_375' title='bbox 1327 2431 1514 2502; x_wconf 87' lang='lat' dir='ltr'><strong>Plutarchus,</strong></span> <span class='ocrx_word' id='word_1_376' title='bbox 1531 2432 1584 2487; x_wconf 93' lang='lat' dir='ltr'><strong>lib.</strong></span> <span class='ocrx_word' id='word_1_377' title='bbox 1603 2435 1642 2487; x_wconf 87' lang='lat' dir='ltr'><strong>De</strong></span> <span class='ocrx_word' id='word_1_378' title='bbox 1666 2435 1793 2490; x_wconf 83' lang='lat' dir='ltr'><strong>Utilitote</strong></span> <span class='ocrx_word' id='word_1_379' title='bbox 1811 2437 1846 2490; x_wconf 84' lang='lat' dir='ltr'><strong>ab</strong></span> 
     </span>
     <span class='ocr_line' id='line_1_27' title="bbox 95 2513 1845 2588; baseline 0.003 -19.691"><span class='ocrx_word' id='word_1_380' title='bbox 95 2525 201 2570; x_wconf 67' lang='grc' dir='ltr'>ιιι-ιιι.</span> <span class='ocrx_word' id='word_1_381' title='bbox 250 2517 295 2573; x_wconf 84' lang='lat' dir='ltr'><strong>td.</strong></span> <span class='ocrx_word' id='word_1_382' title='bbox 314 2515 359 2570; x_wconf 81' lang='lat' dir='ltr'><strong>Sic</strong></span> <span class='ocrx_word' id='word_1_383' title='bbox 379 2514 505 2570; x_wconf 84' lang='lat' dir='ltr'><strong>Douruus</strong></span> <span class='ocrx_word' id='word_1_384' title='bbox 523 2527 567 2571; x_wconf 85' lang='lat' dir='ltr'><strong>err</strong></span> <span class='ocrx_word' id='word_1_385' title='bbox 586 2526 734 2572; x_wconf 80' lang='lat' dir='ltr'><strong>roarscuu.</strong></span> <span class='ocrx_word' id='word_1_386' title='bbox 747 2516 1008 2588; x_wconf 74' lang='lat' dir='ltr'><strong>-Estmycteris</strong></span> <span class='ocrx_word' id='word_1_387' title='bbox 1051 2516 1172 2570; x_wconf 78' lang='lat' dir='ltr'><strong>inimicis</strong></span> <span class='ocrx_word' id='word_1_388' title='bbox 1183 2513 1316 2584; x_wconf 78' lang='lat' dir='ltr'><strong>capiendo</strong></span> <span class='ocrx_word' id='word_1_389' title='bbox 1329 2531 1338 2568; x_wconf 77' lang='grc' dir='ltr'>ι</span> <span class='ocrx_word' id='word_1_390' title='bbox 1353 2513 1495 2582; x_wconf 70' lang='lat' dir='ltr'><strong>adorata,</strong></span> <span class='ocrx_word' id='word_1_391' title='bbox 1509 2513 1620 2586; x_wconf 88' lang='lat' dir='ltr'><strong>inquit,</strong></span> <span class='ocrx_word' id='word_1_392' title='bbox 1632 2516 1785 2573; x_wconf 89' lang='lat' dir='ltr'><strong>occasione</strong></span> <span class='ocrx_word' id='word_1_393' title='bbox 1800 2518 1845 2574; x_wconf 91' lang='lat' dir='ltr'><strong>ul-</strong></span> 
     </span>
     <span class='ocr_line' id='line_1_28' title="bbox 94 2584 1846 2691; baseline 0.002 -37"><span class='ocrx_word' id='word_1_394' title='bbox 94 2584 204 2691; x_wconf 53' lang='grc' dir='ltr'><strong>1111ῑὲἑῖ</strong></span> <span class='ocrx_word' id='word_1_395' title='bbox 216 2613 301 2668; x_wconf 86' lang='lat' dir='ltr'><strong>mus,</strong></span> <span class='ocrx_word' id='word_1_396' title='bbox 317 2595 420 2664; x_wconf 86' lang='lat' dir='ltr'><strong>idest,</strong></span> <span class='ocrx_word' id='word_1_397' title='bbox 434 2611 531 2652; x_wconf 88' lang='lat' dir='ltr'><strong>sermo</strong></span> <span class='ocrx_word' id='word_1_398' title='bbox 552 2611 620 2652; x_wconf 87' lang='lat' dir='ltr'><strong>curn</strong></span> <span class='ocrx_word' id='word_1_399' title='bbox 636 2612 709 2652; x_wconf 89' lang='lat' dir='ltr'><strong>naso</strong></span> <span class='ocrx_word' id='word_1_400' title='bbox 727 2600 755 2653; x_wconf 92' lang='lat' dir='ltr'><strong>et</strong></span> <span class='ocrx_word' id='word_1_401' title='bbox 770 2611 881 2667; x_wconf 90' lang='lat' dir='ltr'><strong>sanna,</strong></span> <span class='ocrx_word' id='word_1_402' title='bbox 896 2597 956 2656; x_wconf 87' lang='lat' dir='ltr'><strong>sive</strong></span> <span class='ocrx_word' id='word_1_403' title='bbox 970 2599 1008 2656; x_wconf 90' lang='lat' dir='ltr'><strong>si·</strong></span> <span class='ocrx_word' id='word_1_404' title='bbox 1051 2597 1180 2655; x_wconf 87' lang='lat' dir='ltr'><strong>ciscendi</strong></span> <span class='ocrx_word' id='word_1_405' title='bbox 1191 2595 1359 2666; x_wconf 89' lang='lat' dir='ltr'><strong>inimicum,</strong></span> <span class='ocrx_word' id='word_1_406' title='bbox 1372 2612 1440 2652; x_wconf 87' lang='lat' dir='ltr'><strong>cunr</strong></span> <span class='ocrx_word' id='word_1_407' title='bbox 1455 2596 1578 2654; x_wconf 86' lang='lat' dir='ltr'><strong>missum</strong></span> <span class='ocrx_word' id='word_1_408' title='bbox 1591 2595 1700 2667; x_wconf 85' lang='lat' dir='ltr'><strong>iacere,</strong></span> <span class='ocrx_word' id='word_1_409' title='bbox 1713 2601 1846 2672; x_wconf 88' lang='lat' dir='ltr'><strong>oequani·</strong></span> 
     </span>
     <span class='ocr_line' id='line_1_29' title="bbox 95 2659 1846 2757; baseline 0.001 -18"><span class='ocrx_word' id='word_1_410' title='bbox 95 2659 174 2757; x_wconf 39' lang='grc' dir='ltr'>ᾗ</span> <span class='ocrx_word' id='word_1_411' title='bbox 215 2682 343 2740; x_wconf 88' lang='lat' dir='ltr'><strong>mutatus</strong></span> <span class='ocrx_word' id='word_1_412' title='bbox 357 2679 452 2749; x_wconf 89' lang='lat' dir='ltr'><strong>risus,</strong></span> <span class='ocrx_word' id='word_1_413' title='bbox 467 2681 519 2736; x_wconf 88' lang='lat' dir='ltr'><strong>sed</strong></span> <span class='ocrx_word' id='word_1_414' title='bbox 533 2683 631 2736; x_wconf 89' lang='lat' dir='ltr'><strong>tamen</strong></span> <span class='ocrx_word' id='word_1_415' title='bbox 652 2694 713 2737; x_wconf 90' lang='lat' dir='ltr'><strong>aon</strong></span> <span class='ocrx_word' id='word_1_416' title='bbox 726 2679 835 2749; x_wconf 88' lang='lat' dir='ltr'><strong>latens,</strong></span> <span class='ocrx_word' id='word_1_417' title='bbox 852 2684 925 2751; x_wconf 90' lang='lat' dir='ltr'><strong>puta</strong></span> <span class='ocrx_word' id='word_1_418' title='bbox 938 2681 1008 2739; x_wconf 84' lang='lat' dir='ltr'><strong>sub·</strong></span> <span class='ocrx_word' id='word_1_419' title='bbox 1050 2679 1159 2736; x_wconf 74' lang='lat' dir='ltr'><strong>utitatis</strong></span> <span class='ocrx_word' id='word_1_420' title='bbox 1171 2679 1295 2752; x_wconf 77' lang='lat' dir='ltr'><strong>estrqui</strong></span> <span class='ocrx_word' id='word_1_421' title='bbox 1305 2694 1376 2736; x_wconf 86' lang='lat' dir='ltr'><strong>uero</strong></span> <span class='ocrx_word' id='word_1_422' title='bbox 1385 2684 1414 2735; x_wconf 91' lang='lat' dir='ltr'><strong>et</strong></span> <span class='ocrx_word' id='word_1_423' title='bbox 1425 2679 1579 2736; x_wconf 86' lang='lat' dir='ltr'><strong>miseratur</strong></span> <span class='ocrx_word' id='word_1_424' title='bbox 1588 2679 1743 2738; x_wconf 89' lang='lat' dir='ltr'><strong>inimicum</strong></span> <span class='ocrx_word' id='word_1_425' title='bbox 1752 2683 1846 2741; x_wconf 79' lang='lat' dir='ltr'><strong>atilio·</strong></span> 
     </span>
     <span class='ocr_line' id='line_1_30' title="bbox 214 2757 1843 2836; baseline 0.001 -13"><span class='ocrx_word' id='word_1_426' title='bbox 214 2757 348 2824; x_wconf 77' lang='lat' dir='ltr'><strong>sannatia</strong></span> <span class='ocrx_word' id='word_1_427' title='bbox 362 2780 431 2822; x_wconf 91' lang='lat' dir='ltr'><strong>cum</strong></span> <span class='ocrx_word' id='word_1_428' title='bbox 442 2765 634 2836; x_wconf 84' lang='lat' dir='ltr'><strong>suspensione</strong></span> <span class='ocrx_word' id='word_1_429' title='bbox 649 2764 713 2820; x_wconf 93' lang='lat' dir='ltr'><strong>nasi</strong></span> <span class='ocrx_word' id='word_1_430' title='bbox 722 2783 731 2833; x_wconf 92' lang='lat'>;</span> <span class='ocrx_word' id='word_1_431' title='bbox 743 2763 806 2834; x_wconf 85' lang='lat' dir='ltr'><strong>jam</strong></span> <span class='ocrx_word' id='word_1_432' title='bbox 820 2778 923 2820; x_wconf 90' lang='lat' dir='ltr'><strong>sensus</strong></span> <span class='ocrx_word' id='word_1_433' title='bbox 939 2770 982 2823; x_wconf 87' lang='lat' dir='ltr'><strong>ast</strong></span> <span class='ocrx_word' id='word_1_434' title='bbox 997 2783 1006 2824; x_wconf 75' lang='grc' dir='ltr'><em>τ</em></span> <span class='ocrx_word' id='word_1_435' title='bbox 1050 2768 1130 2834; x_wconf 90' lang='lat' dir='ltr'><strong>tum,</strong></span> <span class='ocrx_word' id='word_1_436' title='bbox 1145 2766 1173 2819; x_wconf 87' lang='lat' dir='ltr'><strong>ct</strong></span> <span class='ocrx_word' id='word_1_437' title='bbox 1187 2777 1275 2836; x_wconf 91' lang='lat' dir='ltr'><strong>opem</strong></span> <span class='ocrx_word' id='word_1_438' title='bbox 1288 2762 1344 2819; x_wconf 88' lang='lat' dir='ltr'><strong>lert</strong></span> <span class='ocrx_word' id='word_1_439' title='bbox 1357 2762 1515 2834; x_wconf 83' lang='lat' dir='ltr'><strong>indigenti,</strong></span> <span class='ocrx_word' id='word_1_440' title='bbox 1529 2763 1608 2819; x_wconf 92' lang='lat' dir='ltr'><strong>hunc</strong></span> <span class='ocrx_word' id='word_1_441' title='bbox 1623 2780 1726 2822; x_wconf 88' lang='lat' dir='ltr'><strong>ornnes</strong></span> <span class='ocrx_word' id='word_1_442' title='bbox 1741 2771 1843 2826; x_wconf 88' lang='lat' dir='ltr'><strong>amant</strong></span> 
     </span>
     <span class='ocr_line' id='line_1_31' title="bbox 213 2845 1880 2919; baseline -0.006 -11"><span class='ocrx_word' id='word_1_443' title='bbox 213 2851 258 2908; x_wconf 86' lang='lat' dir='ltr'><strong>Sic</strong></span> <span class='ocrx_word' id='word_1_444' title='bbox 270 2851 344 2906; x_wconf 87' lang='lat' dir='ltr'><strong>Deus</strong></span> <span class='ocrx_word' id='word_1_445' title='bbox 353 2863 408 2905; x_wconf 84' lang='lat' dir='ltr'><strong>uos</strong></span> <span class='ocrx_word' id='word_1_446' title='bbox 419 2847 547 2918; x_wconf 85' lang='lat' dir='ltr'><strong>adjuvet,</strong></span> <span class='ocrx_word' id='word_1_447' title='bbox 557 2847 632 2903; x_wconf 89' lang='lat' dir='ltr'><strong>siout</strong></span> <span class='ocrx_word' id='word_1_448' title='bbox 642 2862 698 2918; x_wconf 87' lang='lat' dir='ltr'><strong>ego</strong></span> <span class='ocrx_word' id='word_1_449' title='bbox 708 2847 853 2903; x_wconf 88' lang='lat' dir='ltr'><strong>dimittam</strong></span> <span class='ocrx_word' id='word_1_450' title='bbox 862 2863 928 2918; x_wconf 80' lang='lat' dir='ltr'><strong>uos,</strong></span> <span class='ocrx_word' id='word_1_451' title='bbox 938 2866 965 2919; x_wconf 78' lang='lat' dir='ltr'><strong>q.</strong></span> <span class='ocrx_word' id='word_1_452' title='bbox 976 2849 1006 2907; x_wconf 81' lang='lat' dir='ltr'><strong>ct.</strong></span> <span class='ocrx_word' id='word_1_453' title='bbox 1050 2851 1079 2904; x_wconf 90' lang='lat' dir='ltr'><strong>et</strong></span> <span class='ocrx_word' id='word_1_454' title='bbox 1089 2847 1224 2916; x_wconf 90' lang='lat' dir='ltr'><strong>laudant,</strong></span> <span class='ocrx_word' id='word_1_455' title='bbox 1234 2846 1275 2904; x_wconf 94' lang='lat' dir='ltr'><strong>ob</strong></span> <span class='ocrx_word' id='word_1_456' title='bbox 1287 2845 1378 2902; x_wconf 90' lang='lat' dir='ltr'><strong>animi</strong></span> <span class='ocrx_word' id='word_1_457' title='bbox 1389 2846 1602 2902; x_wconf 89' lang='lat' dir='ltr'><strong>humanitatem</strong></span> <span class='ocrx_word' id='word_1_458' title='bbox 1612 2852 1640 2904; x_wconf 89' lang='lat' dir='ltr'><strong>ot</strong></span> <span class='ocrx_word' id='word_1_459' title='bbox 1650 2847 1840 2905; x_wconf 74' lang='lat' dir='ltr'><strong>bonitatem.»</strong></span> <span class='ocrx_word' id='word_1_460' title='bbox 1876 2891 1880 2898; x_wconf 93' lang='lat'><strong>.</strong></span> 
     </span>
     <span class='ocr_line' id='line_1_32' title="bbox 213 2929 1845 3004; baseline -0.001 -15"><span class='ocrx_word' id='word_1_461' title='bbox 213 2933 298 2989; x_wconf 89' lang='lat' dir='ltr'><strong>Nullo</strong></span> <span class='ocrx_word' id='word_1_462' title='bbox 312 2932 404 2988; x_wconf 90' lang='lat' dir='ltr'><strong>modo</strong></span> <span class='ocrx_word' id='word_1_463' title='bbox 423 2946 477 2987; x_wconf 84' lang='lat' dir='ltr'><strong>voe</strong></span> <span class='ocrx_word' id='word_1_464' title='bbox 494 2929 664 3001; x_wconf 81' lang='lat' dir='ltr'><strong>adjuvabit,</strong></span> <span class='ocrx_word' id='word_1_465' title='bbox 679 2929 728 2986; x_wconf 87' lang='lat' dir='ltr'><strong>vel</strong></span> <span class='ocrx_word' id='word_1_466' title='bbox 741 2931 882 3002; x_wconf 81' lang='lat' dir='ltr'><strong>adjuvare</strong></span> <span class='ocrx_word' id='word_1_467' title='bbox 899 2930 1008 3004; x_wconf 85' lang='lat' dir='ltr'><strong>poterit</strong></span> <span class='ocrx_word' id='word_1_468' title='bbox 1051 2929 1121 2986; x_wconf 87' lang='lat' dir='ltr'><strong>ilino</strong></span> <span class='ocrx_word' id='word_1_469' title='bbox 1130 2931 1272 3000; x_wconf 82' lang='lat' dir='ltr'><strong>Diogenes</strong></span> <span class='ocrx_word' id='word_1_470' title='bbox 1282 2933 1419 3000; x_wconf 84' lang='lat' dir='ltr'><strong>rogatus:</strong></span> <span class='ocrx_word' id='word_1_471' title='bbox 1435 2931 1592 2996; x_wconf 83' lang='lat' dir='ltr'><strong>Quomodo</strong></span> <span class='ocrx_word' id='word_1_472' title='bbox 1607 2930 1731 2986; x_wconf 88' lang='lat' dir='ltr'><strong>ulciscar</strong></span> <span class='ocrx_word' id='word_1_473' title='bbox 1744 2931 1845 2988; x_wconf 91' lang='lat' dir='ltr'><strong>inimi-</strong></span> 
     </span>
     <span class='ocr_line' id='line_1_33' title="bbox 130 3011 1844 3086; baseline -0.002 -13"><span class='ocrx_word' id='word_1_474' title='bbox 130 3057 131 3062; x_wconf 33' lang='lat'><strong>.</strong></span> <span class='ocrx_word' id='word_1_475' title='bbox 212 3017 288 3074; x_wconf 83' lang='lat' dir='ltr'><strong>Daue</strong></span> <span class='ocrx_word' id='word_1_476' title='bbox 300 3019 394 3070; x_wconf 81' lang='lat' dir='ltr'><strong>vester</strong></span> <span class='ocrx_word' id='word_1_477' title='bbox 406 3031 414 3068; x_wconf 76' lang='grc' dir='ltr'>ι</span> <span class='ocrx_word' id='word_1_478' title='bbox 427 3013 472 3068; x_wconf 92' lang='lat' dir='ltr'><strong>uti</strong></span> <span class='ocrx_word' id='word_1_479' title='bbox 485 3012 568 3068; x_wconf 91' lang='lat' dir='ltr'><strong>nullo</strong></span> <span class='ocrx_word' id='word_1_480' title='bbox 581 3013 673 3068; x_wconf 89' lang='lat' dir='ltr'><strong>modo</strong></span> <span class='ocrx_word' id='word_1_481' title='bbox 683 3027 738 3070; x_wconf 81' lang='lat' dir='ltr'><strong>uos</strong></span> <span class='ocrx_word' id='word_1_482' title='bbox 751 3014 927 3072; x_wconf 86' lang='lat' dir='ltr'><strong>dimissurus</strong></span> <span class='ocrx_word' id='word_1_483' title='bbox 939 3031 1007 3074; x_wconf 90' lang='lat' dir='ltr'><strong>sum</strong></span> <span class='ocrx_word' id='word_1_484' title='bbox 1050 3012 1138 3068; x_wconf 75' lang='lat' dir='ltr'><strong>curn?</strong></span> <span class='ocrx_word' id='word_1_485' title='bbox 1155 3012 1308 3084; x_wconf 91' lang='lat' dir='ltr'><strong>respondit</strong></span> <span class='ocrx_word' id='word_1_486' title='bbox 1320 3011 1424 3086; x_wconf 86' lang='lat' dir='ltr'><strong>paucis</strong></span> <span class='ocrx_word' id='word_1_487' title='bbox 1431 3051 1442 3082; x_wconf 95' lang='lat'><strong>,</strong></span> <span class='ocrx_word' id='word_1_488' title='bbox 1459 3012 1512 3068; x_wconf 84' lang='lat' dir='ltr'><strong>sed</strong></span> <span class='ocrx_word' id='word_1_489' title='bbox 1529 3013 1663 3084; x_wconf 88' lang='lat' dir='ltr'><strong>apposite</strong></span> <span class='ocrx_word' id='word_1_490' title='bbox 1677 3031 1685 3068; x_wconf 76' lang='lat' dir='ltr'><strong>r</strong></span> <span class='ocrx_word' id='word_1_491' title='bbox 1703 3014 1844 3070; x_wconf 76' lang='lat' dir='ltr'><strong>«Probus</strong></span> 
     </span>
     <span class='ocr_line' id='line_1_34' title="bbox 212 3095 1941 3172; baseline -0.005 -16"><span class='ocrx_word' id='word_1_492' title='bbox 212 3114 281 3156; x_wconf 90' lang='lat' dir='ltr'><strong>cum</strong></span> <span class='ocrx_word' id='word_1_493' title='bbox 294 3095 425 3170; x_wconf 83' lang='lat' dir='ltr'><strong>paruulis</strong></span> <span class='ocrx_word' id='word_1_494' title='bbox 439 3099 468 3152; x_wconf 91' lang='lat' dir='ltr'><strong>et</strong></span> <span class='ocrx_word' id='word_1_495' title='bbox 480 3095 638 3168; x_wconf 90' lang='lat' dir='ltr'><strong>pecoribus</strong></span> <span class='ocrx_word' id='word_1_496' title='bbox 650 3095 764 3152; x_wconf 86' lang='lat' dir='ltr'><strong>uestris.</strong></span> <span class='ocrx_word' id='word_1_497' title='bbox 1051 3099 1149 3154; x_wconf 78' lang='lat' dir='ltr'><strong>esto.»</strong></span> <span class='ocrx_word' id='word_1_498' title='bbox 1936 3160 1941 3172; x_wconf 27' lang='grc' dir='ltr'>ι</span> 
     </span>
     <span class='ocr_line' id='line_1_35' title="bbox 241 3176 1844 3251; baseline 0.001 -13"><span class='ocrx_word' id='word_1_499' title='bbox 241 3183 292 3238; x_wconf 81' lang='lat' dir='ltr'><strong>Gur</strong></span> <span class='ocrx_word' id='word_1_500' title='bbox 307 3194 411 3236; x_wconf 80' lang='lat' dir='ltr'><strong>auarus</strong></span> <span class='ocrx_word' id='word_1_501' title='bbox 424 3193 474 3234; x_wconf 78' lang='grc' dir='ltr'><strong>ιιι</strong></span> <span class='ocrx_word' id='word_1_502' title='bbox 487 3191 556 3244; x_wconf 77' lang='lat' dir='ltr'><strong>auru</strong></span> <span class='ocrx_word' id='word_1_503' title='bbox 571 3191 684 3234; x_wconf 82' lang='lat' dir='ltr'><strong>russina</strong></span> <span class='ocrx_word' id='word_1_504' title='bbox 698 3181 865 3237; x_wconf 82' lang='lat' dir='ltr'><strong>cocruurrsi</strong></span> <span class='ocrx_word' id='word_1_505' title='bbox 875 3209 912 3224; x_wconf 88' lang='lat'><strong>·-</strong></span> <span class='ocrx_word' id='word_1_506' title='bbox 922 3177 1008 3239; x_wconf 85' lang='lat' dir='ltr'><strong>vide·</strong></span> <span class='ocrx_word' id='word_1_507' title='bbox 1085 3177 1177 3246; x_wconf 87' lang='lat' dir='ltr'><strong>Quid,</strong></span> <span class='ocrx_word' id='word_1_508' title='bbox 1193 3177 1277 3251; x_wconf 89' lang='lat' dir='ltr'><strong>quod</strong></span> <span class='ocrx_word' id='word_1_509' title='bbox 1289 3177 1412 3235; x_wconf 89' lang='lat' dir='ltr'><strong>laudare</strong></span> <span class='ocrx_word' id='word_1_510' title='bbox 1425 3176 1514 3234; x_wconf 89' lang='lat' dir='ltr'><strong>etiam</strong></span> <span class='ocrx_word' id='word_1_511' title='bbox 1531 3177 1684 3235; x_wconf 89' lang='lat' dir='ltr'><strong>inimicum</strong></span> <span class='ocrx_word' id='word_1_512' title='bbox 1698 3177 1844 3250; x_wconf 87' lang='lat' dir='ltr'><strong>majorem</strong></span> 
     </span>
     <span class='ocr_line' id='line_1_36' title="bbox 212 3259 1843 3335; baseline -0.003 -13"><span class='ocrx_word' id='word_1_513' title='bbox 212 3263 285 3323; x_wconf 90' lang='lat' dir='ltr'><strong>mini</strong></span> <span class='ocrx_word' id='word_1_514' title='bbox 299 3262 378 3320; x_wconf 87' lang='lat' dir='ltr'><strong>enirn</strong></span> <span class='ocrx_word' id='word_1_515' title='bbox 391 3259 554 3318; x_wconf 90' lang='lat' dir='ltr'><strong>machinari</strong></span> <span class='ocrx_word' id='word_1_516' title='bbox 566 3260 740 3318; x_wconf 88' lang='lat' dir='ltr'><strong>seditionem</strong></span> <span class='ocrx_word' id='word_1_517' title='bbox 753 3264 781 3318; x_wconf 86' lang='lat' dir='ltr'><strong>ct</strong></span> <span class='ocrx_word' id='word_1_518' title='bbox 794 3261 1006 3335; x_wconf 89' lang='lat' dir='ltr'><strong>rebellionem,</strong></span> <span class='ocrx_word' id='word_1_519' title='bbox 1052 3277 1130 3334; x_wconf 80' lang='lat' dir='ltr'><strong>serpe</strong></span> <span class='ocrx_word' id='word_1_520' title='bbox 1145 3260 1282 3318; x_wconf 90' lang='lat' dir='ltr'><strong>conciliat</strong></span> <span class='ocrx_word' id='word_1_521' title='bbox 1298 3261 1432 3317; x_wconf 90' lang='lat' dir='ltr'><strong>laudanti</strong></span> <span class='ocrx_word' id='word_1_522' title='bbox 1445 3260 1564 3316; x_wconf 86' lang='lat' dir='ltr'><strong>laudem</strong></span> <span class='ocrx_word' id='word_1_523' title='bbox 1572 3302 1581 3331; x_wconf 94' lang='lat'><strong>,</strong></span> <span class='ocrx_word' id='word_1_524' title='bbox 1596 3277 1688 3333; x_wconf 89' lang='lat' dir='ltr'><strong>quam</strong></span> <span class='ocrx_word' id='word_1_525' title='bbox 1700 3261 1843 3320; x_wconf 72' lang='lat' dir='ltr'><strong>laudato?</strong></span> 
     </span>
     <span class='ocr_line' id='line_1_37' title="bbox 213 3341 1844 3417; baseline -0.002 -12"><span class='ocrx_word' id='word_1_526' title='bbox 213 3352 245 3406; x_wconf 93' lang='lat' dir='ltr'><strong>ut</strong></span> <span class='ocrx_word' id='word_1_527' title='bbox 258 3347 326 3404; x_wconf 85' lang='lat' dir='ltr'><strong>licta</strong></span> <span class='ocrx_word' id='word_1_528' title='bbox 340 3343 475 3402; x_wconf 89' lang='lat' dir='ltr'><strong>sacrificii</strong></span> <span class='ocrx_word' id='word_1_529' title='bbox 485 3344 592 3416; x_wconf 89' lang='lat' dir='ltr'><strong>specle,</strong></span> <span class='ocrx_word' id='word_1_530' title='bbox 603 3345 751 3417; x_wconf 90' lang='lat' dir='ltr'><strong>populum</strong></span> <span class='ocrx_word' id='word_1_531' title='bbox 765 3344 920 3402; x_wconf 84' lang='lat' dir='ltr'><strong>ilebraeum</strong></span> <span class='ocrx_word' id='word_1_532' title='bbox 933 3347 1008 3406; x_wconf 90' lang='lat' dir='ltr'><strong>mihi</strong></span> <span class='ocrx_word' id='word_1_533' title='bbox 1049 3345 1176 3402; x_wconf 85' lang='lat' dir='ltr'><strong>Tullium</strong></span> <span class='ocrx_word' id='word_1_534' title='bbox 1186 3343 1341 3400; x_wconf 79' lang='lat' dir='ltr'><strong>deCaesare</strong></span> <span class='ocrx_word' id='word_1_535' title='bbox 1350 3342 1459 3400; x_wconf 87' lang='lat' dir='ltr'><strong>dixisse</strong></span> <span class='ocrx_word' id='word_1_536' title='bbox 1468 3341 1635 3399; x_wconf 87' lang='lat' dir='ltr'><strong>affirmant:</strong></span> <span class='ocrx_word' id='word_1_537' title='bbox 1650 3347 1764 3400; x_wconf 75' lang='lat' dir='ltr'><strong>«Caesar</strong></span> <span class='ocrx_word' id='word_1_538' title='bbox 1774 3361 1844 3402; x_wconf 90' lang='lat' dir='ltr'><strong>cum</strong></span> 
     </span>
     <span class='ocr_line' id='line_1_38' title="bbox 214 3426 1798 3501; baseline -0.005 -13"><span class='ocrx_word' id='word_1_539' title='bbox 214 3429 367 3488; x_wconf 89' lang='lat' dir='ltr'><strong>subditum</strong></span> <span class='ocrx_word' id='word_1_540' title='bbox 388 3444 407 3484; x_wconf 86' lang='lat' dir='ltr'><strong>a</strong></span> <span class='ocrx_word' id='word_1_541' title='bbox 426 3443 474 3484; x_wconf 90' lang='lat' dir='ltr'><strong>me</strong></span> <span class='ocrx_word' id='word_1_542' title='bbox 496 3427 669 3498; x_wconf 87' lang='lat' dir='ltr'><strong>abducatis,</strong></span> <span class='ocrx_word' id='word_1_543' title='bbox 687 3435 817 3501; x_wconf 83' lang='lat' dir='ltr'><strong>eumque</strong></span> <span class='ocrx_word' id='word_1_544' title='bbox 835 3431 939 3486; x_wconf 90' lang='lat' dir='ltr'><strong>contra</strong></span> <span class='ocrx_word' id='word_1_545' title='bbox 958 3445 1007 3488; x_wconf 89' lang='lat' dir='ltr'><strong>me</strong></span> <span class='ocrx_word' id='word_1_546' title='bbox 1050 3432 1159 3484; x_wconf 88' lang='lat' dir='ltr'><strong>statuas</strong></span> <span class='ocrx_word' id='word_1_547' title='bbox 1172 3426 1303 3499; x_wconf 89' lang='lat' dir='ltr'><strong>Pompeii</strong></span> <span class='ocrx_word' id='word_1_548' title='bbox 1318 3426 1407 3481; x_wconf 87' lang='lat' dir='ltr'><strong>everti</strong></span> <span class='ocrx_word' id='word_1_549' title='bbox 1419 3426 1527 3495; x_wconf 86' lang='lat' dir='ltr'><strong>uetuit,</strong></span> <span class='ocrx_word' id='word_1_550' title='bbox 1539 3441 1607 3482; x_wconf 90' lang='lat' dir='ltr'><strong>suas</strong></span> <span class='ocrx_word' id='word_1_551' title='bbox 1622 3427 1798 3485; x_wconf 73' lang='lat' dir='ltr'><strong>stabilivit.»</strong></span> 
     </span>
     <span class='ocr_line' id='line_1_39' title="bbox 214 3507 1845 3579; baseline -0.001 -9"><span class='ocrx_word' id='word_1_552' title='bbox 214 3513 373 3572; x_wconf 88' lang='lat' dir='ltr'><strong>concitetis.</strong></span> <span class='ocrx_word' id='word_1_553' title='bbox 1085 3513 1192 3569; x_wconf 82' lang='lat' dir='ltr'><strong>Graues</strong></span> <span class='ocrx_word' id='word_1_554' title='bbox 1205 3514 1340 3565; x_wconf 90' lang='lat' dir='ltr'><strong>auctores</strong></span> <span class='ocrx_word' id='word_1_555' title='bbox 1352 3507 1481 3564; x_wconf 82' lang='lat' dir='ltr'><strong>referunt</strong></span> <span class='ocrx_word' id='word_1_556' title='bbox 1494 3509 1522 3564; x_wconf 88' lang='lat' dir='ltr'><strong>S.</strong></span> <span class='ocrx_word' id='word_1_557' title='bbox 1537 3507 1753 3579; x_wconf 86' lang='lat' dir='ltr'><strong>Elisabelham,</strong></span> <span class='ocrx_word' id='word_1_558' title='bbox 1766 3512 1845 3568; x_wconf 88' lang='lat' dir='ltr'><strong>ilun-</strong></span> 
     </span>
     <span class='ocr_line' id='line_1_40' title="bbox 93 3589 1844 3667; baseline -0.003 -11"><span class='ocrx_word' id='word_1_559' title='bbox 93 3611 200 3656; x_wconf 70' lang='lat' dir='ltr'><strong>vcrsu.</strong></span> <span class='ocrx_word' id='word_1_560' title='bbox 250 3599 296 3653; x_wconf 92' lang='grc'><strong>11.</strong></span> <span class='ocrx_word' id='word_1_561' title='bbox 310 3597 369 3652; x_wconf 84' lang='lat' dir='ltr'><strong>lion</strong></span> <span class='ocrx_word' id='word_1_562' title='bbox 382 3609 450 3652; x_wconf 80' lang='lat' dir='ltr'><strong>auru</strong></span> <span class='ocrx_word' id='word_1_563' title='bbox 464 3607 597 3652; x_wconf 83' lang='lat' dir='ltr'><strong>rarrsrrs.</strong></span> <span class='ocrx_word' id='word_1_564' title='bbox 612 3622 648 3636; x_wconf 91' lang='lat'><em>-</em></span> <span class='ocrx_word' id='word_1_565' title='bbox 663 3591 712 3652; x_wconf 84' lang='lat' dir='ltr'><strong>llic</strong></span> <span class='ocrx_word' id='word_1_566' title='bbox 726 3591 839 3651; x_wconf 85' lang='lat' dir='ltr'><strong>Pharao</strong></span> <span class='ocrx_word' id='word_1_567' title='bbox 856 3595 1007 3667; x_wconf 88' lang='lat' dir='ltr'><strong>mentitur,</strong></span> <span class='ocrx_word' id='word_1_568' title='bbox 1050 3593 1140 3666; x_wconf 79' lang='lat' dir='ltr'><strong>garira</strong></span> <span class='ocrx_word' id='word_1_569' title='bbox 1160 3591 1236 3662; x_wconf 88' lang='lat' dir='ltr'><strong>regis</strong></span> <span class='ocrx_word' id='word_1_570' title='bbox 1254 3589 1368 3661; x_wconf 88' lang='lat' dir='ltr'><strong>tiliam,</strong></span> <span class='ocrx_word' id='word_1_571' title='bbox 1382 3589 1545 3661; x_wconf 88' lang='lat' dir='ltr'><strong>aliquando</strong></span> <span class='ocrx_word' id='word_1_572' title='bbox 1566 3607 1665 3648; x_wconf 88' lang='lat' dir='ltr'><strong>orasse</strong></span> <span class='ocrx_word' id='word_1_573' title='bbox 1686 3595 1792 3663; x_wconf 83' lang='lat' dir='ltr'><strong>baum,</strong></span> <span class='ocrx_word' id='word_1_574' title='bbox 1810 3595 1844 3650; x_wconf 90' lang='lat' dir='ltr'><strong>ut</strong></span> 
     </span>
     <span class='ocr_line' id='line_1_41' title="bbox 215 3673 1843 3750; baseline -0.002 -14"><span class='ocrx_word' id='word_1_575' title='bbox 215 3679 267 3738; x_wconf 87' lang='lat' dir='ltr'><strong>sed</strong></span> <span class='ocrx_word' id='word_1_576' title='bbox 281 3679 361 3750; x_wconf 86' lang='lat' dir='ltr'><strong>regia</strong></span> <span class='ocrx_word' id='word_1_577' title='bbox 373 3676 506 3745; x_wconf 88' lang='lat' dir='ltr'><strong>licentia,</strong></span> <span class='ocrx_word' id='word_1_578' title='bbox 520 3676 568 3734; x_wconf 91' lang='lat' dir='ltr'><strong>cui</strong></span> <span class='ocrx_word' id='word_1_579' title='bbox 581 3691 669 3733; x_wconf 89' lang='lat' dir='ltr'><strong>nemo</strong></span> <span class='ocrx_word' id='word_1_580' title='bbox 683 3675 881 3734; x_wconf 86' lang='lat' dir='ltr'><strong>contradicere</strong></span> <span class='ocrx_word' id='word_1_581' title='bbox 894 3678 980 3736; x_wconf 89' lang='lat' dir='ltr'><strong>ausit.</strong></span> <span class='ocrx_word' id='word_1_582' title='bbox 1051 3675 1201 3750; x_wconf 87' lang='lat' dir='ltr'><strong>quoslibet</strong></span> <span class='ocrx_word' id='word_1_583' title='bbox 1214 3674 1266 3746; x_wconf 89' lang='lat' dir='ltr'><strong>qui</strong></span> <span class='ocrx_word' id='word_1_584' title='bbox 1279 3687 1346 3730; x_wconf 87' lang='lat' dir='ltr'><strong>eam</strong></span> <span class='ocrx_word' id='word_1_585' title='bbox 1357 3673 1465 3744; x_wconf 88' lang='lat' dir='ltr'><strong>injuria</strong></span> <span class='ocrx_word' id='word_1_586' title='bbox 1478 3673 1579 3746; x_wconf 87' lang='lat' dir='ltr'><strong>aliqua</strong></span> <span class='ocrx_word' id='word_1_587' title='bbox 1589 3673 1766 3744; x_wconf 89' lang='lat' dir='ltr'><strong>aiiecissent,</strong></span> <span class='ocrx_word' id='word_1_588' title='bbox 1781 3674 1843 3732; x_wconf 86' lang='lat' dir='ltr'><strong>alli·</strong></span> 
     </span>
     <span class='ocr_line' id='line_1_42' title="bbox 249 3755 1844 3834; baseline -0.004 -14"><span class='ocrx_word' id='word_1_589' title='bbox 249 3765 409 3829; x_wconf 78' lang='lat' dir='ltr'><strong>Srsrnuous</strong></span> <span class='ocrx_word' id='word_1_590' title='bbox 428 3773 520 3820; x_wconf 81' lang='lat' dir='ltr'><strong>rrucrr</strong></span> <span class='ocrx_word' id='word_1_591' title='bbox 543 3775 623 3817; x_wconf 85' lang='lat' dir='ltr'><strong>saur.</strong></span> <span class='ocrx_word' id='word_1_592' title='bbox 641 3787 676 3802; x_wconf 89' lang='lat'>-</span> <span class='ocrx_word' id='word_1_593' title='bbox 690 3756 863 3830; x_wconf 87' lang='lat' dir='ltr'><strong>intelligitur</strong></span> <span class='ocrx_word' id='word_1_594' title='bbox 881 3775 935 3834; x_wconf 89' lang='lat' dir='ltr'><strong>per</strong></span> <span class='ocrx_word' id='word_1_595' title='bbox 956 3761 1007 3820; x_wconf 89' lang='lat' dir='ltr'><strong>he-</strong></span> <span class='ocrx_word' id='word_1_596' title='bbox 1051 3763 1128 3816; x_wconf 90' lang='lat' dir='ltr'><strong>ceret</strong></span> <span class='ocrx_word' id='word_1_597' title='bbox 1139 3758 1201 3830; x_wconf 90' lang='lat' dir='ltr'><strong>ipsa</strong></span> <span class='ocrx_word' id='word_1_598' title='bbox 1215 3756 1356 3828; x_wconf 88' lang='lat' dir='ltr'><strong>peculiari</strong></span> <span class='ocrx_word' id='word_1_599' title='bbox 1369 3756 1472 3827; x_wconf 90' lang='lat' dir='ltr'><strong>aliquo</strong></span> <span class='ocrx_word' id='word_1_600' title='bbox 1486 3755 1649 3825; x_wconf 89' lang='lat' dir='ltr'><strong>beneficio,</strong></span> <span class='ocrx_word' id='word_1_601' title='bbox 1663 3756 1704 3812; x_wconf 85' lang='lat' dir='ltr'><strong>ila</strong></span> <span class='ocrx_word' id='word_1_602' title='bbox 1717 3760 1750 3812; x_wconf 89' lang='lat' dir='ltr'><strong>ut</strong></span> <span class='ocrx_word' id='word_1_603' title='bbox 1767 3756 1844 3827; x_wconf 80' lang='lat' dir='ltr'><strong>iniu-</strong></span> 
     </span>
     <span class='ocr_line' id='line_1_43' title="bbox 213 3837 1845 3916; baseline -0.003 -13"><span class='ocrx_word' id='word_1_604' title='bbox 213 3846 378 3904; x_wconf 88' lang='lat' dir='ltr'><strong>braismum</strong></span> <span class='ocrx_word' id='word_1_605' title='bbox 402 3844 594 3913; x_wconf 88' lang='lat' dir='ltr'><strong>historicum,</strong></span> <span class='ocrx_word' id='word_1_606' title='bbox 618 3843 703 3916; x_wconf 90' lang='lat' dir='ltr'><strong>quod</strong></span> <span class='ocrx_word' id='word_1_607' title='bbox 729 3845 758 3900; x_wconf 89' lang='lat' dir='ltr'><strong>et</strong></span> <span class='ocrx_word' id='word_1_608' title='bbox 780 3844 872 3900; x_wconf 89' lang='lat' dir='ltr'><strong>lloses</strong></span> <span class='ocrx_word' id='word_1_609' title='bbox 899 3843 1007 3902; x_wconf 87' lang='lat' dir='ltr'><strong>iterum</strong></span> <span class='ocrx_word' id='word_1_610' title='bbox 1051 3843 1102 3898; x_wconf 80' lang='lat' dir='ltr'><strong>riae</strong></span> <span class='ocrx_word' id='word_1_611' title='bbox 1117 3839 1295 3897; x_wconf 87' lang='lat' dir='ltr'><strong>beneficium</strong></span> <span class='ocrx_word' id='word_1_612' title='bbox 1309 3837 1510 3911; x_wconf 90' lang='lat' dir='ltr'><strong>responderet,</strong></span> <span class='ocrx_word' id='word_1_613' title='bbox 1524 3843 1654 3911; x_wconf 91' lang='lat' dir='ltr'><strong>tuncque</strong></span> <span class='ocrx_word' id='word_1_614' title='bbox 1669 3839 1706 3894; x_wconf 88' lang='lat' dir='ltr'><strong>de</strong></span> <span class='ocrx_word' id='word_1_615' title='bbox 1719 3839 1793 3896; x_wconf 87' lang='lat' dir='ltr'><strong>coelo</strong></span> <span class='ocrx_word' id='word_1_616' title='bbox 1807 3839 1845 3898; x_wconf 88' lang='lat' dir='ltr'><strong>si·</strong></span> 
     </span>
     <span class='ocr_line' id='line_1_44' title="bbox 214 3922 1844 3996; baseline -0.002 -12"><span class='ocrx_word' id='word_1_617' title='bbox 214 3927 358 3986; x_wconf 89' lang='lat' dir='ltr'><strong>Pharaoni</strong></span> <span class='ocrx_word' id='word_1_618' title='bbox 376 3925 509 3996; x_wconf 77' lang='lat' dir='ltr'><strong>roganti.</strong></span> <span class='ocrx_word' id='word_1_619' title='bbox 534 3929 568 3980; x_wconf 93' lang='lat' dir='ltr'><strong>ut</strong></span> <span class='ocrx_word' id='word_1_620' title='bbox 588 3926 644 3981; x_wconf 91' lang='lat' dir='ltr'><strong>soli</strong></span> <span class='ocrx_word' id='word_1_621' title='bbox 665 3923 721 3982; x_wconf 84' lang='lat' dir='ltr'><strong>viri</strong></span> <span class='ocrx_word' id='word_1_622' title='bbox 743 3925 819 3982; x_wconf 86' lang='lat' dir='ltr'><strong>irent</strong></span> <span class='ocrx_word' id='word_1_623' title='bbox 838 3927 879 3983; x_wconf 86' lang='lat' dir='ltr'><strong>ad</strong></span> <span class='ocrx_word' id='word_1_624' title='bbox 899 3926 1009 3984; x_wconf 86' lang='lat' dir='ltr'><strong>sacrifi·</strong></span> <span class='ocrx_word' id='word_1_625' title='bbox 1052 3923 1224 3996; x_wconf 90' lang='lat' dir='ltr'><strong>gnificatum</strong></span> <span class='ocrx_word' id='word_1_626' title='bbox 1241 3922 1285 3978; x_wconf 92' lang='lat' dir='ltr'><strong>illi</strong></span> <span class='ocrx_word' id='word_1_627' title='bbox 1302 3937 1381 3990; x_wconf 87' lang='lat' dir='ltr'><strong>esse,</strong></span> <span class='ocrx_word' id='word_1_628' title='bbox 1400 3937 1556 3993; x_wconf 87' lang='lat' dir='ltr'><strong>nunquam</strong></span> <span class='ocrx_word' id='word_1_629' title='bbox 1577 3938 1609 3978; x_wconf 91' lang='lat' dir='ltr'><strong>se</strong></span> <span class='ocrx_word' id='word_1_630' title='bbox 1627 3922 1688 3979; x_wconf 90' lang='lat' dir='ltr'><strong>suis</strong></span> <span class='ocrx_word' id='word_1_631' title='bbox 1706 3925 1844 3996; x_wconf 83' lang='lat' dir='ltr'><strong>precibus</strong></span> 
     </span>
     <span class='ocr_line' id='line_1_45' title="bbox 214 4003 1845 4080; baseline -0.001 -13"><span class='ocrx_word' id='word_1_632' title='bbox 214 4012 304 4080; x_wconf 90' lang='lat' dir='ltr'><strong>cium,</strong></span> <span class='ocrx_word' id='word_1_633' title='bbox 319 4009 450 4080; x_wconf 89' lang='lat' dir='ltr'><strong>idipsum</strong></span> <span class='ocrx_word' id='word_1_634' title='bbox 464 4006 587 4077; x_wconf 86' lang='lat' dir='ltr'><strong>negarit,</strong></span> <span class='ocrx_word' id='word_1_635' title='bbox 601 4007 786 4079; x_wconf 80' lang='lat' dir='ltr'><strong>uolueritque</strong></span> <span class='ocrx_word' id='word_1_636' title='bbox 802 4022 905 4063; x_wconf 87' lang='lat' dir='ltr'><strong>omncs</strong></span> <span class='ocrx_word' id='word_1_637' title='bbox 918 4009 1007 4066; x_wconf 88' lang='lat' dir='ltr'><strong>etiam</strong></span> <span class='ocrx_word' id='word_1_638' title='bbox 1052 4009 1127 4066; x_wconf 88' lang='lat' dir='ltr'><strong>adeo</strong></span> <span class='ocrx_word' id='word_1_639' title='bbox 1137 4009 1195 4062; x_wconf 82' lang='lat' dir='ltr'><strong>lieo</strong></span> <span class='ocrx_word' id='word_1_640' title='bbox 1208 4003 1365 4076; x_wconf 88' lang='lat' dir='ltr'><strong>placuisse,</strong></span> <span class='ocrx_word' id='word_1_641' title='bbox 1379 4009 1469 4075; x_wconf 88' lang='lat' dir='ltr'><strong>atque</strong></span> <span class='ocrx_word' id='word_1_642' title='bbox 1483 4009 1553 4060; x_wconf 90' lang='lat' dir='ltr'><strong>tunc</strong></span> <span class='ocrx_word' id='word_1_643' title='bbox 1564 4004 1613 4060; x_wconf 86' lang='lat' dir='ltr'><strong>:in</strong></span> <span class='ocrx_word' id='word_1_644' title='bbox 1626 4006 1689 4076; x_wconf 86' lang='lat' dir='ltr'><strong>ejus</strong></span> <span class='ocrx_word' id='word_1_645' title='bbox 1703 4011 1845 4066; x_wconf 81' lang='lat' dir='ltr'><strong>veretum</strong></span> 
     </span>
     <span class='ocr_line' id='line_1_46' title="bbox 213 4085 1845 4165; baseline -0.002 -17"><span class='ocrx_word' id='word_1_646' title='bbox 213 4086 1008 4165; x_wconf 82' lang='lat' dir='ltr'><strong>parvulosmissosfieri‚atqueindeexacerbatumra·</strong></span> <span class='ocrx_word' id='word_1_647' title='bbox 1050 4103 1207 4161; x_wconf 77' lang='lat' dir='ltr'><strong>propensae</strong></span> <span class='ocrx_word' id='word_1_648' title='bbox 1226 4086 1259 4141; x_wconf 91' lang='lat' dir='ltr'><strong>in</strong></span> <span class='ocrx_word' id='word_1_649' title='bbox 1279 4085 1416 4142; x_wconf 92' lang='lat' dir='ltr'><strong>inimicos</strong></span> <span class='ocrx_word' id='word_1_650' title='bbox 1439 4085 1605 4142; x_wconf 89' lang='lat' dir='ltr'><strong>dilectionis</strong></span> <span class='ocrx_word' id='word_1_651' title='bbox 1629 4090 1845 4161; x_wconf 86' lang='lat' dir='ltr'><strong>compensatio-</strong></span> 
     </span>
     <span class='ocr_line' id='line_1_47' title="bbox 215 4168 1844 4248; baseline -0.001 -18"><span class='ocrx_word' id='word_1_652' title='bbox 215 4192 283 4248; x_wconf 86' lang='lat' dir='ltr'><strong>gem</strong></span> <span class='ocrx_word' id='word_1_653' title='bbox 294 4173 415 4246; x_wconf 85' lang='lat' dir='ltr'><strong>jussisse</strong></span> <span class='ocrx_word' id='word_1_654' title='bbox 426 4188 477 4230; x_wconf 86' lang='lat' dir='ltr'><strong>cos</strong></span> <span class='ocrx_word' id='word_1_655' title='bbox 492 4171 611 4244; x_wconf 85' lang='lat' dir='ltr'><strong>expelli.</strong></span> <span class='ocrx_word' id='word_1_656' title='bbox 1052 4169 1274 4239; x_wconf 88' lang='lat' dir='ltr'><strong>nem‚ornnium</strong></span> <span class='ocrx_word' id='word_1_657' title='bbox 1282 4168 1308 4224; x_wconf 93' lang='lat' dir='ltr'><strong>ei</strong></span> <span class='ocrx_word' id='word_1_658' title='bbox 1315 4169 1502 4240; x_wconf 82' lang='lat' dir='ltr'><strong>peccatorum</strong></span> <span class='ocrx_word' id='word_1_659' title='bbox 1512 4171 1762 4228; x_wconf 86' lang='lat' dir='ltr'><strong>condonationem</strong></span> <span class='ocrx_word' id='word_1_660' title='bbox 1769 4171 1844 4235; x_wconf 82' lang='lat' dir='ltr'><strong>lieri.</strong></span> 
     </span>
     <span class='ocr_line' id='line_1_48' title="bbox 252 4253 1964 4330; baseline -0.002 -12"><span class='ocrx_word' id='word_1_661' title='bbox 252 4261 365 4318; x_wconf 83' lang='lat' dir='ltr'><strong>hiscant</strong></span> <span class='ocrx_word' id='word_1_662' title='bbox 382 4259 431 4316; x_wconf 92' lang='lat' dir='ltr'><strong>hic</strong></span> <span class='ocrx_word' id='word_1_663' title='bbox 447 4257 633 4326; x_wconf 78' lang='lat' dir='ltr'><strong>confessarii,</strong></span> <span class='ocrx_word' id='word_1_664' title='bbox 647 4255 806 4314; x_wconf 88' lang='lat' dir='ltr'><strong>consiliarii</strong></span> <span class='ocrx_word' id='word_1_665' title='bbox 818 4257 928 4330; x_wconf 85' lang='lat' dir='ltr'><strong>aliique</strong></span> <span class='ocrx_word' id='word_1_666' title='bbox 942 4273 1007 4317; x_wconf 92' lang='lat' dir='ltr'><strong>mo-</strong></span> <span class='ocrx_word' id='word_1_667' title='bbox 1087 4257 1133 4310; x_wconf 71' lang='grc'><strong>11.</strong></span> <span class='ocrx_word' id='word_1_668' title='bbox 1149 4257 1187 4310; x_wconf 82' lang='grc' dir='ltr'>Ει</span> <span class='ocrx_word' id='word_1_669' title='bbox 1200 4267 1328 4310; x_wconf 83' lang='lat' dir='ltr'><strong>ouroaur</strong></span> <span class='ocrx_word' id='word_1_670' title='bbox 1340 4253 1473 4326; x_wconf 84' lang='lat' dir='ltr'><strong>(locusta)</strong></span> <span class='ocrx_word' id='word_1_671' title='bbox 1485 4269 1582 4312; x_wconf 83' lang='lat' dir='ltr'><strong>ouuru</strong></span> <span class='ocrx_word' id='word_1_672' title='bbox 1597 4272 1709 4313; x_wconf 79' lang='lat' dir='ltr'><strong>uanaau</strong></span> <span class='ocrx_word' id='word_1_673' title='bbox 1723 4271 1786 4324; x_wconf 78' lang='lat' dir='ltr'><strong>oua</strong></span> <span class='ocrx_word' id='word_1_674' title='bbox 1796 4274 1846 4316; x_wconf 85' lang='lat' dir='ltr'><strong>au·</strong></span> <span class='ocrx_word' id='word_1_675' title='bbox 1859 4279 1918 4324; x_wconf 74' lang='lat' dir='ltr'><strong>vere</strong></span> <span class='ocrx_word' id='word_1_676' title='bbox 1930 4283 1964 4324; x_wconf 67' lang='grc' dir='ltr'><em>η</em></span> 
     </span>
     <span class='ocr_line' id='line_1_49' title="bbox 214 4337 1845 4416; baseline -0.004 -14"><span class='ocrx_word' id='word_1_677' title='bbox 214 4346 325 4407; x_wconf 85' lang='lat' dir='ltr'><strong>nitores</strong></span> <span class='ocrx_word' id='word_1_678' title='bbox 336 4341 515 4416; x_wconf 88' lang='lat' dir='ltr'><strong>principum,</strong></span> <span class='ocrx_word' id='word_1_679' title='bbox 525 4339 649 4411; x_wconf 82' lang='lat' dir='ltr'><strong>gratimn</strong></span> <span class='ocrx_word' id='word_1_680' title='bbox 663 4337 831 4410; x_wconf 88' lang='lat' dir='ltr'><strong>principum</strong></span> <span class='ocrx_word' id='word_1_681' title='bbox 844 4354 907 4396; x_wconf 91' lang='lat' dir='ltr'><strong>non</strong></span> <span class='ocrx_word' id='word_1_682' title='bbox 919 4355 1010 4398; x_wconf 90' lang='lat' dir='ltr'><strong>aucu·</strong></span> <span class='ocrx_word' id='word_1_683' title='bbox 1053 4351 1135 4396; x_wconf 79' lang='lat' dir='ltr'><strong>smus</strong></span> <span class='ocrx_word' id='word_1_684' title='bbox 1148 4351 1248 4394; x_wconf 73' lang='lat' dir='ltr'><strong>aaran</strong></span> <span class='ocrx_word' id='word_1_685' title='bbox 1265 4350 1410 4394; x_wconf 79' lang='lat' dir='ltr'><strong>aurunuu.</strong></span> <span class='ocrx_word' id='word_1_686' title='bbox 1422 4365 1459 4378; x_wconf 91' lang='lat'><em>-</em></span> <span class='ocrx_word' id='word_1_687' title='bbox 1472 4339 1590 4395; x_wconf 86' lang='lat' dir='ltr'><strong>Grando</strong></span> <span class='ocrx_word' id='word_1_688' title='bbox 1603 4339 1682 4395; x_wconf 89' lang='lat' dir='ltr'><strong>enim</strong></span> <span class='ocrx_word' id='word_1_689' title='bbox 1696 4356 1845 4402; x_wconf 86' lang='lat' dir='ltr'><strong>summam</strong></span> 
     </span>
     <span class='ocr_line' id='line_1_50' title="bbox 215 4419 1846 4502; baseline -0.002 -18"><span class='ocrx_word' id='word_1_690' title='bbox 215 4428 295 4502; x_wconf 90' lang='lat' dir='ltr'><strong>pari,</strong></span> <span class='ocrx_word' id='word_1_691' title='bbox 308 4425 362 4481; x_wconf 87' lang='lat' dir='ltr'><strong>sed</strong></span> <span class='ocrx_word' id='word_1_692' title='bbox 377 4439 481 4497; x_wconf 90' lang='lat' dir='ltr'><strong>parare</strong></span> <span class='ocrx_word' id='word_1_693' title='bbox 496 4438 527 4478; x_wconf 90' lang='lat' dir='ltr'><strong>se</strong></span> <span class='ocrx_word' id='word_1_694' title='bbox 546 4423 586 4479; x_wconf 88' lang='lat' dir='ltr'><strong>ad</strong></span> <span class='ocrx_word' id='word_1_695' title='bbox 606 4419 783 4494; x_wconf 88' lang='lat' dir='ltr'><strong>opprobria,</strong></span> <span class='ocrx_word' id='word_1_696' title='bbox 798 4420 902 4492; x_wconf 81' lang='lat' dir='ltr'><strong>exilia,</strong></span> <span class='ocrx_word' id='word_1_697' title='bbox 920 4425 1009 4494; x_wconf 87' lang='lat' dir='ltr'><strong>atque</strong></span> <span class='ocrx_word' id='word_1_698' title='bbox 1052 4420 1113 4476; x_wconf 88' lang='lat' dir='ltr'><strong>iere</strong></span> <span class='ocrx_word' id='word_1_699' title='bbox 1126 4424 1240 4476; x_wconf 89' lang='lat' dir='ltr'><strong>tautum</strong></span> <span class='ocrx_word' id='word_1_700' title='bbox 1250 4419 1374 4476; x_wconf 88' lang='lat' dir='ltr'><strong>herbam</strong></span> <span class='ocrx_word' id='word_1_701' title='bbox 1384 4425 1577 4492; x_wconf 86' lang='lat' dir='ltr'><strong>percusserat,</strong></span> <span class='ocrx_word' id='word_1_702' title='bbox 1588 4422 1688 4478; x_wconf 89' lang='lat' dir='ltr'><strong>tenuia</strong></span> <span class='ocrx_word' id='word_1_703' title='bbox 1698 4438 1769 4479; x_wconf 79' lang='lat' dir='ltr'><strong>uero</strong></span> <span class='ocrx_word' id='word_1_704' title='bbox 1781 4439 1846 4494; x_wconf 83' lang='lat' dir='ltr'><strong>ger-</strong></span> 
     </span>
     <span class='ocr_line' id='line_1_51' title="bbox 216 4501 1845 4579; baseline -0.002 -12"><span class='ocrx_word' id='word_1_705' title='bbox 216 4527 284 4567; x_wconf 90' lang='lat' dir='ltr'><strong>cum</strong></span> <span class='ocrx_word' id='word_1_706' title='bbox 297 4511 375 4566; x_wconf 88' lang='lat' dir='ltr'><strong>llose</strong></span> <span class='ocrx_word' id='word_1_707' title='bbox 388 4523 426 4563; x_wconf 82' lang='lat' dir='ltr'><strong>ex</strong></span> <span class='ocrx_word' id='word_1_708' title='bbox 440 4505 515 4562; x_wconf 90' lang='lat' dir='ltr'><strong>aulis</strong></span> <span class='ocrx_word' id='word_1_709' title='bbox 531 4503 658 4577; x_wconf 82' lang='lat' dir='ltr'><strong>expelli,</strong></span> <span class='ocrx_word' id='word_1_710' title='bbox 672 4507 706 4559; x_wconf 89' lang='lat' dir='ltr'><strong>ut</strong></span> <span class='ocrx_word' id='word_1_711' title='bbox 717 4502 821 4560; x_wconf 87' lang='lat' dir='ltr'><strong>fideles</strong></span> <span class='ocrx_word' id='word_1_712' title='bbox 838 4504 896 4560; x_wconf 90' lang='lat' dir='ltr'><strong>sint</strong></span> <span class='ocrx_word' id='word_1_713' title='bbox 909 4507 968 4562; x_wconf 85' lang='lat' dir='ltr'><strong>Deo</strong></span> <span class='ocrx_word' id='word_1_714' title='bbox 982 4509 1010 4564; x_wconf 87' lang='lat' dir='ltr'><strong>et</strong></span> <span class='ocrx_word' id='word_1_715' title='bbox 1052 4503 1149 4572; x_wconf 87' lang='lat' dir='ltr'><strong>mina,</strong></span> <span class='ocrx_word' id='word_1_716' title='bbox 1165 4501 1226 4558; x_wconf 90' lang='lat' dir='ltr'><strong>sive</strong></span> <span class='ocrx_word' id='word_1_717' title='bbox 1245 4506 1328 4570; x_wconf 86' lang='lat' dir='ltr'><strong>tum,</strong></span> <span class='ocrx_word' id='word_1_718' title='bbox 1343 4502 1405 4558; x_wconf 84' lang='lat' dir='ltr'><strong>siue</strong></span> <span class='ocrx_word' id='word_1_719' title='bbox 1418 4504 1443 4559; x_wconf 89' lang='lat' dir='ltr'><strong>si</strong></span> <span class='ocrx_word' id='word_1_720' title='bbox 1456 4519 1523 4575; x_wconf 82' lang='lat' dir='ltr'><strong>quae</strong></span> <span class='ocrx_word' id='word_1_721' title='bbox 1537 4511 1640 4576; x_wconf 86' lang='lat' dir='ltr'><strong>postea</strong></span> <span class='ocrx_word' id='word_1_722' title='bbox 1662 4521 1699 4562; x_wconf 80' lang='lat' dir='ltr'><strong>ex</strong></span> <span class='ocrx_word' id='word_1_723' title='bbox 1713 4506 1845 4579; x_wconf 88' lang='lat' dir='ltr'><strong>hordeo,</strong></span> 
     </span>
     <span class='ocr_line' id='line_1_52' title="bbox 214 4582 1844 4664; baseline 0.006 -25"><span class='ocrx_word' id='word_1_724' title='bbox 214 4593 344 4664; x_wconf 49' lang='lat' dir='ltr'><strong>justitia</strong></span> <span class='ocrx_word' id='word_1_725' title='bbox 818 4595 826 4612; x_wconf 92' lang='lat'><strong>·</strong></span> <span class='ocrx_word' id='word_1_726' title='bbox 978 4582 984 4595; x_wconf 98' lang='grc'><strong>’</strong></span> <span class='ocrx_word' id='word_1_727' title='bbox 1052 4585 1126 4655; x_wconf 88' lang='lat' dir='ltr'><strong>lino,</strong></span> <span class='ocrx_word' id='word_1_728' title='bbox 1138 4583 1234 4640; x_wconf 89' lang='lat' dir='ltr'><strong>tritico</strong></span> <span class='ocrx_word' id='word_1_729' title='bbox 1246 4587 1275 4639; x_wconf 89' lang='lat' dir='ltr'><strong>et</strong></span> <span class='ocrx_word' id='word_1_730' title='bbox 1288 4582 1364 4640; x_wconf 88' lang='lat' dir='ltr'><strong>larre</strong></span> <span class='ocrx_word' id='word_1_731' title='bbox 1377 4590 1473 4655; x_wconf 87' lang='lat' dir='ltr'><strong>enata,</strong></span> <span class='ocrx_word' id='word_1_732' title='bbox 1488 4585 1608 4642; x_wconf 72' lang='lat' dir='ltr'><strong>locusta</strong></span> <span class='ocrx_word' id='word_1_733' title='bbox 1622 4592 1736 4644; x_wconf 88' lang='lat' dir='ltr'><strong>servata</strong></span> <span class='ocrx_word' id='word_1_734' title='bbox 1749 4595 1844 4648; x_wconf 77' lang='lat' dir='ltr'><strong>suat:</strong></span> 
     </span>
     <span class='ocr_line' id='line_1_53' title="bbox 251 4667 1848 4744; baseline -0.002 -11"><span class='ocrx_word' id='word_1_735' title='bbox 251 4679 380 4733; x_wconf 84' lang='lat' dir='ltr'><strong>Rursum</strong></span> <span class='ocrx_word' id='word_1_736' title='bbox 396 4673 465 4730; x_wconf 81' lang='lat' dir='ltr'><strong>ride</strong></span> <span class='ocrx_word' id='word_1_737' title='bbox 480 4672 528 4729; x_wconf 92' lang='lat' dir='ltr'><strong>hic</strong></span> <span class='ocrx_word' id='word_1_738' title='bbox 545 4670 652 4728; x_wconf 88' lang='lat' dir='ltr'><strong>miram</strong></span> <span class='ocrx_word' id='word_1_739' title='bbox 669 4667 840 4742; x_wconf 88' lang='lat' dir='ltr'><strong>patientiam</strong></span> <span class='ocrx_word' id='word_1_740' title='bbox 858 4673 887 4725; x_wconf 91' lang='lat' dir='ltr'><strong>et</strong></span> <span class='ocrx_word' id='word_1_741' title='bbox 907 4669 1010 4741; x_wconf 86' lang='lat' dir='ltr'><strong>longa·</strong></span> <span class='ocrx_word' id='word_1_742' title='bbox 1053 4685 1121 4742; x_wconf 82' lang='lat' dir='ltr'><strong>quae</strong></span> <span class='ocrx_word' id='word_1_743' title='bbox 1135 4684 1170 4725; x_wconf 89' lang='lat' dir='ltr'><strong>eo</strong></span> <span class='ocrx_word' id='word_1_744' title='bbox 1184 4667 1281 4738; x_wconf 87' lang='lat' dir='ltr'><strong>major</strong></span> <span class='ocrx_word' id='word_1_745' title='bbox 1296 4670 1422 4740; x_wconf 82' lang='lat' dir='ltr'><strong>AEgypto</strong></span> <span class='ocrx_word' id='word_1_746' title='bbox 1436 4668 1491 4725; x_wconf 82' lang='lat' dir='ltr'><strong>luit</strong></span> <span class='ocrx_word' id='word_1_747' title='bbox 1503 4669 1609 4741; x_wconf 89' lang='lat' dir='ltr'><strong>plaga,</strong></span> <span class='ocrx_word' id='word_1_748' title='bbox 1623 4688 1685 4744; x_wconf 88' lang='lat' dir='ltr'><strong>quo</strong></span> <span class='ocrx_word' id='word_1_749' title='bbox 1703 4672 1755 4728; x_wconf 89' lang='lat' dir='ltr'><strong>illa</strong></span> <span class='ocrx_word' id='word_1_750' title='bbox 1768 4673 1848 4730; x_wconf 89' lang='lat' dir='ltr'><strong>lerti-</strong></span> 
     </span>
     <span class='ocr_line' id='line_1_54' title="bbox 216 4751 1845 4824; baseline -0.001 -7"><span class='ocrx_word' id='word_1_751' title='bbox 216 4759 380 4817; x_wconf 83' lang='lat' dir='ltr'><strong>nimitaiem</strong></span> <span class='ocrx_word' id='word_1_752' title='bbox 394 4758 444 4814; x_wconf 87' lang='lat' dir='ltr'><strong>hei</strong></span> <span class='ocrx_word' id='word_1_753' title='bbox 456 4760 485 4812; x_wconf 90' lang='lat' dir='ltr'><strong>et</strong></span> <span class='ocrx_word' id='word_1_754' title='bbox 499 4755 602 4822; x_wconf 85' lang='lat' dir='ltr'><strong>lloeis,</strong></span> <span class='ocrx_word' id='word_1_755' title='bbox 616 4753 689 4808; x_wconf 90' lang='lat' dir='ltr'><strong>dum</strong></span> <span class='ocrx_word' id='word_1_756' title='bbox 703 4752 788 4808; x_wconf 89' lang='lat' dir='ltr'><strong>toties</strong></span> <span class='ocrx_word' id='word_1_757' title='bbox 802 4756 831 4808; x_wconf 86' lang='lat' dir='ltr'><strong>et</strong></span> <span class='ocrx_word' id='word_1_758' title='bbox 841 4754 924 4808; x_wconf 89' lang='lat' dir='ltr'><strong>tanto</strong></span> <span class='ocrx_word' id='word_1_759' title='bbox 937 4758 1011 4809; x_wconf 82' lang='lat' dir='ltr'><strong>tern-</strong></span> <span class='ocrx_word' id='word_1_760' title='bbox 1053 4753 1111 4809; x_wconf 91' lang='lat' dir='ltr'><strong>lior</strong></span> <span class='ocrx_word' id='word_1_761' title='bbox 1130 4751 1235 4808; x_wconf 88' lang='lat' dir='ltr'><strong>mundi</strong></span> <span class='ocrx_word' id='word_1_762' title='bbox 1254 4765 1324 4822; x_wconf 86' lang='lat' dir='ltr'><strong>pars</strong></span> <span class='ocrx_word' id='word_1_763' title='bbox 1331 4791 1342 4820; x_wconf 91' lang='lat'><strong>,</strong></span> <span class='ocrx_word' id='word_1_764' title='bbox 1356 4751 1493 4824; x_wconf 89' lang='lat' dir='ltr'><strong>adeoque</strong></span> <span class='ocrx_word' id='word_1_765' title='bbox 1511 4752 1593 4809; x_wconf 89' lang='lat' dir='ltr'><strong>orbis</strong></span> <span class='ocrx_word' id='word_1_766' title='bbox 1612 4755 1753 4812; x_wconf 88' lang='lat' dir='ltr'><strong>horreum</strong></span> <span class='ocrx_word' id='word_1_767' title='bbox 1771 4757 1845 4816; x_wconf 83' lang='lat' dir='ltr'><strong>olim</strong></span> 
     </span>
     <span class='ocr_line' id='line_1_55' title="bbox 216 4831 1230 4918; baseline -0.009 -18"><span class='ocrx_word' id='word_1_768' title='bbox 216 4857 305 4918; x_wconf 89' lang='lat' dir='ltr'><strong>pore,</strong></span> <span class='ocrx_word' id='word_1_769' title='bbox 315 4840 419 4898; x_wconf 88' lang='lat' dir='ltr'><strong>leniter</strong></span> <span class='ocrx_word' id='word_1_770' title='bbox 433 4843 463 4895; x_wconf 91' lang='lat' dir='ltr'><strong>et</strong></span> <span class='ocrx_word' id='word_1_771' title='bbox 475 4839 618 4910; x_wconf 89' lang='lat' dir='ltr'><strong>patienter</strong></span> <span class='ocrx_word' id='word_1_772' title='bbox 638 4833 737 4892; x_wconf 90' lang='lat' dir='ltr'><strong>ierunt</strong></span> <span class='ocrx_word' id='word_1_773' title='bbox 751 4835 841 4904; x_wconf 90' lang='lat' dir='ltr'><strong>dura,</strong></span> <span class='ocrx_word' id='word_1_774' title='bbox 855 4836 971 4908; x_wconf 86' lang='lat' dir='ltr'><strong>perlida</strong></span> <span class='ocrx_word' id='word_1_775' title='bbox 982 4839 1011 4894; x_wconf 86' lang='lat' dir='ltr'><strong>ei</strong></span> <span class='ocrx_word' id='word_1_776' title='bbox 1053 4833 1154 4890; x_wconf 90' lang='lat' dir='ltr'><strong>habita</strong></span> <span class='ocrx_word' id='word_1_777' title='bbox 1164 4831 1230 4891; x_wconf 86' lang='lat' dir='ltr'><strong>fuit.</strong></span> 
     </span>
     <span class='ocr_line' id='line_1_56' title="bbox 216 4917 1972 4995; baseline 0.003 -13"><span class='ocrx_word' id='word_1_778' title='bbox 216 4926 344 4983; x_wconf 89' lang='lat' dir='ltr'><strong>minacia</strong></span> <span class='ocrx_word' id='word_1_779' title='bbox 366 4935 509 4995; x_wconf 84' lang='lat' dir='ltr'><strong>responsa</strong></span> <span class='ocrx_word' id='word_1_780' title='bbox 533 4917 694 4976; x_wconf 89' lang='lat' dir='ltr'><strong>Pharaonis</strong></span> <span class='ocrx_word' id='word_1_781' title='bbox 718 4918 858 4988; x_wconf 85' lang='lat' dir='ltr'><strong>tyranni,</strong></span> <span class='ocrx_word' id='word_1_782' title='bbox 882 4932 1010 4989; x_wconf 87' lang='lat' dir='ltr'><strong>eumque</strong></span> <span class='ocrx_word' id='word_1_783' title='bbox 1088 4921 1133 4974; x_wconf 84' lang='grc'><strong>13.</strong></span> <span class='ocrx_word' id='word_1_784' title='bbox 1148 4919 1264 4974; x_wconf 81' lang='lat' dir='ltr'><strong>Vauruu</strong></span> <span class='ocrx_word' id='word_1_785' title='bbox 1280 4931 1418 4974; x_wconf 74' lang='lat' dir='ltr'><strong>unaarum.</strong></span> <span class='ocrx_word' id='word_1_786' title='bbox 1433 4945 1469 4959; x_wconf 89' lang='lat'><em>-</em></span> <span class='ocrx_word' id='word_1_787' title='bbox 1482 4917 1619 4976; x_wconf 89' lang='lat' dir='ltr'><strong>llebraico</strong></span> <span class='ocrx_word' id='word_1_788' title='bbox 1631 4927 1738 4978; x_wconf 84' lang='lat' dir='ltr'><strong>uentum</strong></span> <span class='ocrx_word' id='word_1_789' title='bbox 1753 4921 1848 4982; x_wconf 82' lang='lat' dir='ltr'><strong>Orien·</strong></span> <span class='ocrx_word' id='word_1_790' title='bbox 1862 4940 1920 4986; x_wconf 82' lang='lat' dir='ltr'><strong>vers.</strong></span> <span class='ocrx_word' id='word_1_791' title='bbox 1931 4935 1972 4986; x_wconf 65' lang='lat' dir='ltr'><strong>att·</strong></span> 
     </span>
     <span class='ocr_line' id='line_1_57' title="bbox 216 4999 1848 5081; baseline -0.001 -17"><span class='ocrx_word' id='word_1_792' title='bbox 216 5024 297 5065; x_wconf 90' lang='lat' dir='ltr'><strong>nuno</strong></span> <span class='ocrx_word' id='word_1_793' title='bbox 310 5023 363 5081; x_wconf 87' lang='lat' dir='ltr'><strong>per</strong></span> <span class='ocrx_word' id='word_1_794' title='bbox 375 5019 493 5078; x_wconf 88' lang='lat' dir='ltr'><strong>preces,</strong></span> <span class='ocrx_word' id='word_1_795' title='bbox 508 5017 587 5059; x_wconf 92' lang='lat' dir='ltr'><strong>nunc</strong></span> <span class='ocrx_word' id='word_1_796' title='bbox 600 5016 654 5072; x_wconf 88' lang='lat' dir='ltr'><strong>per</strong></span> <span class='ocrx_word' id='word_1_797' title='bbox 667 4999 781 5068; x_wconf 88' lang='lat' dir='ltr'><strong>minae,</strong></span> <span class='ocrx_word' id='word_1_798' title='bbox 796 5013 876 5054; x_wconf 91' lang='lat' dir='ltr'><strong>nunc</strong></span> <span class='ocrx_word' id='word_1_799' title='bbox 885 5015 938 5070; x_wconf 93' lang='lat' dir='ltr'><strong>per</strong></span> <span class='ocrx_word' id='word_1_800' title='bbox 947 5001 1012 5071; x_wconf 91' lang='lat' dir='ltr'><strong>pla·</strong></span> <span class='ocrx_word' id='word_1_801' title='bbox 1055 5003 1154 5065; x_wconf 85' lang='lat' dir='ltr'><strong>talem,</strong></span> <span class='ocrx_word' id='word_1_802' title='bbox 1169 5002 1221 5074; x_wconf 89' lang='lat' dir='ltr'><strong>qui</strong></span> <span class='ocrx_word' id='word_1_803' title='bbox 1231 4999 1344 5056; x_wconf 90' lang='lat' dir='ltr'><strong>calidus</strong></span> <span class='ocrx_word' id='word_1_804' title='bbox 1358 5003 1401 5055; x_wconf 89' lang='lat' dir='ltr'><strong>est</strong></span> <span class='ocrx_word' id='word_1_805' title='bbox 1415 5004 1443 5055; x_wconf 91' lang='lat' dir='ltr'><strong>et</strong></span> <span class='ocrx_word' id='word_1_806' title='bbox 1455 5015 1543 5055; x_wconf 89' lang='lat' dir='ltr'><strong>urens</strong></span> <span class='ocrx_word' id='word_1_807' title='bbox 1557 5019 1564 5055; x_wconf 78' lang='grc' dir='ltr'>ι</span> <span class='ocrx_word' id='word_1_808' title='bbox 1580 5001 1628 5058; x_wconf 94' lang='lat' dir='ltr'><strong>hic</strong></span> <span class='ocrx_word' id='word_1_809' title='bbox 1641 5004 1720 5059; x_wconf 87' lang='lat' dir='ltr'><strong>enirn</strong></span> <span class='ocrx_word' id='word_1_810' title='bbox 1733 5010 1848 5063; x_wconf 90' lang='lat' dir='ltr'><strong>contra·</strong></span> 
     </span>
     <span class='ocr_line' id='line_1_58' title="bbox 218 5079 1849 5163; baseline -0.001 -16"><span class='ocrx_word' id='word_1_811' title='bbox 218 5106 271 5163; x_wconf 82' lang='lat' dir='ltr'><strong>gas</strong></span> <span class='ocrx_word' id='word_1_812' title='bbox 287 5091 327 5146; x_wconf 90' lang='lat' dir='ltr'><strong>ad</strong></span> <span class='ocrx_word' id='word_1_813' title='bbox 342 5089 511 5162; x_wconf 73' lang='lat' dir='ltr'><strong>equitatem</strong></span> <span class='ocrx_word' id='word_1_814' title='bbox 527 5085 642 5142; x_wconf 84' lang='lat' dir='ltr'><strong>flectere</strong></span> <span class='ocrx_word' id='word_1_815' title='bbox 660 5086 816 5138; x_wconf 90' lang='lat' dir='ltr'><strong>conantur.</strong></span> <span class='ocrx_word' id='word_1_816' title='bbox 831 5081 904 5138; x_wconf 90' lang='lat' dir='ltr'><strong>Sane</strong></span> <span class='ocrx_word' id='word_1_817' title='bbox 919 5083 1011 5138; x_wconf 87' lang='lat' dir='ltr'><strong>lloses</strong></span> <span class='ocrx_word' id='word_1_818' title='bbox 1053 5085 1115 5140; x_wconf 90' lang='lat' dir='ltr'><strong>rius</strong></span> <span class='ocrx_word' id='word_1_819' title='bbox 1133 5086 1176 5138; x_wconf 90' lang='lat' dir='ltr'><strong>cst</strong></span> <span class='ocrx_word' id='word_1_820' title='bbox 1193 5082 1388 5151; x_wconf 82' lang='lat' dir='ltr'><strong>occidentali,</strong></span> <span class='ocrx_word' id='word_1_821' title='bbox 1403 5079 1511 5138; x_wconf 89' lang='lat' dir='ltr'><strong>scilicet</strong></span> <span class='ocrx_word' id='word_1_822' title='bbox 1529 5085 1677 5156; x_wconf 83' lang='lat' dir='ltr'><strong>Favonio,</strong></span> <span class='ocrx_word' id='word_1_823' title='bbox 1691 5085 1800 5158; x_wconf 81' lang='lat' dir='ltr'><strong>frigido</strong></span> <span class='ocrx_word' id='word_1_824' title='bbox 1818 5094 1849 5146; x_wconf 89' lang='lat' dir='ltr'><strong>at</strong></span> 
     </span>
     <span class='ocr_line' id='line_1_59' title="bbox 217 5164 1849 5243; baseline 0 -14"><span class='ocrx_word' id='word_1_825' title='bbox 217 5173 266 5230; x_wconf 89' lang='lat' dir='ltr'><strong>hic</strong></span> <span class='ocrx_word' id='word_1_826' title='bbox 279 5171 402 5242; x_wconf 80' lang='lat' dir='ltr'><strong>angelus</strong></span> <span class='ocrx_word' id='word_1_827' title='bbox 414 5169 470 5226; x_wconf 88' lang='lat' dir='ltr'><strong>iuit</strong></span> <span class='ocrx_word' id='word_1_828' title='bbox 481 5169 601 5241; x_wconf 89' lang='lat' dir='ltr'><strong>potius,</strong></span> <span class='ocrx_word' id='word_1_829' title='bbox 614 5181 706 5238; x_wconf 89' lang='lat' dir='ltr'><strong>quam</strong></span> <span class='ocrx_word' id='word_1_830' title='bbox 720 5164 1012 5234; x_wconf 89' lang='lat' dir='ltr'><strong>homo.Legimusin</strong></span> <span class='ocrx_word' id='word_1_831' title='bbox 1053 5165 1195 5235; x_wconf 87' lang='lat' dir='ltr'><strong>humido,</strong></span> <span class='ocrx_word' id='word_1_832' title='bbox 1211 5164 1264 5238; x_wconf 89' lang='lat' dir='ltr'><strong>qui</strong></span> <span class='ocrx_word' id='word_1_833' title='bbox 1284 5164 1412 5222; x_wconf 91' lang='lat' dir='ltr'><strong>locustas</strong></span> <span class='ocrx_word' id='word_1_834' title='bbox 1434 5164 1488 5222; x_wconf 90' lang='lat' dir='ltr'><strong>has</strong></span> <span class='ocrx_word' id='word_1_835' title='bbox 1512 5181 1548 5224; x_wconf 83' lang='lat' dir='ltr'><strong>ex</strong></span> <span class='ocrx_word' id='word_1_836' title='bbox 1567 5169 1692 5242; x_wconf 82' lang='lat' dir='ltr'><strong>AEgypto</strong></span> <span class='ocrx_word' id='word_1_837' title='bbox 1714 5172 1798 5243; x_wconf 90' lang='lat' dir='ltr'><strong>ejecit</strong></span> <span class='ocrx_word' id='word_1_838' title='bbox 1817 5171 1849 5228; x_wconf 86' lang='lat' dir='ltr'><strong>ln</strong></span> 
     </span>
     <span class='ocr_line' id='line_1_60' title="bbox 222 5246 1954 5332; baseline 0.001 -19"><span class='ocrx_word' id='word_1_839' title='bbox 222 5257 296 5313; x_wconf 81' lang='lat' dir='ltr'><strong>Vitis</strong></span> <span class='ocrx_word' id='word_1_840' title='bbox 313 5259 442 5319; x_wconf 80' lang='lat' dir='ltr'><strong>Petrum,</strong></span> <span class='ocrx_word' id='word_1_841' title='bbox 455 5251 510 5309; x_wconf 91' lang='lat' dir='ltr'><strong>lib.</strong></span> <span class='ocrx_word' id='word_1_842' title='bbox 523 5253 584 5320; x_wconf 85' lang='lat' dir='ltr'><strong>Vll,</strong></span> <span class='ocrx_word' id='word_1_843' title='bbox 601 5265 668 5322; x_wconf 91' lang='lat' dir='ltr'><strong>cap.</strong></span> <span class='ocrx_word' id='word_1_844' title='bbox 681 5262 748 5318; x_wconf 82' lang='grc' dir='ltr'>ιιι,</span> <span class='ocrx_word' id='word_1_845' title='bbox 764 5246 801 5304; x_wconf 89' lang='lat' dir='ltr'><strong>de</strong></span> <span class='ocrx_word' id='word_1_846' title='bbox 816 5249 927 5304; x_wconf 75' lang='lat' dir='ltr'><strong>Ioanne</strong></span> <span class='ocrx_word' id='word_1_847' title='bbox 941 5248 1013 5306; x_wconf 85' lang='lat' dir='ltr'><strong>The·</strong></span> <span class='ocrx_word' id='word_1_848' title='bbox 1054 5248 1291 5306; x_wconf 77' lang='lat' dir='ltr'><strong>marchubrum.</strong></span> <span class='ocrx_word' id='word_1_849' title='bbox 1306 5249 1348 5304; x_wconf 89' lang='lat' dir='ltr'><strong>lta</strong></span> <span class='ocrx_word' id='word_1_850' title='bbox 1361 5248 1527 5308; x_wconf 73' lang='lat' dir='ltr'><strong>abulensis.</strong></span> <span class='ocrx_word' id='word_1_851' title='bbox 1541 5251 1649 5310; x_wconf 79' lang='lat' dir='ltr'><strong>Verum</strong></span> <span class='ocrx_word' id='word_1_852' title='bbox 1661 5253 1850 5332; x_wconf 83' lang='lat' dir='ltr'><strong>Septuaginta</strong></span> <span class='ocrx_word' id='word_1_853' title='bbox 1871 5270 1954 5315; x_wconf 72' lang='lat' dir='ltr'><strong>amur</strong></span> 
     </span>
    </p>
   </div>
   <div class='ocr_carea' id='block_1_3' title="bbox 220 5328 1960 5416">
    <p class='ocr_par' dir='ltr' id='par_1_3' title="bbox 220 5328 1960 5416">
     <span class='ocr_line' id='line_1_61' title="bbox 220 5328 1960 5416; baseline -0.004 -16"><span class='ocrx_word' id='word_1_854' title='bbox 220 5338 298 5411; x_wconf 77' lang='lat' dir='ltr'><strong>baso,</strong></span> <span class='ocrx_word' id='word_1_855' title='bbox 309 5335 455 5411; x_wconf 88' lang='lat' dir='ltr'><strong>discipulo</strong></span> <span class='ocrx_word' id='word_1_856' title='bbox 466 5331 586 5394; x_wconf 76' lang='lat' dir='ltr'><strong>abbatis</strong></span> <span class='ocrx_word' id='word_1_857' title='bbox 598 5330 761 5406; x_wconf 79' lang='lat' dir='ltr'><strong>Ammonis,</strong></span> <span class='ocrx_word' id='word_1_858' title='bbox 772 5330 856 5406; x_wconf 87' lang='lat' dir='ltr'><strong>quod</strong></span> <span class='ocrx_word' id='word_1_859' title='bbox 870 5330 932 5388; x_wconf 88' lang='lat' dir='ltr'><strong>seni</strong></span> <span class='ocrx_word' id='word_1_860' title='bbox 942 5329 1013 5389; x_wconf 89' lang='lat' dir='ltr'><strong>huie</strong></span> <span class='ocrx_word' id='word_1_861' title='bbox 1040 5411 1042 5416; x_wconf 68' lang='lat'><strong>,</strong></span> <span class='ocrx_word' id='word_1_862' title='bbox 1056 5335 1084 5388; x_wconf 91' lang='lat' dir='ltr'><strong>at</strong></span> <span class='ocrx_word' id='word_1_863' title='bbox 1097 5328 1179 5388; x_wconf 88' lang='lat' dir='ltr'><strong>Philo</strong></span> <span class='ocrx_word' id='word_1_864' title='bbox 1190 5332 1324 5388; x_wconf 78' lang='lat' dir='ltr'><strong>Austrum</strong></span> <span class='ocrx_word' id='word_1_865' title='bbox 1334 5335 1453 5390; x_wconf 82' lang='lat' dir='ltr'><strong>vertunt</strong></span> <span class='ocrx_word' id='word_1_866' title='bbox 1459 5349 1470 5403; x_wconf 89' lang='lat'>;</span> <span class='ocrx_word' id='word_1_867' title='bbox 1482 5332 1530 5390; x_wconf 91' lang='lat' dir='ltr'><strong>hic</strong></span> <span class='ocrx_word' id='word_1_868' title='bbox 1540 5335 1620 5393; x_wconf 88' lang='lat' dir='ltr'><strong>enim</strong></span> <span class='ocrx_word' id='word_1_869' title='bbox 1631 5333 1747 5396; x_wconf 86' lang='lat' dir='ltr'><strong>calidus</strong></span> <span class='ocrx_word' id='word_1_870' title='bbox 1758 5342 1786 5396; x_wconf 89' lang='lat' dir='ltr'><strong>et</strong></span> <span class='ocrx_word' id='word_1_871' title='bbox 1794 5335 1849 5396; x_wconf 90' lang='lat' dir='ltr'><strong>hu·</strong></span> <span class='ocrx_word' id='word_1_872' title='bbox 1873 5333 1960 5360; x_wconf 66' lang='lat'><strong>‘&#39;¹“</strong></span> 
     </span>
    </p>
   </div>
   <div class='ocr_carea' id='block_1_4' title="bbox 0 0 2097 6036">
    <p class='ocr_par' dir='ltr' id='par_1_4' title="bbox 0 0 2097 6036">
     <span class='ocr_line' id='line_1_62' title="bbox 0 0 2097 6036; baseline 0 0"><span class='ocrx_word' id='word_1_873' title='bbox 0 0 2097 6036; x_wconf 95' lang='lat' dir='ltr'><strong> </strong></span> 
     </span>
    </p>
   </div>
  </div>
 </body>
</html>
