4118 6042
269 373 324 435 0⁰!
764 369 1006 431 muscenti
1023 367 1058 432 lli
1075 367 1233 442 brunon,
1250 369 1314 432 titi.
1331 367 1398 432 m.

270 475 384 538 mitt
398 475 1061 550 sdtpmmrerticcm,eoqrettoeeneroest=
1139 481 1186 536 tt.
1201 481 1298 550 Vror,
1314 471 1473 549 ursmiblt,
1492 486 1530 522 -·
1547 479 1582 535 ut
1595 469 1802 536 sacerdotibus
1813 475 1908 534 etin
1919 482 2001 531 ῖιιιιι
2038 495 2039 500 ¹

269 564 362 622 loces
381 560 460 620 enlm
481 558 559 618 intra
580 558 719 618 uerticem
741 561 937 630 consistebat,
960 561 1063 636 ibique
1106 563 1261 620 denunties
1281 577 1319 620 ne
1335 555 1486 621 transeant
1502 559 1646 621 'terminos
1668 563 1795 632 mentis,
1815 564 1837 619 it
1857 573 1908 618 me
1918 545 2000 652 ἐπὶ
2039 558 2040 612 t

268 660 338 704 cum
353 647 425 713 tiso,
446 643 583 702 audiente
595 641 837 716 popinonum,
852 647 881 700 et
896 644 936 700 ad
947 644 1062 701 radices
1105 646 1221 720 populo
1231 647 1409 719 prestitutos
1422 663 1430 703 r
1444 647 1482 704 de
1495 646 1697 703 secerdotibus
1710 645 1791 703 enim
1802 644 1906 718 priore
1918 667 1944 710 e.
1968 669 2000 712 ᾖ

269 727 378 786 montis
392 728 582 797 consistente,
596 725 823 799 colloquebatur
838 744 846 783 r
862 728 941 786 unde
953 729 1002 786 lric
1012 729 1063 801 ju·
1105 729 1470 803 praeceptorers.2t,ntbll
1479 731 1569 802 attigi.
1581 729 1688 787 Deinde
1698 727 1902 795 «descendas
1925 735 1997 783 qna.

268 810 393 870 licturus
413 813 472 868 uec
491 810 523 868 in
541 825 683 868 cacumen
699 811 809 868 montis
827 811 1000 882 escendere,
1023 811 1063 870 ad
1106 817 1140 869 ut
1157 815 1301 872 severiore
1322 815 1476 872 interdicto
1494 818 1522 871 ct
1540 819 1629 888 poena
1645 813 1777 885 idipsum
1800 787 1999 894 firmasti?

269 893 354 968 quod
366 893 475 967 pariter
488 896 564 950 Deus
578 892 714 952 densiore
727 893 818 962 nube,
833 897 862 950 et
874 894 986 965 majore
1000 894 1064 966 glo-
1106 899 1135 952 ct
1148 897 1278 967 sancias,
1291 898 1426 955 uidelicet
1437 910 1498 955 non
1510 913 1527 954 a
1541 898 1669 970 populo,
1682 895 1768 952 seda
1778 909 1827 950 me
1843 895 1905 950 beo

269 977 314 1038 ria
327 976 488 1035 descendit.
507 978 663 1050 perperam
676 991 747 1049 ergo
760 976 899 1036 Caluinus
911 978 960 1036 bic
971 979 1064 1051 carpit
1105 982 1213 1048 vestrm
1226 989 1305 1050 cum,
1314 983 1367 1053 qui
1381 995 1466 1038 secus
1479 979 1562 1049 texit,
1576 979 1778 1050 terminosque
1790 973 1905 1032 montis

269 1063 405 1120 nosuun
418 1060 621 1133 interpretem,
636 1059 711 1118 dum
720 1060 785 1117 ruit
799 1062 972 1120 vertendum
988 1075 1063 1131 esse,
1106 1061 1262 1133 transterit,
1272 1061 1505 1120 interficiendum
1513 1077 1584 1120 esec.
1594 1064 1693 1126 Tertio,
1702 1057 1903 1126 coercendae

269 1158 332 1204 non
348 1145 498 1209 dssccudit,
513 1143 568 1202 scd
578 1143 748 1202 mercedest
768 1147 872 1210 cutem,
885 1144 1063 1216 scilicctjum
1106 1147 1139 1200 ttt
1152 1149 1249 1202 Aaron
1266 1147 1443 1204 destinatum
1462 1148 1524 1218 jum
1539 1145 1736 1211 sacerdotem,
1756 1147 1860 1199 tecum
1872 1141 1905 1197 in

270 1232 337 1288 ante
348 1243 426 1286 vere.
439 1229 485 1284 st.
1105 1231 1238 1285 montem
1256 1231 1295 1287 ad
1309 1245 1356 1287 me
1370 1231 1517 1301 adducas,
1531 1231 1621 1302 idque
1635 1229 1693 1285 hoc
1706 1227 1783 1295 line,
1799 1229 1833 1282 ut
1846 1223 1905 1282 bac

153 1317 256 1364 umet.
305 1314 353 1370 st.
367 1313 407 1370 tlt
426 1325 518 1370 rcere
536 1325 618 1369 vestr
635 1322 852 1368 sumserimus
865 1323 1014 1368 summos.
1027 1341 1065 1356 -
1105 1309 1219 1368 ratione
1233 1313 1296 1383 ejus
1309 1313 1507 1371 secerdotium
1521 1327 1598 1370 eme
1615 1311 1731 1385 populo
1748 1321 1904 1366 commen-

270 1395 409 1455 ilebraica
420 1399 482 1465 est,
495 1409 530 1451 ιιι
541 1395 695 1459 destruunt,
710 1409 744 1450 ne
757 1393 909 1466 dissipent,
923 1393 1064 1465 subaudi,
1107 1391 1203 1465 detur,
1215 1394 1318 1468 illique
1329 1396 1381 1454 flet
1390 1395 1557 1454 venerabile
1571 1399 1600 1452 et
1609 1391 1818 1460 reverendum,
1830 1404 1904 1447 curn

270 1479 429 1538 terminum
449 1493 468 1534 e
487 1491 536 1534 me
555 1478 706 1534 statutum.
730 1475 810 1532 Unde
830 1476 929 1548 colligi
948 1477 1065 1533 videtur
1105 1477 1186 1534 hunc
1203 1495 1222 1536 a
1238 1495 1286 1537 me
1302 1480 1448 1537 honorem
1467 1479 1575 1537 aaroni
1592 1477 1697 1536 deterri
1718 1473 1849 1543 videbit,
1871 1479 1906 1530 ut

270 1563 394 1624 timitem
405 1561 485 1620 hunc
498 1563 527 1618 et
539 1559 699 1618 terminum
713 1573 782 1631 sepe
796 1557 912 1632 alique,
927 1557 1064 1632 scipulis
1106 1577 1176 1620 eum
1194 1577 1260 1620 mea
1277 1563 1433 1621 vocatione
1452 1569 1480 1619 et
1493 1561 1647 1636 prasentia
1666 1559 1783 1630 digner.
1798 1558 1905 1626 orsorio

270 1647 436 1706 obductum
447 1644 547 1716 tuisse,
562 1657 630 1717 qum
643 1641 793 1700 accedenti
804 1643 845 1700 ad
856 1645 989 1700 montem
1003 1640 1064 1698 dis·
1105 1651 1134 1704 ιι
1147 1647 1285 1718 maxime,
1301 1649 1505 1720 «descende»
1521 1651 1554 1705 ut
1565 1652 1609 1716 tu,
1624 1647 1758 1714 oitcses,
1770 1641 1830 1700 sub
1839 1657 1907 1699 vcr-

266 1730 397 1803 jicienda
408 1727 492 1786 foret.
1105 1730 1161 1788 tice
1177 1731 1288 1790 montis
1300 1747 1376 1806 pene
1390 1745 1458 1789 cuin
1479 1730 1593 1806 populo
1607 1727 1801 1797 constitutus,
1820 1724 1908 1782 velut

151 1818 213 1870 vus.
222 1824 256 1868 ts.
305 1815 351 1872 ib.
367 1815 546 1872 secerneres
564 1823 679 1879 quocun
696 1825 746 1877 cur
764 1821 908 1869 sccundus
923 1825 962 1867 ru
977 1812 1065 1866 bort·
1105 1825 1184 1872 unue
1197 1830 1234 1873 ex
1247 1831 1285 1874 eo
1297 1818 1393 1889 legem
1405 1831 1513 1886 meam,
1525 1819 1598 1888 puta
1608 1813 1787 1883 Deoalogum
1799 1812 1907 1884 (quem

270 1911 347 1968 uun,
368 1903 618 1964 eiucrrrtcrurur,
637 1908 674 1952 ur
693 1905 847 1952 rsrcurmr
864 1907 925 1952 ecs.
939 1923 975 1936 -
995 1897 1063 1951 Nuc-
1106 1913 1171 1973 cnp.
1193 1913 1255 1974 seq.
1277 1915 1313 1960 er
1335 1901 1402 1959 Sina
1422 1898 1644 1975 proclamabo),
1659 1897 1707 1955 cui
1728 1899 1762 1952 tu
1775 1909 1907 1967 quoque

271 1982 344 2040 dum
358 1985 455 2038 Aaron
472 1980 595 2053 ejusque
609 1977 663 2035 tilii
675 1978 764 2035 creati
776 1982 859 2036 erant
872 1979 1037 2035 secerdotes
1052 1993 1062 2035 r
1106 1981 1256 2054 subtectus
1269 1998 1311 2056 es,
1325 1984 1445 2056 audiee3
1461 1983 1514 2042 sed
1526 1980 1762 2042 honorationem
1774 1977 1907 2036 subticet

270 2065 436 2126 meaootes
450 2063 582 2134 argubio
596 2061 731 2134 intelligit
743 2075 809 2133 ecs,
828 2061 961 2136 quiante
975 2067 1065 2119 lero·
1105 2065 1152 2124 hio
1168 2069 1252 2124 Deus.

270 2165 340 2212 nem
353 2150 526 2225 inpopulo,
539 2149 652 2219 exlege
666 2153 779 2206 naturae
791 2152 874 2208 erunt
886 2149 1063 2220 secerdotes,
1139 2143 1906 2222 suegoriee,pr0mutgetiotegisvetertssignitieabet
1930 2155 2004 2226 'tuce

270 2246 348 2310 quos
367 2234 453 2292 multi
474 2237 581 2307 putent
600 2231 691 2289 fuisse
707 2231 921 2305 primogenitos
939 2231 1064 2288 lumilie-
1105 2232 1375 2305 promulgationem
1388 2233 1461 2305 legis
1471 2243 1576 2290 norm:
1591 2235 1716 2304 utreque
1729 2229 1812 2285 enim
1823 2227 1905 2284 iacta
1916 2217 2005 2331 ”hm

269 2334 348 2376 rum.
364 2320 405 2375 lta
418 2318 583 2388 cajetanus,
596 2315 774 2388 lipomanus
783 2320 812 2374 et
826 2315 887 2372 ulii.
900 2313 983 2372 'iales
993 2329 1063 2372 sene
1105 2316 1148 2370 est
1160 2313 1208 2372 die
1217 2315 1464 2388 quinquagesimo
1476 2333 1495 2373 a
1507 2315 1661 2390 paschate,
1672 2315 1746 2386 puto
1756 2313 1789 2368 in
1800 2315 1906 2384 penta-
1917 2338 1971 2382 ειη

269 2399 360 2460 tuisse
378 2401 515 2458 ridentur
526 2400 649 2468 juvenes
670 2397 724 2468 illi,
745 2412 824 2470 quos
843 2399 951 2468 Moses,
968 2397 1063 2470 capite
1105 2401 1200 2470 coste3
1220 2397 1263 2455 ibi
1274 2403 1359 2456 terroe
1374 2404 1458 2457 motu
1471 2398 1647 2457 contremuit
1665 2411 1769 2467 mons,
1783 2395 1833 2452 hic
1848 2397 1905 2452 do-

271 2500 349 2556 xrtr,
362 2501 439 2542 vers.
454 2487 483 2551 o,
494 2482 573 2539 misit
586 2480 740 2540 immolare
754 2481 929 2538 holocausta
943 2481 991 2554 (i).
1106 2497 1174 2539 mus
1195 2483 1427 2556 discipulorum
1448 2482 1490 2541 ibi
1503 2485 1578 2542 inter
1592 2483 1729 2539 tlammtts
1742 2481 1861 2553 ignium
1875 2481 1905 2535 et

306 2571 380 2627 itote
392 2571 418 2622 rt
428 2570 477 2638 qut
489 2567 620 2622 accedent
632 2566 833 2630 mnostrum,
848 2583 876 2636 q.
887 2567 917 2622 d.
930 2566 1063 2634 Quorum
1105 2565 1244 2624 micantia
1255 2566 1375 2638 fulgure
1384 2567 1485 2638 tragon
1494 2568 1694 2626 tonitruorum
1702 2562 1900 2638 personabat,

270 2661 382 2710 munus
394 2653 437 2707 eet
451 2649 588 2708 accedere
601 2648 641 2706 ed
660 2647 835 2718 bominum,
854 2651 889 2704 ut
906 2648 1021 2706 orando
1035 2652 1065 2705 et
1105 2647 1153 2706 hic
1166 2659 1235 2706 cum
1248 2651 1402 2720 igneorum
1415 2650 1527 2709 visione
1538 2650 1709 2722 linguarum
1720 2646 1836 2704 sonitus
1847 2660 1905 2718 pn-

271 2733 465 2795 eecn'licando
485 2733 545 2790 sint
564 2731 741 2790 mediatores
761 2731 837 2788 inter
849 2732 943 2789 iteum
960 2737 990 2788 et
1010 2747 1064 2806 po·
1105 2732 1174 2791 riter
1187 2735 1225 2792 de
1236 2723 1311 2793 cralo
1329 2739 1472 2809 unquam
1483 2734 1603 2810 spiritus
1615 2731 1799 2791 vehementis
1812 2731 1906 2788 edre-

269 2819 386 2894 puluni.
401 2815 487 2874 iubet
500 2829 571 2888 ergo
589 2816 666 2872 Deus
679 2814 845 2872 sacerdotes
858 2829 929 2872 cum
941 2815 1062 2887 ceteris,
1105 2817 1164 2889 nit3
1183 2815 1226 2876 lbi
1244 2819 1366 2890 clangor
1380 2819 1513 2875 buccinae
1531 2817 1623 2875 rerba
1641 2815 1716 2888 legis
1736 2817 1906 2888 perstrepe·

270 2903 332 2962 imo
343 2915 406 2975 prat
420 2899 530 2959 ceteris
542 2897 729 2968 eancdficeri,
744 2896 843 2967 idest,
857 2907 890 2955 se
903 2899 1065 2957 mundare
1104 2897 1174 2971 bat,
1192 2901 1240 2959 liic
1260 2901 1333 2959 tube
1345 2904 1519 2975 Euangeliou
1530 2901 1740 2976 Apostolorum
1754 2914 1807 2956 cre
1820 2898 1906 2956 inso-

271 2987 311 3046 ab
323 2985 405 3045 omni
414 2985 502 3043 sorde
516 2989 544 3042 et
557 2983 685 3054 macule,
694 2980 869 3040 vestimenta
880 2981 989 3054 lauare,
998 2984 1065 3042 ebs·
1106 2985 1180 3043 nult.
1199 2987 1242 3044 lta
1255 2987 1332 3044 Beda
1347 2989 1377 3044 in
1391 2985 1515 3044 homilia
1526 2985 1634 3057 vigilie
1653 2983 1853 3051 rouecestre,
1875 2985 1906 3040 et

271 3071 363 3131 tinere
373 3065 576 3138 meroribus,
583 3071 612 3124 et
620 3070 786 3125 reverenter
795 3068 963 3140 exspectare
974 3069 1066 3126 Deum
1106 3070 1133 3124 s.
1149 3069 1343 3142 Hieronymus
1357 3069 1395 3127 cd
1409 3072 1562 3138 Fobtctomr
1580 3067 1656 3142 quin
1672 3071 1702 3124 et
1724 3065 1904 3139 apostotus,

272 3153 405 3225 decalogi
419 3152 683 3226 promulgatorem.
1106 3151 1188 3208 debr.
1205 3165 1270 3224 cap.
1288 3167 1346 3222 xri,
1366 3166 1443 3210 cers.
1459 3156 1516 3211 ter
1533 3155 1619 3209 «iton
1631 3151 1711 3208 euim
1728 3149 1904 3218 accesdstis,

152 3243 259 3298 tutu.
307 3239 353 3296 23.
373 3239 510 3304 brxtrquc
527 3237 640 3293 Morsus
654 3251 664 3292 r
677 3236 739 3292 tior
756 3247 875 3294 rormrr
893 3249 1001 3294 totoue
1018 3251 1066 3294 es-
1108 3233 1219 3307 inquit,
1239 3237 1279 3294 ed
1291 3235 1474 3295 tractabilem
1486 3239 1633 3304 montem,
1652 3239 1680 3293 et
1692 3233 1904 3292 accensibilem

271 3329 398 3380 mucuns
412 3335 441 3378 ιιι
454 3331 586 3387 scursa,
601 3335 629 3389 q.
645 3318 675 3375 d.
689 3320 753 3376 iton
763 3323 922 3391 praesumet
934 3320 1066 3393 populus
1108 3317 1295 3390 (aooensum)
1316 3320 1430 3391 ignem,
1450 3324 1479 3378 et
1496 3318 1662 3388 turbinem,
1677 3323 1706 3374 et
1723 3316 1903 3388 mbgiuem,

272 3401 315 3475 io,
328 3404 412 3478 quod
423 3403 503 3460 scite
514 3407 542 3459 te
556 3401 679 3459 vetitum
689 3400 747 3458 sub
760 3415 849 3474 poeua
861 3402 981 3460 mortis:
996 3416 1067 3460 con-
1107 3405 1136 3458 et
1148 3402 1325 3476 procellam,
1342 3410 1370 3460 et
1382 3404 1463 3462 tubae
1480 3416 1588 3462 sonum
1596 3421 1605 3474 3
1622 3403 1675 3460 sed
1687 3401 1850 3460 accessistis
1862 3401 1903 3458 ad

272 3487 437 3546 suetudinis
457 3491 487 3544 et
502 3485 646 3558 coloquii
663 3483 756 3542 divini
776 3485 893 3542 avidior
904 3487 996 3543 itoses
1014 3487 1066 3544 dc·
1108 3484 1177 3542 Sion
1191 3489 1340 3557 montem,
1354 3491 1383 3544 et
1400 3485 1547 3544 civitatem
1563 3485 1612 3542 [tei
1631 3485 1773 3555 viventis,
1787 3487 1904 3542 Jerusa-

271 3574 418 3643 precatur,
432 3571 461 3626 et
470 3571 591 3628 excusat
603 3581 645 3639 se,
659 3566 847 3639 nejubeotnr
856 3569 951 3626 redire
964 3569 1005 3627 ed
1013 3583 1068 3642 po·
1108 3567 1169 3626 lem
1180 3569 1342 3640 celestem,
1355 3574 1384 3626 et
1399 3569 1562 3628 multorum
1580 3567 1708 3626 millium
1725 3569 1903 3640 angelorum

271 3653 390 3727 pidum.
1108 3651 1320 3726 frequentiam,
1339 3654 1411 3726 etcr
1425 3652 1538 3724 ridete,
1555 3665 1594 3712 ne
1615 3655 1755 3711 recusetis
1776 3651 1903 3726 loquen-

307 3739 504 3794 'issrrrrcerus
516 3748 563 3803 rs,
575 3761 612 3776 -
624 3733 803 3806 protestatus
815 3747 857 3790 es.
1108 3739 1178 3792 tem
1196 3756 1211 3791 ι

309 3820 474 3877 Ssucrtmm
494 3831 596 3888 ιιιιιιι,
616 3833 645 3889 q.
659 3816 688 3872 d.
708 3817 835 3874 licutem
847 3815 916 3874 Sine
929 3818 1066 3890 termino,
1143 3821 1189 3876 id.
1214 3821 1424 3889 bescnucrrour
1445 3822 1556 3878 liorem
1577 3832 1616 3878 tu
1637 3830 1788 3892 scrutur,
1812 3851 1849 3864 -
1869 3825 1999 3880 utteris

273 3902 322 3960 rel
341 3913 411 3975 sepe
432 3899 534 3973 aliqua
555 3915 660 3974 separe
682 3897 722 3960 ab
745 3913 864 3956 accessu
885 3899 1009 3973 populi,
1028 3907 1068 3958 .ut
1108 3907 1289 3976 preceptum
1302 3905 1342 3961 de
1355 3917 1417 3961 non
1429 3903 1673 3974 transgrediendo
1687 3903 1779 3961 limite
1791 3905 1902 3962 montis

274 3985 348 4047 mihi
361 3985 417 4045 soli
430 3985 579 4044 monshic
592 3985 679 4060 quasi
691 3983 805 4041 dicatus
819 3982 964 4043 uideatur.
1108 3987 1224 4060 populo
1242 3988 1445 4061 promulgaret
1466 4007 1474 4044 ε
1494 4003 1557 4062 quo
1581 3988 1658 4045 iacto
1681 3989 1778 4045 statim
1799 3997 1902 4045 rursus

1109 4082 1178 4128 cum
1196 4070 1285 4129 trabe
1298 4075 1429 4143 berone,
1444 4072 1486 4130 uti
1500 4073 1526 4130 ct
1538 4073 1664 4144 jusserat
1678 4074 1752 4130 [teus
1764 4087 1842 4129 vers.
1855 4063 1902 4143 si,

306 4183 344 4250 (t)
356 4183 477 4238 Observat
490 4183 644 4247 ebernensi,
664 4185 765 4244 Mosen,
783 4189 842 4234 unte
855 4181 972 4234 laconici
984 4195 1069 4236 mcer-
1108 4154 1240 4249 ³⁵⁰0&st
1252 4153 1466 4250 alquOquues
1478 4155 1519 4214 sta
1531 4157 1566 4213 ²¹²
1578 4172 1596 4213 fl
1609 4155 1724 4230 P⁰Plll⁰
1737 4155 1778 4214 ad
1790 4157 1903 4214 fflfflssss

275 4255 340 4310 dctii
355 4255 557 4317 iustitutionem,
568 4253 688 4317 delegisse
703 4265 735 4303 ex
749 4251 877 4316 israelitis,
891 4255 962 4304 nulle
974 4253 1069 4305 ordinis
1109 4241 1217 4294 m⁰11t¹S
1229 4239 1323 4294 Sldssle
1334 4239 1469 4310 distaret,
1479 4243 1513 4298 ut
1524 4244 1604 4311 patet
1615 4254 1680 4313 cup.
1695 4253 1744 4309 Π,
1758 4249 1837 4298 vers.
1853 4244 1888 4298 19
1893 4259 1903 4310 3

275 4328 393 4380 ducendi
401 4328 499 4380 ratione
510 4323 729 4386 babita,juvenes
741 4323 832 4374 rubere
849 4324 880 4373 ad
890 4323 1012 4374 sacrificia
1024 4324 1069 4374 illa
1109 4319 1211 4393 ibique
1219 4323 1312 4378 Moses
1322 4325 1403 4379 siuns
1414 4323 1527 4381 audivit
1536 4322 1712 4394 Deculogum
1724 4324 1905 4396 proclamari

275 4399 385 4466 pueude
399 4393 554 4476 subicienter
567 4395 710 4476 {lilium-
720 4395 806 4444 R⁰b¹¹i
821 4395 911 4458 uttqne
924 4396 1069 4478 requireba-
1109 4401 1149 4459 ab
1162 4403 1279 4475 angelo,
1293 4401 1422 4478 ideoque
1438 4409 1542 4480 postea
1555 4409 1693 4463 evocatus
1715 4407 1747 4462 in
1768 4407 1905 4464 vertimm

275 4475 319 4520 tur
332 4481 385 4518 non
397 4468 524 4517 mediocre
536 4463 569 4515 ad
581 4477 702 4528 Juvencos
713 4466 798 4528 plures
811 4467 1015 4529 prosternendos,
1027 4480 1068 4528 ιιι·
1109 4489 1256 4558 ascendit,
1270 4501 1336 4561 cap.
1350 4499 1402 4558 n,
1412 4501 1488 4546 veis.
1502 4488 1552 4556 Ἠ,
1568 4495 1740 4562 accepturus
1761 4489 1876 4547 ibidem
1888 4500 1907 4548 n

276 4533 1069 4670 ffiffiffdffigjgfflffisfiffioeffiffi‘daeffiffiffissoeffi
1109 4570 1169 4628 Deo
1180 4569 1261 4640 leges
1279 4571 1352 4628 oties
1365 4571 1583 4630 ceremoniales
1601 4577 1629 4629 et
1638 4573 1812 4644 judiciales,
1832 4579 1908 4632 tuiti·

276 4677 309 4730 de
327 4689 401 4728 ceum
418 4675 498 4726 Greci
517 4674 593 4725 etiam
614 4676 712 4739 antiqui
733 4675 760 4726 in
777 4675 906 4727 sacrificiis
921 4675 1069 4742 apparandis
1109 4656 1908 4729 ‘luefflffllffln¹³²130P¹¹¹1¹¹1¹fld¹3l¹⁸tl'³¹⁸¹⁹¹1li⁸¹²rtn
1945 4681 1950 4692 '

274 4747 400 4813 juvemur
419 4757 495 4812 opere
506 4753 566 4798 suut
584 4746 632 4798 usi.
644 4747 684 4801 ot.
699 4746 765 4798 intre
781 4758 852 4812 xxiv,
865 4752 889 4798 tt
1110 4738 1191 4808 petet
1204 4739 1313 4796 nemer.
1329 4750 1395 4812 cap.
1411 4755 1443 4811 v,
1457 4752 1533 4798 vers.
1546 4741 1592 4800 30.
