4018 5976
239 411 292 468 lto
732 415 976 476 constabilitis
994 419 1028 474 IN
1046 419 1202 489 executi,
1225 431 1288 478 dte.
1306 421 1384 478 XXX.

116 509 201 562 Μ·
238 515 542 590 capalenensis.
556 515 814 584 Tertic,hihabent
823 520 1028 581 cubitumlon-
1069 523 1180 581 calatas
1192 543 1200 581 ε
1211 540 1249 583 ne
1261 525 1314 582 illa
1325 525 1480 598 vigilanter
1487 527 1591 596 emota,
1602 540 1671 600 qnae
1684 523 1784 584 oranti
1796 525 1866 600 plu-

238 596 379 669 gitudinis
392 601 421 654 et
434 597 606 671 latitudinis,
620 602 691 674 quia
704 609 949 677 oequamservant
963 606 1029 664 lon·
1070 607 1178 664 dmum
1198 609 1360 668 necessaria
1380 613 1438 678 ast,
1459 625 1514 682 per
1537 610 1741 684 productiores
1763 623 1865 668 morae

237 679 437 752 ganimitatcm
451 681 483 739 ln
497 681 653 757 quibusvis
665 685 799 746 adversis
817 688 1027 763 undecumque
1069 695 1223 752 evanescat
1243 697 1332 766 atque
1348 691 1502 756 hebetetur
1520 692 1678 756 intentior
1699 693 1781 759 idem
1798 709 1866 754 rur·

236 764 777 840 immissis,quiaiuomnibusuaum
790 772 1028 844 cogitant,idcst
1070 789 1157 834 sum:
1174 775 1543 845 coratio,ait.estanime
1557 781 1663 836 senece
1677 777 1864 852 presidium,
1934 781 1943 802 ¹

237 851 344 924 ocum,
359 867 450 928 aquo
467 851 523 910 sibi
537 853 599 911 haec
613 852 730 912 immitti
741 855 850 926 sciunt,
863 861 891 913 ct
905 872 960 932 pro
975 873 1026 913 cu·
1070 855 1175 928 angelo
1189 857 1271 915 bono
1284 859 1439 931 solatium,
1453 859 1576 920 diabolo
1590 859 1784 933 supplicium,
1797 873 1865 931 gra·

235 933 284 1006 jus
301 934 416 993 honore
439 941 468 994 et
485 937 635 994 voluntate
657 937 759 995 omnia
779 937 905 996 libenter
923 955 1028 1014 perpe·
1068 944 1133 995 tum
1148 943 1205 998 ileo
1220 939 1413 1013 obsequium,
1427 945 1456 998 et
1469 943 1646 1015 poenitentiae
1659 957 1695 999 ac
1708 942 1863 1012 religionis

236 1017 365 1089 ιιιιιιιιιι;
391 1019 501 1076 habent
523 1025 552 1077 et
573 1019 650 1079 duos
670 1021 785 1079 cubitos
806 1024 837 1080 in
858 1023 1026 1094 altitudine,
1070 1022 1135 1078 laus
1148 1027 1226 1094 tcta,
1240 1024 1368 1098 perfecta
1380 1024 1489 1094 gloria,
1503 1039 1572 1098 spes
1587 1027 1683 1094 certe,
1696 1026 1806 1088 muita!
1818 1025 1864 1090 ne

235 1104 309 1176 quia
319 1107 381 1161 tam
394 1079 517 1179 ffirporo
531 1121 624 1180 quam
635 1110 733 1164 mente
744 1106 776 1164 in
789 1106 915 1164 cmlestia
928 1105 1028 1166 ierun-
1069 1111 1219 1180 corrupta.
1235 1127 1248 1162 s
1265 1108 1345 1169 idem
1359 1109 1397 1164 ad
1409 1111 1519 1168 lliceeor
1545 1126 1555 1166 c
1581 1127 1597 1166 c
1626 1111 1696 1182 lloc,
1708 1109 1759 1188 ait,
1770 1123 1864 1180 nego-

235 1196 293 1264 tur‚
309 1190 469 1266 ιιιειιιιιιιιιε
484 1207 553 1250 cum
568 1191 679 1260 Psalle,
692 1193 792 1248 Parim.
803 1205 907 1250 ιιιιιιι
923 1209 931 1247 :
946 1193 1027 1252 acor
1069 1190 1144 1249 tium
1165 1191 1235 1264 plus
1258 1191 1415 1264 gemitibus
1435 1207 1528 1270 quam
1549 1192 1736 1250 sermonibus
1752 1193 1862 1264 agitur,

235 1291 336 1335 meum
345 1278 373 1334 et
382 1291 451 1334 caro
460 1289 528 1334 mea
539 1273 783 1330 exultaveruntin
793 1277 884 1334 Deum
894 1273 1023 1333 virumn
1068 1273 1137 1346 plus
1150 1273 1221 1334 lietu
1235 1289 1327 1348 quam
1343 1273 1470 1332 allatu.»
1487 1277 1573 1345 Nam,
1585 1277 1618 1330 ut
1634 1275 1676 1332 ait
1691 1277 1722 1332 S.
1735 1275 1864 1349 Chryso-

117 1362 203 1416 orne.
236 1359 356 1426 Quarto,
370 1357 667 1432 hiquetuorhabent
684 1373 814 1427 cornua,
828 1357 860 1414 id
875 1361 936 1428 est,
953 1373 1026 1434 qua-
1068 1360 1195 1428 stomus,
1223 1361 1330 1414 «Deus
1350 1373 1412 1415 non
1434 1359 1477 1414 eet
1493 1357 1589 1428 vocis,
1612 1355 1667 1414 sed
1684 1357 1785 1418 cordis
1806 1371 1862 1418 au·

234 1447 302 1500 tuor
314 1441 435 1500 viantes
449 1439 611 1498 cardinales
627 1455 664 1496 ex
684 1440 785 1510 altari,
795 1441 826 1496 id
839 1444 896 1511 est,
911 1457 948 1499 ex
958 1441 1025 1514 ipso
1068 1439 1183 1498 ditono

116 1531 202 1584 mun.
234 1527 332 1584 cordis
352 1525 420 1584 sinu
439 1528 469 1582 et
486 1524 604 1592 habitu,
619 1527 782 1582 manentes.
802 1525 920 1592 Quinto,
941 1526 1025 1584 crati·
1102 1527 1135 1582 Et
1148 1526 1176 1584 S.
1191 1525 1386 1598 Hieronymus
1397 1525 1430 1584 iu
1442 1527 1533 1598 Epist.
1545 1543 1554 1584 r
1567 1524 1798 1600 «Egredientes,
1809 1527 1861 1600 ait,

234 1611 301 1668 cula
314 1615 357 1672 est
372 1625 424 1672 cor
437 1624 556 1676 corum,
570 1607 602 1666 in
615 1623 676 1680 quo
690 1611 822 1664 aromata
838 1607 889 1664 illa
904 1609 964 1668 Deo
982 1608 1026 1666 in·
1067 1608 1103 1666 de
1114 1607 1243 1682 hospitio
1253 1612 1346 1666 armet
1356 1607 1462 1678 oratio,
1470 1607 1703 1682 regredientibus
1714 1607 1752 1667 de
1762 1609 1864 1686 platee

235 1693 417 1762 renduntur,
436 1691 468 1748 in
485 1689 595 1766 quibus
614 1689 639 1745 si
652 1689 727 1762 quid
746 1689 783 1746 sit
799 1689 902 1746 cineris
918 1691 1024 1748 terreni
1066 1691 1357 1748 occurratzsessione
1367 1691 1451 1764 prius
1461 1691 1673 1768 corpusculum
1681 1705 1718 1750 ne
1729 1693 1863 1767 requies·

234 1775 356 1844 decidit,
370 1779 403 1832 ut
416 1789 492 1848 pura
514 1771 658 1830 alteratio
674 1775 703 1829 et
720 1771 784 1829 laus
804 1773 869 1842 liei,
887 1788 1023 1846 puraque
1065 1777 1121 1843 cat,
1135 1789 1226 1846 quarn
1245 1774 1297 1832 illa
1310 1774 1442 1831 enimam
1459 1779 1597 1846 pascat.»
1857 1773 1863 1780 '

114 1867 186 1914 eun·
233 1861 291 1917 sint
305 1857 404 1918 cordis
416 1857 571 1915 desideria.
590 1856 686 1922 Serto,
701 1871 812 1913 corona
824 1871 915 1916 auree
934 1857 1025 1928 signi·
1101 1859 1134 1915 at
1146 1859 1175 1917 S.
1193 1857 1339 1927 isidorus,
1352 1856 1431 1916 libro
1451 1859 1484 1918 ιιι
1507 1861 1546 1916 lle
1564 1873 1667 1918 summo
1682 1862 1773 1928 Bone,
1792 1879 1862 1940 cap.

113 1949 215 2008 sepiem·
232 1943 452 2003 iicatcorcnam
461 1941 519 2000 illic
528 1942 726 2015 preparatam
740 1939 771 1996 in
785 1939 874 1998 coelb.
888 1941 1020 2012 Septimo,
1065 1953 1114 1998 rur
1130 1958 1138 1996 ε
1155 1941 1253 2010 «Qui,
1267 1940 1323 2010 ait,
1337 1939 1403 2002 vult
1415 1956 1485 2000 cum
1500 1943 1559 2001 ecc
1574 1957 1691 2016 semper
1706 1958 1770 2000 esse
1777 1985 1788 2016 ,
1805 1943 1864 2004 fre-

232 2031 362 2102 quatuor
376 2024 478 2086 annuli
493 2039 563 2084 cum
573 2023 707 2082 vectibus
722 2024 802 2080 dona
819 2028 886 2080 sunt
900 2024 1022 2100 Spiritus
1064 2027 1186 2096 quentcr
1200 2021 1288 2080 debet
1302 2037 1386 2081 orare
1401 2026 1430 2080 et
1442 2022 1549 2094 legere.
1561 2025 1713 2084 Nemeum
1726 2041 1861 2100 oramus,

232 2111 342 2182 Sancti,
354 2107 465 2184 quibus
478 2105 518 2164 ab
532 2121 567 2166 eo
579 2105 650 2176 justi
661 2105 744 2164 iacile
758 2110 923 2176 moventur,
940 2112 969 2164 et
983 2108 1022 2165 ad
1063 2105 1118 2179 ipsi
1130 2123 1199 2163 cum
1213 2109 1270 2164 lieo
1282 2105 1436 2180 loquimur
1446 2125 1454 2164 :
1464 2123 1534 2165 cum
1547 2123 1618 2166 vero
1632 2107 1769 2182 legimns,
1783 2113 1862 2169 ilaus

111 2202 200 2250 ocare
230 2197 371 2270 praeclara
383 2192 514 2250 facinora
527 2189 697 2248 excitantur.
710 2190 818 2256 Octauo,
829 2193 936 2247 codem
949 2195 1021 2249 tem·
1062 2191 1221 2254 nobiscum
1238 2191 1408 2264 loquitur.»
1432 2193 1466 2250 lit
1485 2207 1556 2250 mox
1571 2209 1581 2248 ε
1597 2209 1613 2248 e
1627 2195 1687 2250 lloc
1703 2199 1748 2252 est
1764 2211 1863 2254 mma·

231 2295 303 2352 pore
318 2275 497 2334 offerebatur
510 2274 688 2348 thymiama.
707 2289 767 2345 quo
787 2278 816 2330 ct
830 2274 899 2344 juge
912 2275 1022 2333 sacrifi-
1062 2275 1147 2336 dium
1162 2278 1226 2348 ejus
1244 2277 1297 2350 qui
1317 2275 1458 2340 vitiorum
1469 2278 1655 2340 ιειιιεωειιιιε
1676 2283 1796 2353 estuat,
1811 2289 1859 2354 ut,

231 2363 326 2432 cium,
342 2361 413 2434 quia
425 2361 487 2416 haec
498 2359 577 2426 duo,
590 2357 700 2414 scilieet
713 2356 913 2428 mortificatio,
928 2373 1021 2434 quam
1062 2360 1177 2434 quoties
1197 2360 1332 2434 quolibet
1349 2360 1421 2422 vitio
1434 2363 1578 2436 tangitur,
1593 2363 1678 2422 toties
1691 2363 1859 2421 orationem

229 2449 416 2521 representat
425 2445 494 2515 iugc
504 2441 679 2498 sacrificium
691 2439 753 2496 sive
767 2439 930 2498 immolatio
940 2441 1020 2513 agni,
1062 2441 1171 2501 subdat
1175 2463 1185 2514 3
1201 2443 1272 2517 quia
1285 2443 1425 2518 frequens
1438 2447 1533 2502 oratio
1547 2446 1805 2519 impugnationem
1816 2449 1860 2505 vi·

229 2537 257 2587 et
269 2527 524 2602 contemplationis
538 2525 637 2594 ardor,
653 2539 743 2595 quem
754 2527 942 2598 repraesentat
955 2525 1021 2598 thy·
1060 2525 1171 2584 tiorum
1191 2527 1372 2599 extinguit.»
1393 2531 1427 2584 Et
1443 2543 1563 2586 rursum
1580 2545 1588 2584 ι
1606 2547 1621 2582 c
1639 2529 1777 2600 Duobus,
1801 2531 1857 2602 ait,

229 2613 354 2682 miama,
364 2610 519 2684 iungenda
535 2611 620 2666 sunt:
635 2623 729 2666 unum
747 2607 828 2668 enim
844 2607 907 2666 siue
926 2608 1020 2666 altero
1061 2609 1158 2668 modis
1171 2612 1266 2669 oratio
1281 2611 1450 2684 impeditur,
1461 2625 1498 2668 ne
1509 2612 1666 2686 impetrare
1676 2610 1775 2672 valeat
1788 2627 1860 2685 pos-

228 2712 292 2754 esse
306 2694 422 2770 nequit,
439 2693 519 2750 unde
534 2692 612 2748 deret.
627 2707 657 2762 ι,
670 2689 710 2748 eit
723 2692 853 2766 Sponsus
868 2706 876 2750 τ
890 2691 1020 2750 cliessui
1060 2693 1163 2763 tulate,
1178 2693 1203 2750 si
1216 2697 1267 2751 aut
1280 2709 1369 2752 orans
1383 2693 1481 2755 adhuc
1493 2693 1573 2754 mala
1586 2691 1753 2765 committit,
1769 2697 1858 2754 anisi

228 2779 382 2854 myrrham
394 2793 463 2834 cum
480 2773 662 2834 aromatibus
675 2774 786 2834 meis.»
803 2773 857 2832 Ubi
873 2790 927 2850 per
941 2790 1021 2850 myr·
1061 2775 1244 2852 delinquenti
1257 2777 1288 2834 ln
1300 2792 1330 2834 se
1345 2776 1447 2836 debita
1461 2793 1523 2836 uon
1537 2777 1695 2839 dimittit.»

227 2865 314 2922 rham
329 2861 533 2931 mortificatio,
547 2875 602 2936 per
615 2863 747 2918 aromata
761 2857 879 2918 divinus
894 2873 979 2921 amor
990 2862 1021 2916 et
1096 2860 1203 2930 Quaerit
1210 2861 1238 2917 S.
1247 2861 1380 2932 Basilius,
1397 2861 1474 2918 libro
1488 2863 1498 2918 l
1513 2863 1627 2918 Heccm.
1643 2879 1653 2917 c
1670 2861 1858 2932 «Quomodo

229 2946 437 3022 ccubmplatio
451 2943 630 3014 intelligitur.
645 2945 709 3012 Quo
722 2942 790 3002 ioco
1059 2941 1204 3000 obtinebit
1218 2943 1295 3018 quis,
1306 2949 1339 3001 ut
1353 2944 1528 3004 lucratione
1540 2959 1642 3005 sensus
1656 2945 1720 3017 eius
1734 2961 1798 3004 non
1807 2961 1859 3004 ra·

117 3041 216 3088 cancre·
264 3034 337 3090 Nota
348 3029 493 3090 Christum
502 3041 538 3086 sc
551 3027 583 3086 in
596 3025 734 3104 passione
751 3042 923 3102 comparare
939 3043 1019 3086 mes·
1059 3025 1188 3098 getur‘le
1212 3041 1246 3084 ac
1265 3027 1449 3102 respondet:
1467 3027 1522 3086 esi
1540 3027 1649 3104 cogitet
1668 3045 1699 3086 sc
1721 3029 1856 3090 assistere

121 3103 202 3159 ΡΜ·
229 3117 303 3187 sori,
317 3120 380 3174 tum
400 3118 433 3172 ut
447 3112 591 3186 signifieat
604 3109 695 3170 animi
709 3109 840 3170 letitiam
855 3127 914 3186 que
929 3111 1021 3185 patic-
1060 3113 1127 3166 ante
1140 3109 1243 3166 oeulos
1257 3111 1384 3170 llomlnl.
1398 3131 1413 3170 r

110 3167 216 3272 222¹ss
228 3201 332 3270 batur,
348 3203 411 3263 tum
428 3202 461 3256 ut
483 3195 592 3254 indicet
618 3193 772 3270 copiosum
792 3194 939 3272 passionis
959 3211 1019 3252 sue
1098 3193 1234 3264 «Oratio,
1251 3193 1347 3268 inquit
1360 3194 1566 3268 Cassiodorus,
1580 3197 1696 3253 serenat
1708 3209 1772 3270 eor,
1786 3197 1856 3258 abs-

111 3288 145 3334 a:
156 3287 214 3334 cnr
228 3285 371 3356 fructum,
384 3297 474 3358 quern
484 3281 546 3352 jam
567 3285 637 3338 trmc
652 3279 792 3354 patiendo
808 3277 894 3354 quasi
912 3283 1019 3337 metere
1060 3277 1148 3334 trahit
1166 3293 1185 3334 a
1202 3279 1342 3354 terrenis,
1365 3279 1490 3338 mundat
1508 3295 1527 3343 a
1544 3280 1638 3352 vitiis,
1662 3279 1798 3344 sublevat
1817 3285 1857 3342 ad

228 3375 257 3427 ct
271 3369 408 3440 colligere
421 3365 598 3426 videbatur:
613 3363 712 3436 itaque
725 3363 791 3438 ipsa
803 3363 906 3422 Christi
919 3362 1019 3437 passio
1060 3361 1199 3432 coelestic,
1218 3363 1316 3422 reddit
1328 3379 1380 3421 cor
1392 3363 1530 3440 capacius
1544 3365 1575 3420 et
1593 3361 1713 3442 dignius
1726 3367 1768 3425 ad
1780 3367 1855 3426 accl-

227 3455 309 3512 velut
320 3451 458 3526 quedam
472 3447 526 3508 fuit
539 3447 642 3506 messis
654 3445 861 3522 fructuumque
875 3446 1018 3504 collectio.
1059 3444 1170 3522 pianda
1182 3445 1263 3504 hona
1276 3447 1450 3521 spiritualia.
1466 3467 1482 3503 r

228 3537 340 3594 Utinam
352 3552 402 3592 cor
411 3537 546 3592 nocuum
558 3531 596 3590 sit
608 3531 698 3590 altare
713 3529 922 3602 thymiamatis,
935 3532 1019 3608 quod
1095 3529 1195 3588 abbas
1208 3533 1334 3588 loannes
1352 3531 1488 3590 dicebat:
1503 3533 1582 3596 Siout
1600 3533 1647 3590 vir
1659 3534 1767 3596 videns
1779 3536 1856 3596 feras

225 3621 295 3690 juge
319 3617 494 3690 tbymiama,
514 3618 587 3690 puta
601 3613 652 3686 pia
673 3617 702 3670 et
721 3613 825 3670 crebra
845 3616 929 3685 vota,
943 3614 1019 3670 desi·
1059 3611 1151 3684 fugit,
1166 3614 1339 3688 scanditque
1359 3615 1390 3674 in
1406 3614 1544 3674 arborem
1561 3635 1569 3673 :
1585 3615 1626 3674 lta
1647 3633 1718 3675 cum
1733 3621 1856 3682 veniunt

228 3701 351 3758 clericae
364 3691 539 3772 suspiriaeil
552 3697 643 3752 Deum
654 3695 784 3752 extralet!
797 3697 836 3750 lta
850 3697 876 3752 S.
892 3697 1018 3752 loannes
1059 3711 1159 3771 pravae
1171 3697 1373 3770 cogitationen,
1384 3698 1453 3770 luge
1462 3714 1518 3773 per
1529 3700 1694 3757 orationem
1709 3701 1748 3759 ad
1758 3705 1856 3761 lloml·

227 3784 301 3842 vidit
313 3783 453 3852 angelum
467 3779 597 3853 accipere
616 3777 717 3848 ignem
734 3778 772 3834 de
791 3776 875 3834 altari
892 3779 1019 3852 thymia·
1059 3795 1151 3851 num,
1163 3786 1190 3837 ει
1203 3781 1373 3838 salvaberis.
1387 3784 1460 3840 Nam
1475 3783 1549 3842 sicut
1563 3799 1641 3860 aqua
1655 3785 1801 3858 extinguit
1812 3790 1855 3860 ig-

228 3868 327 3938 ruatis,
341 3871 369 3923 et
382 3868 440 3922 ileo
453 3863 559 3922 olierre
572 3861 687 3936 phialas
697 3861 800 3938 plenas
809 3860 1018 3922 odoramento·
1058 3879 1139 3936 nem,
1148 3863 1291 3921 itaoratio
1302 3864 1445 3936 exdnguit
1457 3867 1657 3926 tentationem.
1666 3869 1701 3926 ln
1714 3871 1790 3928 Vitis
1801 3874 1855 3930 Pe·

227 3969 309 4018 rum,
323 3966 390 4024 qum
407 3951 475 4006 sunt
489 3947 637 4004 orationes
650 3947 838 4014 Sanctorum,
856 3947 1018 4017 Apcc.v1u,
1060 3953 1150 4015 trum,
1166 3947 1220 4006 lib.
1235 3949 1285 4020 lli,
1300 3963 1365 4022 cap.
1380 3949 1446 4020 ult,
1461 3965 1545 4008 num.
1559 3953 1623 4011 208.

227 4040 244 4092 3
258 4040 286 4092 ει
297 4037 324 4092 5.
340 4035 410 4091 ιιιιιε
424 4032 555 4090 Urbanus
571 4031 603 4090 ill
619 4027 766 4098 Pontifex,
778 4027 928 4100 explicans
943 4029 1019 4087 illud
1094 4030 1174 4086 llius
1187 4030 1284 4088 aiebat
1295 4049 1303 4086 ε
1316 4031 1469 4088 orandum
1480 4037 1564 4089 estut
1575 4037 1704 4109 purgata
1714 4039 1855 4118 sltapec·

227 4121 302 4177 Pscl.
317 4133 349 4191 a,
366 4121 438 4176 Tunc
455 4118 593 4188 imponent
606 4129 687 4184 super
703 4114 790 4167 altare
805 4117 881 4167 tunm
894 4115 1018 4170 vitulos:
1059 4115 1131 4172 catis
1149 4118 1177 4172 et
1194 4114 1383 4189 passionibus
1402 4117 1517 4187 anima;
1534 4119 1605 4194 quia
1627 4120 1704 4179 sicut
1726 4123 1759 4180 iu
1776 4139 1856 4200 aqua

230 4206 321 4260 ellaec
340 4205 384 4260 est
402 4215 469 4268 ara,
490 4197 601 4270 inquit,
623 4195 725 4268 templi
743 4195 836 4252 sancti
857 4195 918 4264 tui,
934 4197 1019 4268 quod
1058 4199 1178 4256 turbida
1195 4201 1269 4258 nihil
1285 4201 1481 4276 conspicitur,
1500 4201 1540 4259 ita
1557 4203 1659 4263 anima
1675 4206 1797 4266 trrrbata
1811 4209 1855 4268 vl·

227 4303 294 4342 sum
306 4301 373 4356 ego,
387 4284 470 4354 juxta
483 4296 575 4354 quam
589 4283 644 4334 stat
659 4278 781 4350 augelus
797 4278 837 4335 ad
854 4278 1018 4338 custodiam
1059 4283 1128 4340 dere
1142 4284 1245 4356 nequit
1256 4287 1359 4342 Deum.

228 4369 398 4442 deputatus,
413 4365 527 4422 habens
540 4361 726 4420 thuribulum
739 4377 863 4420 aureum
877 4361 910 4420 in
925 4377 1018 4420 manu
1093 4369 1141 4427 l'is
1161 4369 1297 4444 exempla
1310 4370 1459 4428 orantium
1474 4375 1502 4428 et
1517 4373 1854 4448 impetrandumque

227 4469 296 4520 sua,
314 4455 347 4508 ιιι
359 4463 429 4506 cum
448 4447 568 4504 incenso
583 4445 677 4504 multo
693 4444 842 4504 eradonas
856 4461 957 4503 coram
973 4450 1016 4517 te,
1058 4457 1127 4510 sunt
1141 4453 1288 4512 orationes
1303 4455 1399 4528 llosis,
1414 4455 1494 4528 Ellee,
1506 4455 1624 4518 flavidis
1637 4464 1668 4518 et
1680 4460 1811 4520 aliorum
1823 4465 1855 4522 in

226 4533 360 4596 Domine,
372 4530 453 4588 fusas
467 4545 534 4586 cum
547 4527 684 4601 lacrymis
697 4531 892 4602 representet.
903 4531 962 4586 lloc
975 4533 1019 4587 cst
1058 4537 1218 4608 Scriptura.
1901 4541 1905 4552 '

226 4619 317 4677 altare
330 4629 494 4674 concavum
504 4617 532 4668 et
545 4613 644 4682 inane,
654 4628 673 4670 a
685 4613 795 4670 cunctis
809 4613 919 4670 scilicet
930 4617 1019 4672 terre-
1094 4615 1241 4686 Rudinus,
1256 4617 1286 4672 in
1304 4617 1378 4673 Vitis
1391 4619 1514 4686 Petrum,
1529 4619 1606 4678 libro
1620 4623 1672 4694 lli,
1686 4639 1775 4683 num.
1785 4629 1853 4698 iet,

227 4703 273 4758 nis
287 4696 442 4758 affectibus
459 4701 632 4764 vacuatum,
648 4696 732 4768 quod
748 4695 802 4754 tibi
819 4695 883 4754 fieri
897 4697 1017 4754 munda·
1058 4703 1157 4755 narrat
1178 4697 1214 4756 de
1235 4699 1382 4770 Religioso
1400 4701 1559 4774 psallente,
1578 4705 1763 4780 quod,cum
1776 4709 1854 4786 psal-

225 4785 310 4856 uisti,
323 4782 364 4842 ad
383 4782 591 4860 reponendum
608 4779 720 4836 eineres
739 4779 890 4838 memorie
910 4787 1017 4836 nostra
1058 4781 1145 4852 leret,
1161 4797 1197 4838 ex
1220 4783 1282 4854 ejus
1306 4797 1356 4838 ore
1373 4799 1428 4858 per
1441 4783 1577 4856 singulos
1592 4801 1699 4850 versus
1711 4787 1765 4848 fax
1776 4793 1853 4864 ignis

227 4869 340 4928 mortis.
354 4887 368 4922 r
1057 4881 1173 4937 egressa
1186 4863 1361 4922 ascendebat
1374 4864 1413 4922 ad
1426 4866 1545 4924 eoelum.

121 4967 201 5014 uenis
264 4951 386 5022 eldulti,
404 4951 445 5010 ait
460 4952 488 5008 S.
507 4949 686 5022 augustinus
703 4947 736 5008 iu
750 4949 852 5008 Psutm.
867 4963 940 5020 exv,
953 4949 1016 5008 lan·
1094 4951 1121 5008 S.
1136 4950 1278 5008 antonius
1293 4954 1320 5005 ct
1333 4951 1469 5008 arsenius
1487 4966 1564 5025 sepe
1579 4955 1656 5010 totas
1670 4961 1852 5020 noctesora.

107 5031 144 5102 (ιε,
169 5037 369 5108 ⁰¹²·guesount
389 5033 421 5092 in
446 5033 580 5104 orando,
596 5037 625 5090 ct
647 5032 679 5088 in
701 5031 830 5089 novitate
850 5031 1018 5092 conversio·
1057 5033 1144 5102 bant,
1166 5037 1193 5092 et
1214 5049 1301 5092 manc
1323 5033 1549 5093 inveniebantur
1569 5039 1680 5096 stantes
1696 5039 1728 5096 in
1746 5043 1853 5102 eodem

117 5090 203 5200 affl.
227 5121 272 5178 nis
286 5135 346 5180 suae
359 5117 501 5178 ferventer
515 5121 614 5190 orant,
628 5117 731 5190 postea
745 5113 900 5184 languide,
914 5119 1017 5187 postea
1057 5117 1196 5190 vestigio,
1210 5133 1271 5192 quo
1289 5131 1411 5192 vespere
1427 5121 1503 5174 stare
1517 5124 1683 5194 coeperant,
1699 5121 1854 5184 intenden-

116 5212 205 5254 merau-
226 5202 341 5276 frigide,
356 5205 458 5276 postea
470 5200 660 5272 negligenter,
674 5197 760 5272 quasi
775 5197 870 5255 securi
884 5199 958 5256 sint:
974 5201 1016 5258 vi·
1059 5205 1101 5260 tes
1114 5200 1145 5257 in
1159 5199 1284 5272 coelum3
1299 5215 1353 5278 per
1368 5201 1531 5259 orationem
1544 5219 1648 5262 omnes
1662 5203 1778 5264 diaboli
1791 5213 1854 5267 ten·

109 5273 152 5324 ¹2⁸·
192 5275 213 5313 ⁰²
227 5288 296 5362 giiat
311 5283 420 5354 hostis,
436 5285 547 5342 dormis
561 5285 637 5342 tui»
651 5281 907 5340 lacaedemone
923 5299 931 5342 r
948 5283 1016 5341 ulli·
1056 5285 1180 5346 tationes
1194 5287 1222 5342 et
1234 5284 1355 5342 insidias
1372 5291 1560 5359 superarunt.

127 5345 195 5451 ⁸32¹
227 5365 953 5442 custumiarreuesinmgyptocrebrasquidem
963 5366 1017 5424 ha·
1091 5367 1190 5424 abbas
1203 5369 1356 5425 Bessarion
1373 5370 1533 5442 oravltper
1547 5371 1657 5432 fidles
1674 5373 1849 5449 ccndnucc,

226 5453 297 5510 bere
310 5450 468 5522 oratores,
480 5450 534 5508 sed
546 5466 595 5508 eas
606 5449 804 5520 brevissimas,
814 5453 842 5506 et
855 5448 963 5522 raptim
972 5449 1016 5521 ia·
1057 5449 1195 5507 manibus
1212 5452 1244 5508 in
1265 5452 1372 5509 coelum
1386 5452 1522 5510 extensis.
1538 5453 1618 5512 Unde
1636 5471 1748 5543 aquam
1759 5457 1850 5518 maris
