4018 5976
648 281 890 344 cumulenta
908 283 944 341 tlt
961 283 1116 354 11011111,
1132 295 1195 344 cte.
1214 285 1303 344 XXlX.

532 607 737 714 CAPUT
778 605 1140 712 VIGDSIMUM
1181 605 1415 713 NONUM.
1488 605 1495 618 '
1621 769 1624 775 Ι

687 903 690 908 ,
767 847 975 911 SYNOPSIS
1001 847 1179 910 CAPlTlS.

160 1043 239 1103 aeta
251 1045 323 1103 Dens
334 1050 367 1102 ut
378 1045 465 1103 ttoees
478 1045 612 1102 Aaronem
625 1049 652 1101 11
664 1046 735 1114 {ttius
749 1043 806 1114 ejas
819 1047 949 1100 remearet
960 1043 1107 1100 sacerdotes
1120 1042 1167 1098 1100
1179 1044 1239 1099 11111
1253 1063 1261 1098 1
1275 1045 1379 1114 pano,
1395 1043 1465 1100 11011
1475 1056 1533 1108 eoa:
1547 1043 1673 1110 secando,
1689 1046 1790 1104 carcer

112 1141 118 1152 ’
196 1157 239 1200 eos
256 1143 373 1200 11111111
390 1142 614 1210 smertotattbns5
632 1145 723 1206 tertio,
742 1141 840 1212 effect
857 1141 974 1198 1111111111
988 1155 1040 1212 pro
1053 1143 1161 1211 peccato
1180 1143 1208 1195 et
1225 1139 1291 1196 duos
1308 1139 1422 1206 11111111,
1438 1155 1523 1196 unum
1542 1143 1575 1198 ta
1593 1141 1789 1212 mamaeam,

195 1243 310 1298 atteram
323 1244 354 1298 c'a
365 1241 482 1298 10111011
489 1242 629 1311 pantena
642 1254 703 1294 aar
712 1239 831 1310 panitas
841 1239 960 1308 azymis·
973 1243 1083 1309 qrrurto,
1096 1241 1129 1294 nt
1138 1253 1190 1309 per
1202 1237 1261 1294 dies
1274 1242 1375 1310 rqrtan
1386 1238 1508 1308 quandia
1521 1241 1618 1309 areat,
1632 1244 1688 1296 tarn
1699 1243 1789 1312 tpsor,

195 1353 276 1410 111101
289 1339 389 1404 abore,
405 1351 474 1394 vers.
489 1338 534 1394 31.
550 1335 616 1404 Qua
628 1337 719 1392 amota
732 1337 843 1405 mystice
860 1339 929 1391 recte
945 1349 1083 1406 reponas,
1098 1340 1125 1390 et
1138 1334 1250 1406 adaptas
1264 1335 1503 1392 consecrationibus
1516 1339 1543 1392 rt
1553 1337 1689 1408 primitiis
1702 1351 1790 1394 sacer·

196 1435 289 1492 nrum
296 1438 361 1492 noos·
377 1437 551 1492 Testamenti.
568 1434 704 1503 Derrima,
719 1447 788 1488 cers.
803 1433 853 1496 38,
862 1431 1018 1504 prescribit
1033 1432 1197 1502 surranum
1214 1433 1280 1501 aqna·
1295 1435 1351 1486 tom
1365 1446 1444 1490 mnae
1459 1446 1540 1502 qaam
1553 1433 1790 1506 oespmeqaottdte

197 1533 366 1592 immemor.

205 1730 236 1798 1.
259 1728 325 1798 Sed
342 1736 375 1798 11
391 1728 453 1796 hoc
470 1725 584 1811 facies,
608 1732 648 1793 ut
664 1723 747 1792 mihi
765 1725 801 1793 in
820 1725 999 1794 sacerdotio
1016 1733 1269 1794 consecrentur:
1291 1725 1383 1793 Tolle
1401 1724 1546 1794 vitulum
1564 1726 1606 1796 de
1624 1739 1788 1818 armento,

160 1843 192 1903 11
204 1835 320 1904 anates
339 1835 423 1902 duos
441 1831 685 1917 immaculatos,
707 1832 740 1898 2.
763 1854 929 1924 panesque
948 1854 1098 1922 azymos,
1121 1840 1153 1900 et
1172 1831 1353 1901 crustulam
1371 1831 1494 1924 absque
1514 1831 1691 1922 fermento,
1714 1861 1789 1931 qum

160 1961 331 2032 conspersa
342 1939 386 2008 sit
397 1939 487 2024 oleo,
506 1939 626 2027 lagana
641 1959 775 2029 quoque
792 1961 908 2028 azyma
925 1937 997 2005 oleo
1011 1938 1072 2006 lita
1088 1963 1095 2004 :
1118 1937 1159 2006 de
1175 1937 1284 2006 simila
1300 1937 1427 2006 triticea
1439 1945 1557 2006 cuncta
1571 1939 1679 2010 facies.
1700 1939 1733 2012 3.
1749 1943 1790 2013 Et

159 2047 264 2138 posita
276 2046 312 2114 in
324 2046 466 2115 canistro
479 2044 613 2112 offeres:
634 2043 780 2112 vitulum
793 2053 905 2112 autem
919 2050 952 2111 11
965 2043 1048 2112 duos
1060 2044 1187 2112 arietes.
1209 2045 1241 2112 1.
1261 2043 1303 2112 Et
1319 2044 1431 2112 Aaron
1448 2065 1486 2111 ac
1503 2043 1590 2114 filios
1603 2046 1674 2137 ejus
1686 2050 1790 2140 appli-

159 2151 247 2220 cabis
259 2151 301 2219 ed
314 2150 435 2219 ostium
450 2148 650 2217 tabernaculi
665 2147 854 2216 testimonii.
875 2147 1025 2239 Cumque
1038 2149 1158 2218 laveris
1171 2156 1297 2242 patrem
1310 2171 1386 2218 111111
1400 2148 1479 2216 filiis
1491 2150 1560 2218 suis
1572 2174 1676 2242 aqua,
1691 2153 1724 2222 5.
1740 2155 1791 2224 iu-

159 2257 240 2326 dues
252 2259 364 2326 Aaron
376 2255 580 2326 vestimentis
597 2257 683 2338 suis,
703 2255 738 2322 id
754 2263 802 2321 est
815 2254 904 2322 linea
916 2262 949 2321 et
961 2254 1090 2338 tunica,
1109 2263 1141 2324 11
1158 2254 1436 2346 superhumerali,
1457 2263 1489 2322 11
1508 2257 1678 2343 rationali,
1701 2261 1791 2351 quod

159 2363 360 2450 constringes
372 2362 491 2430 balteo.
514 2361 548 2430 6.
565 2361 607 2428 Ε1
619 2359 852 2452 ponestiaram
866 2359 902 2426 in
916 2359 1020 2450 capite
1039 2359 1128 2449 ejus,
1150 2369 1183 2426 et
1201 2361 1359 2428 laminam
1378 2369 1523 2429 sanctam
1539 2385 1638 2454 super
1652 2365 1788 2452 tiaram,

161 2467 192 2535 7.
207 2474 241 2536 11
253 2468 364 2536 oleum
378 2467 542 2535 unctionis
554 2466 673 2534 fundes
684 2487 784 2556 super
797 2473 896 2554 caput
908 2463 981 2554 ejus
989 2489 999 2549 ;
1014 2473 1114 2554 atque
1127 2464 1189 2532 hoc
1200 2467 1267 2534 ritu
1281 2466 1533 2536 consecrabitur.
1549 2469 1580 2536 8.
1597 2469 1623 2538 F
1624 2471 1698 2540 ilios
1709 2495 1792 2564 quo-

161 2595 225 2666 que
238 2573 330 2642 illius
342 2570 537 2664 applicabis,
552 2580 585 2640 11
597 2570 714 2640 indues
725 2570 845 2638 tunicis
857 2570 973 2655 lineis,
987 2569 1164 2662 cingesque
1176 2571 1302 2655 balteo,
1317 2572 1351 2640 9.
1367 2575 1478 2640 Aaron
1492 2573 1613 2642 scilicet
1625 2585 1658 2642 et
1670 2576 1790 2647 liberos

161 2680 250 2771 ejus,
272 2687 305 2748 et
321 2680 470 2770 impones
482 2679 529 2746 eis
542 2678 673 2762 mitras,
695 2684 858 2768 eruntque
879 2677 1059 2745 sacerdotes
1073 2677 1155 2746 mihi
1169 2678 1327 2768 religione
1345 2687 1512 2771 perpetua.
1535 2680 1714 2773 Postquam
1726 2683 1790 2754 iui-

161 2786 292 2854 tiaveris
304 2807 423 2856 manus
436 2806 567 2869 eorum,
585 2783 639 2874 10.
654 2782 833 2874 applicabis
846 2789 879 2850 et
891 2782 1037 2850 vitulum
1050 2805 1159 2852 eoram
1174 2785 1383 2852 tabernaculo
1396 2785 1584 2854 testimonii.
1602 2788 1790 2878 1111111111-

160 2913 225 2983 que
238 2893 349 2960 Aaron
364 2899 397 2958 et
410 2890 473 2958 6111
482 2888 554 2980 ejus
565 2910 790 2979 mauussuper
802 2896 900 2979 caput
910 2887 1019 2973 illius,
1037 2889 1090 2956 11.
1107 2896 1140 2958 11
1153 2890 1310 2958 mactabis
1321 2911 1398 2958 eum
1412 2890 1448 2959 iu
1460 2901 1633 2982 conspectu
1643 2894 1788 2982 Domini,

157 2997 253 3088 juxte
274 2997 395 3066 ostium
416 2996 619 3065 tabernaculi
639 2994 828 3062 testimonii.
853 2992 906 3060 12.
928 2991 1174 3086 Sumptumque
1194 2994 1235 3062 de
1253 2996 1414 3084 sanguiue
1435 2997 1550 3082 vituli,
1572 3021 1673 3088 pones
1691 3023 1790 3093 super

160 3126 284 3172 cornua
296 3103 408 3172 altaris
421 3101 525 3189 digito
538 3109 613 3185 1110,
627 3101 795 3191 reliquum
809 3107 920 3167 autem
934 3100 1128 3187 sanguinem
1141 3099 1259 3169 fundes
1268 3101 1365 3192 juxta
1378 3101 1482 3169 basim
1496 3103 1578 3193 ejus.
1603 3105 1643 3173 13
1648 3157 1655 3172 .
1672 3104 1790 3176 Sumes

160 3219 193 3278 11
205 3209 334 3301 adipem
348 3215 454 3276 totum
470 3207 530 3297 qui
543 3207 648 3297 operit
667 3205 822 3273 intestina
831 3257 841 3290 ,
863 3214 896 3274 et
912 3206 1089 3274 reticulum
1104 3203 1241 3296 jecoris,
1262 3230 1300 3276 ac
1319 3207 1403 3275 duos
1416 3230 1526 3294 renes,
1542 3217 1574 3277 11
1586 3210 1716 3302 adipem
1730 3215 1790 3304 qui

160 3337 258 3408 super
268 3335 323 3382 eos
334 3321 394 3397 est,
409 3319 442 3380 et
452 3312 568 3380 offeres
580 3313 751 3379 incensum
765 3333 865 3402 super
877 3312 1000 3396 altare3
1018 3313 1073 3379 lt.
1089 3334 1290 3383 carnesvero
1302 3314 1412 3399 vituli,
1428 3323 1460 3382 11
1471 3317 1610 3402 corium,
1626 3324 1658 3385 et
1670 3319 1789 3388 fimum

150 3421 331 3496 combures
345 3419 438 3504 foris,
458 3425 550 3485 111111
566 3427 685 3501 castra,
701 3417 842 3507 eoquod
859 3440 920 3509 pro
937 3425 1066 3508 peccato
1080 3418 1133 3486 sit.
1156 3419 1209 3489 15.
1232 3419 1345 3488 Unum
1362 3444 1495 3514 quoquc
1512 3423 1648 3492 arietem
1666 3448 1787 3508 sumes,

160 3550 258 3620 super
269 3527 365 3617 cujus
378 3531 476 3614 caput
487 3531 612 3614 ponent
629 3526 740 3591 Aaron
754 3531 787 3589 et
799 3522 863 3589 filii
879 3522 951 3613 ejus
968 3547 1098 3592 manus.
1124 3525 1178 3593 16.
1199 3526 1305 3607 Quem
1318 3549 1395 3596 cum
1414 3529 1622 3616 mactaveris,
1643 3531 1736 3600 tolles
1748 3531 1789 3600 de

158 3633 319 3722 sangnine
332 3633 420 3722 ejus,
440 3638 473 3698 11
491 3629 609 3698 fundes
626 3629 710 3698 cirea
723 3629 836 3697 altare.
861 3631 914 3696 17.
933 3630 1045 3721 Ipsum
1059 3638 1171 3700 autem
1184 3633 1318 3700 arietem
1331 3634 1453 3702 secabis
1467 3635 1502 3702 in
1515 3635 1636 3719 frusta,
1657 3637 1791 3729 lotaque

159 3739 314 3809 intestina
326 3738 397 3828 ejus
415 3759 452 3804 ae
470 3735 568 3828 pedes
582 3755 682 3826 pones
701 3757 800 3825 super
820 3735 963 3802 concisas
983 3757 1111 3821 carnes,
1134 3743 1168 3804 et
1184 3760 1282 3829 super
1299 3748 1397 3829 caput
1416 3741 1518 3808 illius.
1541 3741 1594 3809 18.
1614 3741 1655 3810 Et
1675 3744 1791 3813 offeres

159 3853 265 3916 totum
279 3843 414 3912 arietem
428 3839 465 3908 in
478 3840 648 3908 incensum
669 3861 768 3930 super
785 3838 886 3906 altare
903 3865 910 3906 :
934 3840 1055 3908 oblatio
1072 3849 1122 3908 est
1139 3839 1297 3926 Domino,
1320 3845 1401 3911 odor
1418 3846 1631 3914 suavissimus
1647 3848 1789 3919 victime

159 3949 304 4020 Domini.
322 3947 375 4014 19.
391 3945 501 4013 Tolles
512 3966 646 4034 quoque
659 3944 793 4010 arietem
813 3945 975 4029 alterum,
994 3968 1092 4035 super
1110 3947 1206 4036 cujus
1221 3956 1321 4036 eaput
1337 3949 1450 4016 Aaron
1463 3957 1495 4017 et
1507 3949 1571 4018 filii
1584 3952 1656 4044 ejus
1667 3964 1791 4046 ponent

159 4075 289 4127 manus.
311 4053 366 4123 20.
387 4051 493 4132 Quem
509 4071 586 4117 aum
599 4048 837 4132 immolaveris,
858 4070 967 4117 sumes
980 4049 1020 4116 de
1038 4052 1199 4140 sanguine
1217 4052 1305 4142 ejus,
1327 4060 1360 4120 et
1377 4076 1478 4144 pones
1490 4077 1589 4146 super
1604 4068 1789 4130 extremum

160 4158 318 4234 auricula
337 4155 462 4227 dextrae
481 4155 593 4224 Aaron
607 4162 640 4222 et
658 4153 805 4222 filiorum
824 4153 911 4244 ejus,
930 4163 962 4222 et
980 4177 1079 4248 super
1098 4157 1231 4247 pollices
1251 4181 1369 4227 manus
1382 4181 1498 4230 eorum
1511 4183 1548 4228 aa
1560 4162 1652 4252 pedis
1664 4165 1787 4251 dextri,

161 4269 344 4360 fundesque
359 4263 554 4354 sangninem
566 4283 665 4354 super
678 4261 779 4330 altare
792 4283 851 4354 per
864 4261 1050 4330 circuitum.
1070 4261 1126 4331 21.
1146 4263 1297 4355 Cumque
1315 4265 1432 4334 tuleris
1444 4266 1485 4335 de
1498 4267 1658 4356 sanguine
1671 4271 1731 4362 qui
1743 4280 1791 4340 est

160 4398 260 4468 super
276 4374 402 4457 altare,
414 4380 448 4438 11
463 4369 505 4437 de
522 4369 595 4437 oleo
612 4368 793 4452 unctionis,
813 4390 964 4459 asperges
977 4368 1091 4436 Aaron
1103 4376 1137 4436 11
1149 4379 1253 4439 vestes
1266 4372 1354 4461 ejus,
1373 4370 1461 4442 filios
1478 4383 1511 4442 et
1528 4373 1723 4446 vestimenta
1738 4402 1791 4448 eo-

161 4503 250 4552 rum.
265 4476 531 4566 Consecratisque
544 4475 623 4564 ipsis
635 4483 668 4542 et
680 4474 841 4559 vestibus,
857 4473 911 4541 12.
927 4474 1024 4541 tolles
1035 4475 1165 4566 adipem
1178 4477 1219 4543 de
1232 4478 1351 4562 ariete,
1366 4486 1400 4546 et
1411 4479 1566 4566 caudam,
1582 4489 1616 4550 11
1627 4483 1790 4572 1111111111,

163 4610 238 4682 quae
250 4585 356 4678 operit
369 4581 499 4665 vitalia,
521 4603 558 4648 ae
572 4581 747 4648 reticulum
757 4580 892 4671 jecoris,
912 4586 944 4646 et
961 4579 1045 4647 duos
1058 4602 1168 4668 renes,
1188 4591 1288 4674 atque
1305 4583 1451 4676 adipem,
1471 4586 1532 4676 qui
1544 4609 1644 4677 super
1656 4610 1711 4657 eos
1722 4595 1790 4678 ast,

162 4713 360 4782 armumque
372 4688 542 4773 dextrum,
557 4709 596 4756 eo
612 4685 702 4778 quod
714 4687 756 4755 sit
768 4686 853 4755 aries
865 4686 1115 4756 enumerationis
1130 4713 1138 4754 :
1155 4687 1209 4757 13.
1227 4697 1412 4782 tortamque
1424 4689 1519 4782 panis
1532 4692 1650 4778 unius,
1663 4701 1793 4765 crustu·

162 4801 229 4869 lam
249 4815 453 4889 conspersam
467 4795 558 4878 oleo,
574 4793 732 4881 laganum
744 4793 786 4860 de
798 4792 939 4861 maistre
951 4815 1161 4886 azymorum,
1175 4795 1265 4886 quod
1278 4796 1422 4887 positum
1434 4795 1531 4864 estin
1543 4811 1716 4889 conspeetu
1727 4799 1793 4870 Do-

41 4940 45 4946 ·
163 4905 267 4976 minis
283 4903 337 4972 24.
353 4921 518 4996 ponesque
531 4900 643 4969 omnia
650 4921 749 4991 snper
762 4921 880 4968 manns
889 4900 1002 4970 Aaron
1013 4907 1045 4967 et
1056 4899 1204 4969 liliorum
1217 4900 1306 4994 ejus,
1320 4908 1353 4969 11
1364 4899 1581 4970 sanctificabis
1593 4925 1649 4972 eos
1660 4905 1792 4976 elevans

163 5035 273 5084 raram
286 5007 438 5078 Domino.
458 5006 513 5075 25.
533 5005 762 5098 suscipiesque
776 5004 930 5075 universa
942 5005 982 5074 de
996 5006 1150 5075 manibus
1162 5027 1299 5093 eorum;
1320 5015 1352 5075 11
1364 5005 1517 5076 incendes
1529 5030 1629 5102 snper
1641 5010 1743 5082 altare
1756 5014 1793 5082 in

163 5120 407 5200 holocaustum,
422 5113 555 5182 odorem
568 5113 800 5180 suavissimum
814 5113 850 5182 in
862 5121 1036 5205 conspectu
1049 5112 1200 5199 Domini,
1215 5113 1295 5206 quia
1308 5111 1430 5183 oblatio
1443 5113 1515 5206 ejus
1526 5123 1585 5184 est.
1604 5115 1659 5186 26.
1675 5115 1794 5190 Sumes

164 5209 297 5318 quoque
316 5219 541 5314 pectusculum
558 5217 600 5285 de
616 5217 734 5304 ariete,
755 5241 823 5310 quo
843 5219 992 5288 initiatus
1009 5229 1057 5288 est
1069 5221 1198 5304 Aaron,
1222 5218 1504 5312 sanctificabisque
1522 5221 1609 5292 illud
1628 5223 1793 5295 elevatum

164 5352 273 5402 coram
292 5327 448 5414 Domino,
467 5317 663 5394 accedam
682 5331 808 5418 partem
827 5333 931 5396 tuam.
952 5326 1007 5394 27.
1029 5325 1319 5417 sanctificabisque
1336 5334 1370 5394 11
1385 5328 1611 5420 pectusculum
1628 5348 1810 5403 consecra.
