4088 6032
682 181 922 294 conliEa'rAlllA
943 234 976 290 ΙΝ
996 231 1155 303 Genesin,
1174 228 1277 292 cini·
1761 229 1797 285 le

23 277 25 414 f
61 352 143 400 ania
194 344 333 411 Sarnade
347 340 428 400 idem
442 337 640 414 Augustinus,
654 337 754 398 lib.lll
768 341 808 399 lta
822 339 950 396 dietate.
998 337 1133 396 therinus
1145 353 1217 396 rere
1230 351 1292 395 esse
1305 332 1500 394 verissimam,
1514 331 1719 401 Samariense
1730 344 1797 388 sen·

23 440 25 450 '
156 445 226 505 cap.
250 443 294 500 rx,
314 443 370 502 per
389 427 498 484 eoelum
517 423 620 498 accipit
631 424 753 497 angelos
759 465 770 496 ,
781 440 836 498 per
846 426 956 481 terram
998 421 1088 480 tentia
1099 421 1237 497 pluribus
1249 419 1427 496 probabitur
1439 418 1579 494 proximo
1592 413 1792 492 paragrapho.

23 501 25 550 l
156 532 233 576 vero
252 515 405 574 materiam
425 513 552 587 primam
567 509 735 569 informem.
751 510 808 569 Sed
818 509 901 584 prius
913 511 957 566 est
1035 509 1074 564 lis
1087 522 1210 566 raanan.
1222 509 1340 583 -l'utn
1351 505 1476 579 globum
1485 509 1569 564 terrm
1582 520 1650 562 eum
1664 503 1793 576 abysso,
1809 506 1915 560 dueum

23 601 25 608 “
158 601 338 675 mysticum,
351 598 498 673 posterius
511 596 621 671 pariter
634 593 842 670 improbabile.
999 596 1033 650 ut
1055 594 1200 668 sequitur,¹
1225 594 1258 652 id
1274 597 1318 652 est
1330 606 1477 668 aquarum
1490 591 1584 662 mole,
1599 593 1682 647 terra
1696 587 1794 646 inlusa
1806 568 1915 675 ussffi

23 719 24 752 ÷
59 690 123 742 tetis
200 686 304 750 Tertio,
318 683 465 752 Pererius,
480 680 636 752 Gregorius
648 679 685 736 de
696 678 841 748 Valentia,
852 679 957 734 naem-
1000 681 1029 737 et
1051 678 1222 754 superfusa,
1246 693 1368 752 seseque
1387 676 1556 751 porrigente
1576 691 1671 748 usque
1685 673 1725 731 ad
1739 689 1856 738 ere-021„
1873 697 1915 736 aa

23 767 25 802 ³
157 771 195 828 tu
216 771 257 826 lte
276 767 361 840 Opere
377 782 426 824 see
440 766 565 830 dimum,
579 767 608 820 et
630 762 681 820 alii
697 760 893 837 probabiliter
902 776 956 835 per
999 763 1064 821 lum
1089 779 1273 838 empyreum.
1298 763 1363 821 lieo
1386 777 1456 834 ergo
1477 758 1643 833 triaprimo
1657 757 1793 817 omnium
1807 755 1915 812 recipir-

158 851 267 910 eoelum
281 849 448 922 intelligunt
462 863 566 905 omnes
578 846 667 905 orbes
680 846 823 916 eoelestes;
833 859 888 918 per
900 848 957 902 ter·
1000 849 1097 906 ereata
1118 851 1204 920 sunt,
1226 847 1335 905 scilieet
1348 847 1455 905 eoelum
1470 859 1662 918 empyreum,
1676 847 1752 902 terra
1766 845 1794 898 et
1805 821 1916 937 {ffimss‘

156 953 225 995 ram
238 951 309 993 vero
328 941 438 992 terram
459 934 555 1006 ipsam
576 947 646 989 eum
659 946 753 1005 aqua,
768 929 835 1002 igne
849 932 877 985 et
891 943 957 986 aere
1001 929 1142 1004 abyssus,
1155 930 1188 989 id
1201 935 1244 989 est
1263 934 1410 1004 aquarum
1425 928 1519 988 moles
1530 927 1632 986 omnin
1644 942 1794 1001 occupans

156 1018 362 1092 ricino,quasi
374 1017 473 1091 primo
484 1015 591 1073 muudi
601 1015 649 1073 die
664 1017 740 1072 Deus
751 1029 855 1072 omnes
869 1011 957 1073 orbes
1001 1015 1104 1073 aeoelo
1114 1030 1254 1090 empyreo
1265 1030 1360 1088 usque
1370 1013 1409 1072 ad
1420 1016 1545 1082 terram;
1556 1027 1592 1069 ex
1602 1027 1663 1086 qua
1675 1012 1794 1085 abysso,

156 1103 291 1162 aoelesres
303 1107 332 1161 et
343 1103 534 1160 elementares
547 1097 698 1170 creaverit,
712 1113 823 1174 eosque
834 1112 958 1172 sequen·
1001 1097 1062 1156 sive
1075 1114 1172 1174 aqua,
1186 1099 1295 1174 partim
1310 1101 1482 1164 extenuata,
1497 1097 1605 1171 partim
1620 1097 1742 1155 densata
1755 1100 1798 1153 at·

157 1186 240 1245 tibus
266 1185 400 1260 quinque
422 1183 527 1243 diebus
547 1185 649 1253 motu,
677 1181 760 1254 luce,
787 1180 887 1252 astris,
914 1180 958 1236 in·
1002 1199 1060 1258 qua
1074 1183 1216 1256 solidata,
1230 1182 1299 1241 tacti
1323 1187 1392 1240 sunt
1412 1181 1477 1240 eoeli
1492 1181 1683 1254 omnes,sive
1697 1181 1797 1239 firma-
1834 1185 1839 1205 ⁸

158 1269 290 1328 iluentiis
307 1272 335 1326 et
346 1265 545 1340 intelligentiis
560 1264 728 1323 motoribus
742 1267 858 1322 tantum
874 1279 958 1321 exor-
1002 1270 1136 1324 mentum
1149 1265 1197 1324 die
1210 1267 1353 1339 seeundo,
1363 1269 1392 1324 et
1402 1267 1504 1325 omnia
1517 1270 1595 1324 astra
1606 1266 1794 1340 diequarte:

161 1355 286 1412 neverit
1001 1349 1125 1424 perinde
1139 1364 1316 1424 aeexaque
1328 1348 1511 1424 conglaciato
1523 1347 1557 1407 fit
1569 1349 1733 1423 crystallus.
1749 1351 1797 1407 list

63 1451 151 1499 saum
182 1440 321 1508 dunno,
345 1437 473 1495 maxime
494 1431 651 1509 probabile
668 1434 778 1506 estper
791 1431 899 1490 eoelum
910 1430 959 1487 hio
1002 1431 1066 1491 hee
1083 1433 1226 1492 maenae
1247 1433 1275 1492 S.
1296 1433 1371 1492 Petri
1384 1433 1659 1505 etClementis,lib.
1676 1436 1794 1506 litemq.

67 1513 143 1586 ’Ψ
162 1523 287 1596 intelligi
299 1522 431 1596 primum
441 1523 469 1577 et
480 1533 643 1588 summum,
653 1515 763 1574 sufficet
772 1529 958 1589 empyreum,
1002 1514 1079 1573 eirea
1103 1516 1250 1590 medium
1268 1518 1296 1576 S.
1318 1516 1416 1576 Basilii
1440 1517 1574 1576 homil.l
1595 1518 1722 1586 Herone
1747 1521 1797 1577 lie·

64 1576 153 1682 2⁹¹2
165 1609 251 1684 quod
263 1607 370 1665 Paulus
383 1607 469 1663 vocet
479 1603 586 1661 eoelum
598 1600 728 1672 tertium,
746 1600 838 1658 David
851 1599 959 1658 ooelum
1003 1597 1065 1670 doe,
1080 1597 1195 1658 llolinae
1201 1602 1234 1673 ,1
1249 1603 1350 1676 parte,
1365 1604 1448 1660 tract.
1462 1603 1502 1658 lle
1518 1600 1603 1674 Opere
1615 1617 1663 1659 sen
1675 1603 1794 1670 dierum,

63 1698 154 1757 paens.
166 1694 247 1764 eoeli,
267 1691 411 1766 quodque
435 1687 518 1745 sedes
539 1689 581 1744 est
602 1688 773 1756 beatorum,
791 1685 834 1742 uti
848 1684 959 1758 passim
1002 1681 1060 1739 sub
1085 1682 1216 1756 initium,
1241 1688 1270 1743 et
1297 1684 1425 1744 eborum
1446 1686 1579 1761 plurium
1599 1701 1677 1762 quos
1697 1685 1796 1746 dtebo

164 1793 269 1836 omnes
283 1775 390 1833 doeent
402 1775 505 1830 contra
517 1768 721 1842 Eugubinum,
736 1767 789 1842 qui
801 1771 886 1844 putat
901 1783 960 1826 eoe·
1001 1779 1089 1824 versu
1102 1769 1130 1826 6.

163 1861 227 1918 lum
241 1872 415 1934 empyreum
427 1871 489 1913 non
500 1869 562 1913 esse
572 1869 681 1927 eorpus
689 1850 821 1925 eoeleste,
832 1853 884 1910 sed
895 1867 958 1910 esse
1037 1850 1181 1910 Probatur
1192 1852 1256 1910 heo
1269 1852 1411 1912 sententia
1424 1858 1527 1928 primo,
1540 1854 1612 1931 quia
1628 1856 1736 1914 eoelum
1747 1857 1795 1916 hie

163 1945 326 2002 claritatem
352 1940 515 2015 quamdam
540 1938 716 2008 increatam,
742 1935 826 2009 enjus
845 1934 959 1993 visione
1001 1933 1173 2007 intelligitur
1194 1949 1257 1994 nen
1280 1935 1443 2010 sidereum,
1468 1938 1521 1996 sed
1546 1954 1735 2014 empyreum,
1763 1944 1797 1998 ut

164 2028 328 2086 reddantur
339 2019 754 2092 animebeatoe301aritatem,
768 2020 904 2094 inquam,
922 2035 960 2078 ex
1002 2017 1078 2088 dixi3
1102 2019 1176 2078 inter
1196 2019 1254 2078 hoe
1276 2023 1375 2078 autem
1397 2024 1426 2077 et
1446 2023 1555 2080 terram
1578 2038 1641 2080 non
1664 2021 1719 2081 tuit
1745 2040 1796 2082 ra·

166 2113 212 2170 liei
228 2109 354 2169 essentia
367 2111 546 2165 manantem.
559 2105 657 2164 l’rimo
668 2104 767 2181 itaque
777 2104 825 2161 die
836 2107 911 2162 llens
922 2120 959 2162 ex
1002 2117 1108 2160 ouum:
1120 2103 1179 2162 hoe
1189 2101 1270 2161 enim
1281 2102 1369 2161 inane
1382 2102 1485 2161 luisset
1496 2106 1601 2178 ingens
1612 2110 1640 2164 et
1654 2105 1794 2178 immane,

165 2195 245 2253 melis
258 2197 373 2252 mutum
386 2190 493 2250 crearit
507 2189 613 2248 eoelum
625 2204 810 2264 empyreum,
823 2187 959 2262 illudque
1002 2188 1091 2260 atque
1101 2189 1204 2245 eontra
1212 2192 1358 2247 naturam.
1370 2189 1435 2247 luit
1445 2205 1517 2263 ergo
1530 2189 1606 2248 iuter
1619 2205 1795 2265 empyreum

165 2280 247 2338 omni
268 2294 324 2336 suo
348 2277 454 2334 decore
471 2272 623 2332 exornavit
639 2275 668 2330 et
686 2271 817 2346 perfecit.
837 2270 882 2329 Ad
901 2271 959 2328 hoo
1002 2272 1031 2327 et
1042 2273 1151 2329 terram
1169 2286 1278 2346 eorpus
1298 2270 1439 2345 aliquod,
1453 2289 1533 2347 aqua
1546 2273 1667 2344 scilieet3
1682 2275 1747 2346 rel,
1762 2279 1796 2332 ut

141 2409 143 2411 .
164 2363 243 2421 nim
255 2360 483 2419 inhabitandum
496 2357 527 2416 in
541 2360 700 2427 amenum,
712 2355 800 2413 creati
809 2359 878 2413 sunt
889 2371 959 2430 poa·
1002 2353 1094 2412 lloses
1108 2355 1163 2426 ait,
1177 2354 1322 2429 abyssus,
1336 2355 1368 2413 id
1381 2357 1507 2422 estsine
1524 2356 1619 2416 tundo
1632 2373 1726 2433 aqua,
1741 2359 1797 2416 im·

163 2453 209 2507 tea
221 2445 321 2519 angeli
334 2449 363 2503 et
374 2443 521 2502 homiues.
536 2445 569 2500 lit
582 2441 640 2499 hoe
658 2441 698 2498 ab
712 2440 795 2500 omni
808 2457 872 2498 aevo
887 2439 960 2499 fide·
1001 2440 1202 2512 penetrabilis,
1212 2440 1367 2511 immensa,
1379 2443 1412 2498 ut
1422 2445 1498 2498 recte
1511 2439 1597 2499 infert
1607 2442 1685 2499 Beda
1697 2446 1726 2500 et
1734 2440 1794 2502 alii.

163 2533 206 2592 les
217 2532 328 2589 secant
341 2529 463 2600 eaelum,
477 2530 525 2600 nt,
538 2525 563 2583 si
577 2541 664 2597 roges
678 2541 747 2596 eos,
763 2541 825 2598 quo
840 2525 960 2600 cupiant
1036 2524 1171 2593 Secundo,
1191 2525 1263 2599 quie
1282 2525 1413 2585 seeundo
1435 2526 1483 2584 die
1506 2525 1616 2585 iactum
1638 2531 1681 2585 est
1697 2526 1796 2586 firma·

162 2618 204 2675 ire
215 2618 287 2690 post
300 2615 376 2674 hane
389 2613 496 2683 vitam,
510 2627 581 2669 mcx
595 2611 711 2682 dieunt,
725 2610 756 2668 iu
768 2611 890 2682 eoelum,
905 2611 959 2668 sei·
1002 2613 1136 2668 mentum
1150 2610 1189 2667 ad
1202 2609 1276 2683 hoe,
1293 2613 1326 2668 ut
1340 2626 1434 2685 equas
1448 2626 1570 2686 superas
1583 2611 1623 2670 ab
1639 2611 1739 2670 inferis
1751 2613 1796 2670 di·

162 2700 229 2760 lieel
241 2713 434 2774 empyreum,
446 2699 479 2754 ut
492 2693 533 2752 ibi
548 2695 607 2752 siut
620 2693 718 2750 felices
732 2697 760 2751 et
772 2693 860 2752 beati.
877 2697 958 2753 Unde
1001 2693 1125 2752 videret:
1136 2698 1309 2766 arguamne,
1318 2695 1498 2770 putaprimo
1508 2695 1567 2767 dle,
1578 2695 1680 2753 omnia
1690 2711 1798 2771 supera

163 2783 434 2857 &chrysostomus
446 2780 494 2837 hie
506 2780 576 2837 tom.
590 2780 609 2836 2
625 2795 633 2838 r
652 2779 769 2850 «Deus,
783 2779 837 2849 ait,
852 2784 958 2852 preater
1002 2780 1030 2833 et
1041 2776 1134 2835 intera
1148 2778 1237 2852 plena
1251 2782 1334 2836 eraut
1345 2777 1441 2854 aquis.
1635 2772 1638 2780 ’

148 2865 329 2927 ¹humanum
356 2881 472 2922 morem
495 2879 584 2919 suurn
607 2861 762 2936 perficiens
783 2863 957 2935 edificium,
1039 2861 1139 2928 Tertio,
1153 2861 1305 2936 quiaideo
1320 2861 1426 2921 dieitur
1445 2864 1529 2937 quod
1542 2863 1662 2937 spiritus
1679 2865 1797 2924 Domini

161 2952 246 3029 prius
267 2950 376 3009 eoelnm
393 2947 537 3019 extendit,
551 2950 654 3019 postea
667 2949 695 3004 et
706 2949 815 3004 terram
830 2947 958 3006 subster
999 2941 1149 3004 ferebatur
1161 2961 1249 3019 super
1262 2961 1367 3020 aquas,
1375 2962 1438 3004 uon
1448 2963 1538 3021 super
1550 2950 1669 3020 terram,
1682 2953 1716 3007 ut
1724 2965 1796 3009 mex

162 3035 230 3096 nit:
251 3034 336 3110 prius
358 3032 491 3102 culmen,
509 3035 538 3088 et
554 3033 658 3104 postea
678 3029 955 3105 tundamentum»
1000 3028 1109 3086 dicam.

162 3118 281 3178 emman
302 3115 381 3175 enim
394 3113 513 3173 fabrice
527 3114 633 3172 mundi
646 3116 689 3169 ast
701 3113 825 3186 eoelum,
840 3130 901 3173 non
917 3116 956 3172 si·
1037 3115 1150 3180 Quarto,
1163 3113 1195 3171 id
1204 3113 1298 3187 magis
1311 3111 1424 3190 patebit
1436 3129 1512 3172 vers.
1524 3116 1554 3188 63
1564 3113 1625 3172 imo
1637 3114 1706 3174 ideo
1717 3132 1794 3177 vers.

162 3204 302 3274 dareum,
322 3201 375 3258 sed
396 3214 582 3273 empyreum.
603 3199 636 3254 Et
648 3197 676 3254 S.
691 3197 828 3268 Basilius,
841 3198 954 3256 homi
1000 3197 1033 3268 li,
1053 3197 1118 3254 eoeli
1141 3196 1276 3256 hebraice
1295 3203 1439 3256 vocantur
1452 3201 1597 3266 seemutm,
1612 3199 1699 3273 quasi
1715 3201 1795 3259 dieas

163 3289 290 3352 amem„
303 3283 354 3356 eit,
368 3284 501 3341 «eoelum
512 3287 540 3340 et
550 3285 657 3339 terram
668 3280 754 3354 quasi
764 3280 958 3341 fundamenta
1000 3297 1073 3340 scam
1088 3285 1186 3351 metm,
1200 3281 1232 3340 id
1248 3285 1291 3341 ast
1312 3283 1353 3340 tta·
1365 3299 1461 3356 eque3
1477 3298 1513 3342 eo
1527 3283 1611 3358 quod
1625 3287 1691 3342 ante
1705 3286 1795 3344 eoelos

162 3370 317 3446 quadem,
328 3370 358 3426 et
376 3367 463 3426 bases
478 3365 615 3425 intendes
628 3365 772 3436 universi,
786 3365 869 3441 prius
880 3367 958 3440 jacta
1001 3365 1102 3424 omnia
1118 3365 1208 3441 plena
1228 3370 1323 3424 essent
1344 3366 1445 3442 aquis,
1461 3384 1498 3425 ex
1514 3367 1625 3442 quibus
1641 3367 1708 3428 faeti
1726 3375 1796 3429 sunt

161 3453 252 3512 luisse
265 3457 295 3511 et
307 3453 488 3527 praestructa.
502 3469 518 3504 s
1001 3451 1066 3507 eoeli
1080 3454 1109 3508 et
1122 3449 1357 3524 firmamentum,
1371 3451 1411 3511 ad
1426 3452 1620 3511 dividendum
1635 3469 1729 3529 aquas
1742 3472 1794 3513 su·

196 3538 344 3598 Probatur
355 3537 419 3596 haee
431 3535 572 3594 sententia
584 3539 690 3609 primo,
705 3533 776 3609 quia
789 3533 957 3593 firmamen-
999 3549 1086 3609 peras
1099 3533 1138 3592 ab
1151 3535 1261 3594 inieris.

162 3625 243 3694 mm,
254 3621 287 3681 id
301 3624 346 3679 est
358 3619 466 3678 eoelum
480 3624 616 3678 octavum
630 3623 659 3677 et
671 3618 758 3676 orbes
771 3619 875 3691 ricini,
895 3636 957 3679 non
1035 3623 1128 3694 Atque
1141 3619 1210 3676 hine
1224 3620 1415 3695 consequitur
1435 3620 1578 3680 veriorem
1595 3637 1657 3680 esse
1679 3625 1793 3680 senten·
1805 3625 1914 3672 nauum

162 3709 278 3764 tautum
295 3703 405 3776 ornati,
419 3703 471 3762 sed
483 3718 516 3760 re
527 3703 593 3777 ipsa
604 3702 674 3760 iacti
686 3706 714 3760 et
727 3704 815 3760 creati
829 3707 897 3762 sunt
910 3705 957 3763 die
999 3704 1071 3762 tiam
1083 3720 1201 3776 eorum,
1215 3703 1268 3778 qni
1281 3707 1400 3762 oensent
1413 3703 1548 3764 eamdem
1564 3721 1627 3763 esse
1640 3707 1793 3765 materiam
1806 3691 1914 3796 fflffi}

163 3789 309 3860 seeundo,
333 3793 366 3846 nt
378 3790 459 3863 patet
474 3802 551 3846 vers.
566 3789 601 3846 6:
615 3803 687 3859 ergo
700 3802 762 3846 non
775 3787 884 3860 primo.
897 3789 958 3846 Cre·
1001 3790 1143 3847 emiorum
1162 3793 1189 3847 et
1213 3788 1438 3860 sublunarium,
1466 3805 1592 3864 eamque
1618 3792 1794 3865 corruptibi·
1819 3814 1904 3857 aruum

163 3872 228 3931 lum
241 3887 313 3946 ergo
325 3872 424 3948 primo
436 3870 623 3929 diecreatum
636 3887 698 3928 non
712 3873 756 3928 est
768 3871 851 3929 aliud
865 3887 957 3948 quam
1000 3871 1060 3930 lem
1075 3891 1082 3929 :
1099 3879 1159 3930 iam
1183 3873 1263 3930 enim
1286 3871 1368 3945 eoeli,
1390 3889 1482 3948 quam
1508 3873 1696 3944 sublunaria,
1717 3877 1793 3934 iacta
1814 3875 1909 3930 ajonem

162 3971 348 4034 empyreum.
371 3957 420 4014 list
437 3955 501 4013 haee
519 3955 661 4014 sententia
674 3957 705 4013 B.
721 3954 891 4028 Clementis,
911 3971 957 4014 ae·
1001 3959 1070 4013 sunt
1088 3971 1125 4013 ex
1148 3954 1252 4014 eadem
1264 3971 1410 4030 aquarum
1425 3955 1544 4032 abysso.
1560 3959 1601 4014 lta
1615 3957 1720 4017 docem
1733 3961 1795 4018 Cle-
1807 3946 1915 4040 Ἥ*

162 4045 247 4114 cepta
261 4056 298 4100 ex
320 4055 372 4098 ore
384 4040 412 4098 S.
428 4039 517 4110 Petri,
531 4042 564 4096 ut
576 4039 640 4114 ipse
653 4039 693 4096 ait
707 4038 760 4096 lib.
775 4041 786 4096 l
800 4039 955 4110 Recopar't.;
1001 4055 1085 4096 mens
1099 4041 1265 4111 Romanus,
1280 4039 1470 4114 llippolytus‚
1481 4040 1667 4114 Severianus,
1683 4045 1795 4102 Genna-

163 4125 295 4199 (trigenis
305 4123 363 4196 hie,
378 4125 448 4181 hem.
459 4125 472 4181 i
481 4140 491 4194 3
503 4122 687 4193 theodoreti,
698 4121 955 4196 Aleuini,llabani,
1002 4122 1082 4194 dius,
1103 4122 1223 4180 Aeacius
1245 4121 1276 4178 in
1293 4122 1394 4180 (imeae
1411 4123 1577 4192 Gruterum,
1595 4125 1794 4186 theodoretus

164 4209 284 4284 lyrani,
296 4207 441 4272 Philonis,
454 4206 509 4264 lib.
524 4209 564 4264 lle
576 4207 677 4264 Mundi
688 4209 807 4278 opificio,
818 4207 845 4264 S.
858 4206 957 4265 Hilarii
1000 4207 1049 4266 lric
1058 4209 1165 4275 Queat.
1178 4209 1227 4278 ill,
1241 4206 1435 4284 llieronymus
1450 4209 1487 4265 ad
1502 4209 1650 4278 Oceanum,
1669 4213 1796 4286 cyrillus

163 4293 194 4351 in
209 4294 285 4351 Psnl.
299 4306 402 4364 cxxxv,
423 4289 576 4365 Theophili
598 4289 771 4348 antiocheni
793 4290 956 4364 chutoly·
1001 4290 1143 4350 hierosol.
1168 4289 1273 4348 datach.
1294 4292 1312 4348 3
1332 4295 1360 4348 et
1385 4295 1417 4363 9,
1437 4293 1602 4351 ludovicus
1624 4295 1745 4369 llolina,
1768 4302 1796 4356 et

163 4392 222 4434 nrm
235 4375 290 4434 lib.
305 4376 343 4447 ll,
357 4373 471 4447 senili,
484 4375 584 4446 Bodas,
605 4373 773 4443 mariensis,
789 4373 936 4433 catherini
944 4416 956 4446 ,
1002 4373 1061 4431 elii.
1077 4376 1159 4432 Errat
1171 4373 1249 4432 enim
1265 4377 1419 4445 Averroes,
1434 4380 1545 4450 etpost
1560 4393 1629 4434 eum
1640 4379 1755 4437 Gabriel
1768 4386 1796 4440 et

162 4459 257 4520 Strahi
270 4459 302 4517 in
317 4458 410 4518 arrasa
424 4458 527 4526 ordio,
541 4457 589 4516 hie
596 4476 607 4531 3
621 4459 649 4517 S.
663 4457 811 4529 Anselmi,
825 4457 878 4516 lib.
892 4460 903 4516 l
916 4460 957 4519 lle
1001 4457 1171 4531 Capreolus,
1182 4455 1310 4516 dioemes
1324 4457 1414 4515 eoelos
1428 4473 1492 4516 esse
1505 4475 1631 4535 corpora
1640 4461 1795 4537 simplicia,

161 4545 285 4616 lmopiae
305 4541 418 4611 mendi,
432 4557 498 4617 eap.
512 4557 616 4616 urum
634 4542 662 4600 S.
683 4543 910 4615 bonaventurae,
923 4544 956 4602 in
1000 4546 1030 4600 et
1039 4558 1137 4600 carere
1150 4541 1282 4600 materia.
1299 4545 1388 4601 Porro
1402 4547 1479 4602 terra
1492 4560 1511 4602 a
1522 4547 1580 4604 lieo
1594 4551 1690 4605 ereata
1701 4548 1797 4608 locata

163 4628 195 4700 ll,
209 4627 279 4686 dist.
294 4641 350 4700 ¹113
364 4627 494 4702 Ruperti,
509 4625 563 4684 lib.
577 4627 589 4684 l
603 4630 634 4684 ia
645 4625 738 4684 dores.
753 4639 819 4700 eap.
830 4642 874 4700 rr3
889 4628 956 4686 Gul-
1001 4630 1045 4684 est
1065 4627 1098 4684 in
1118 4626 1217 4684 medio
1239 4626 1383 4699 univmsi,
1407 4627 1509 4704 ibique
1533 4629 1621 4689 firma
1640 4632 1771 4692 consistit
1786 4652 1795 4692 r

161 4709 254 4770 delmi
267 4710 453 4784 parisiensis,
466 4713 478 4770 l
493 4715 570 4786 part.
580 4712 592 4769 l
604 4711 637 4768 de
653 4711 781 4769 Universa
802 4726 869 4786 cap.
888 4727 956 4771 xxxi
1000 4715 1066 4770 tum
1080 4712 1151 4788 quia
1163 4712 1300 4772 veluntas
1314 4717 1343 4771 et
1355 4716 1487 4788 potentia
1501 4715 1551 4774 nei
1568 4732 1634 4774 eam
1649 4719 1736 4792 quasi
1748 4720 1796 4794 pi·

162 4797 253 4868 etxe;
267 4793 426 4853 Alexandri
439 4793 566 4868 aleran,
587 4797 664 4869 pert.
680 4796 703 4853 ll
715 4793 831 4852 Summo
850 4796 956 4852 Timole-
1001 4795 1108 4854 lamia
1121 4797 1220 4854 medio
1234 4813 1301 4856 aere
1314 4814 1489 4873 suspensam
1502 4805 1668 4860 constanter
1678 4805 1756 4862 tenet
1769 4808 1796 4862 et

161 4881 359 4956 qumquem.
373 4878 565 4952 alamann.
579 4878 956 4952 113flugonisllietoriniin
1001 4879 1116 4952 firmat,
1135 4881 1221 4954 iuxta
1244 4881 1320 4940 illud
1341 4883 1425 4957 quod
1450 4884 1489 4940 ait
1513 4883 1661 4959 Sapientia
1687 4889 1797 4948 aeterna

160 4960 375 5022 aermnae.
389 4963 423 5036 ll,
437 4978 504 5037 eap.
516 4963 699 5036 ¹3¹3t11110111⁵
711 4963 896 5022 carthusiani
906 4966 957 5024 Pa·
1001 4965 1127 5023 Prouerb.
1142 4980 1194 5026 rm
1209 4983 1217 5024 ε
1235 4966 1388 5035 «Quando
1403 4967 1591 5041 appendebat
1604 4968 1797 5032 tundamente

162 5045 403 5120 machelini
424 5049 464 5107 lle
483 5049 588 5121 Nonis,
608 5063 675 5132 cap.
696 5049 822 5121 113Lud.
841 5048 956 5108 helina
1000 5051 1101 5121 terra,
1123 5065 1193 5108 eum
1211 5066 1247 5110 eo
1268 5066 1351 5109 eram
1370 5055 1475 5109 ennete
1488 5066 1717 5130 compensum»
1732 5059 1796 5114 turn

162 5129 392 5205 lpnrt.,0uest.
403 5129 602 5205 hxlllllihsnb
610 5131 728 5190 initium
741 5130 957 5207 eperisprimas
1001 5151 1039 5194 ex
1050 5135 1175 5210 physica
1185 5135 1313 5210 ratione,
1323 5136 1395 5211 quia
1406 5136 1515 5196 seilicet
1525 5142 1603 5199 terra
1613 5139 1688 5199 inter
1699 5145 1797 5202 ereata

162 5211 220 5275 diei
231 5213 557 5290 manutentorem
572 5217 649 5276 adae
661 5220 696 5276 ut
710 5218 738 5276 S.
752 5217 957 5277 Beneventum
1002 5222 1046 5279 est
1057 5219 1247 5294 gravissima,
1266 5219 1396 5296 ideoque
1416 5221 1513 5281 imum
1524 5223 1620 5300 poscit
1632 5223 1749 5284 lecum:
1763 5225 1796 5284 in

161 5295 237 5356 haue
249 5297 426 5362 maenarum
438 5302 548 5362 uerat
559 5316 623 5361 esse
640 5301 893 5370 communiorem,
905 5303 958 5362 Ga·
1002 5315 1039 5362 so
1061 5318 1133 5396 ergo
1139 5343 1151 5380 ,
1170 5303 1255 5381 quasi
1270 5303 1326 5361 sibi
1341 5307 1543 5380 conamurali,
1565 5306 1753 5382 conquiescit.
1768 5305 1795 5365 sl
