4050 6018
641 417 885 478 contestante
905 419 937 476 lu
957 419 1113 490 uxuuuu,
1131 434 1194 478 etr.
1214 420 1290 476 xxi.
1732 413 1787 476 685

156 513 313 591 plenitudo
331 517 457 578 scientie
477 520 604 593 dicitur,
618 527 647 580 et
660 523 751 581 Paulo
770 523 886 582 dicente
904 523 950 582 di·
992 539 1081 582 suum
1100 539 1155 597 per
1174 523 1291 581 medios
1306 523 1406 580 hostes
1420 521 1452 580 in
1465 521 1620 592 Chanaan,
1637 519 1788 580 dicebatur
1820 541 1884 588 sape

157 599 298 670 dicimus,
316 602 390 674 quia
402 604 558 678 plenitudo
575 606 649 677 legis
666 611 711 664 est
726 607 869 679 eharitas3
885 623 950 664 om·
992 608 1068 662 baua
1080 607 1150 662 vehi
1163 611 1192 663 at
1205 606 1337 680 equitare
1351 621 1442 678 super
1455 604 1631 674 Cherubim,
1643 607 1788 678 tanquam
1814 589 1894 694 οἷ’*
2006 621 2011 628 ·

156 698 210 740 nes
220 684 274 757 qui
288 685 339 744 llei
352 690 381 744 et
396 688 526 760 proximi
544 690 683 748 charitate
697 691 806 748 oaemris
820 691 949 764 amplius
992 690 1054 748 dux
1067 689 1140 747 belli
1158 693 1187 748 et
1200 691 1328 748 victoria
1342 688 1470 747 llehroeis
1491 691 1594 746 eontra
1606 687 1787 744 Chanameos
1800 663 1903 770 ῃίέῤ,

155 767 237 842 pleni
252 773 335 836 sunt,
347 772 519 830 meritorum
534 789 658 832 suorum
670 778 779 832 sortem
790 775 866 832 inter
878 775 950 832 Che-
992 775 1128 847 aliosque
1141 775 1259 843 hostes;
1274 775 1436 846 postquam
1452 786 1523 828 vero
1537 769 1686 843 populum
1699 784 1788 826 suum
1821 774 1888 819 rara

155 851 255 909 rubim
268 868 409 914 numeros
416 863 618 930 perceperunt.
629 860 662 915 Et
671 860 738 915 sunt
748 858 886 916 nonnulli
896 857 949 931 qui
992 858 1148 915 collocarit
1158 858 1190 916 in
1203 858 1359 928 Chanaan,
1373 873 1442 914 oum
1459 871 1557 930 coque
1571 854 1690 929 pacifice
1703 853 1788 912 habi-

94 943 96 947 ’
156 951 291 1009 supernae
304 940 559 1013 contemplationis
572 941 686 998 facibus
696 942 827 1012 accensi,
838 941 870 998 in
883 942 949 1000 solo
992 943 1064 998 tavit
1075 942 1106 999 in
1120 942 1244 1014 templo,
1257 942 1351 999 dictus
1362 945 1406 998 est
1418 943 1492 997 [leus
1504 938 1606 998 sedare
1617 954 1707 1014 super
1718 939 1788 998 Che·

157 1020 317 1079 conditoris
334 1022 381 1080 sui
402 1023 550 1082 desiderio
568 1025 725 1094 anhelant,
740 1024 816 1082 nihil
831 1025 895 1096 J'am
917 1025 948 1082 in
991 1024 1103 1094 rubim,
1114 1027 1328 1098 utpatetlsoio
1341 1037 1448 1093 xxxin,
1461 1020 1588 1096 lb,'quia
1601 1022 1633 1079 in
1644 1023 1693 1094 iis,
1705 1027 1789 1095 parta

156 1103 213 1163 hoo
227 1105 342 1162 mundo
355 1107 492 1179 eupiunt,
506 1108 572 1166 solo
585 1108 752 1166 eternitatis
768 1123 869 1166 amoro
881 1123 949 1183 pas·
988 1106 1052 1176 jam
1066 1107 1227 1164 victoriaci
1238 1106 1349 1180 quiete,
1360 1103 1550 1178 quasivictor
1561 1109 1589 1188 et
1603 1106 1788 1180 triumphans

99 1255 100 1258 Ἴ
156 1191 282 1258 cuntur,
304 1192 420 1248 terrena
441 1207 567 1265 quaeque
594 1191 753 1263 abjiciunt,
773 1191 949 1265 temporalia
993 1188 1122 1246 residere
1142 1189 1316 1258 videbatur,
1330 1188 1426 1262 iisque
1446 1187 1621 1260 imperium,
1636 1189 1721 1260 quod
1733 1206 1789 1249 sua

156 1275 261 1328 cuncta
274 1276 372 1330 mente
385 1275 610 1347 transcendunt,
625 1280 727 1333 emant
739 1279 768 1333 et
780 1274 894 1344 ardent,
907 1279 950 1332 nt·
992 1270 1113 1328 scientia
1127 1276 1156 1328 et
1168 1271 1357 1347 providentia
1369 1277 1544 1342 asseruerat,
1554 1272 1661 1331 eadem
1671 1289 1789 1332 conser-

156 1369 215 1428 que
229 1353 260 1412 in
273 1355 339 1428 ipso
352 1372 407 1414 suo
422 1358 528 1415 ardore
541 1352 746 1431 requiescunt,
760 1356 891 1415 amando
903 1372 950 1414 ar·
992 1368 1071 1410 vare.
1088 1356 1173 1424 ham,
1192 1368 1283 1410 anon
1300 1354 1399 1410 minor
1418 1357 1462 1411 est
1481 1353 1590 1425 uirtus,
1603 1371 1696 1429 quam
1709 1371 1789 1430 qure-

157 1435 237 1508 dent,
246 1437 399 1512 loquendo
409 1445 438 1498 et
451 1442 524 1499 alios
537 1442 714 1513 accendunt3
723 1446 753 1499 et
766 1457 843 1514 quos
858 1441 948 1499 verbo
992 1452 1069 1508 rere,
1082 1445 1167 1512 parta
1181 1438 1290 1497 tueri.»
1304 1437 1385 1498 Unde
1398 1443 1545 1512 humulus
1558 1442 1653 1498 cesar
1663 1441 1789 1501 audiens

156 1523 300 1593 tangunt,
313 1524 418 1582 ardere
431 1526 567 1598 protinus
586 1525 618 1582 in
632 1526 682 1582 bei
699 1541 801 1584 amore
814 1524 925 1583 faciunt
940 1543 947 1582 ι
993 1520 1204 1592 Alexandrum,
1216 1537 1310 1579 anuos
1319 1526 1406 1580 natus
1415 1524 1461 1591 32,
1471 1521 1615 1597 pleraque
1624 1523 1788 1596 subegisse,

145 1604 187 1662 -hi
201 1603 278 1666 inter
290 1607 442 1681 Seraphim
456 1623 614 1666 numerum
627 1613 736 1667 sortem
751 1624 811 1666 suae
822 1611 951 1667 uocatio-
992 1605 1121 1680 ideoque
1136 1607 1258 1665 anxium
1275 1607 1365 1665 fuisse
1380 1607 1418 1666 de
1431 1608 1565 1678 materia,
1585 1609 1660 1682 quid
1680 1611 1789 1670 scilicet

157 1689 203 1747 nis
216 1697 428 1764 aeceperunt.»
506 1707 515 1722 ·
993 1689 1131 1765 deinceps
1144 1696 1220 1750 esset
1234 1697 1369 1750 aeturus:
1385 1691 1515 1760 alliror,
1535 1691 1647 1765 iuquit,
1664 1693 1788 1750 alexan

5 1793 9 1836 1
40 1775 145 1830 orariam
196 1774 340 1843 Queritur
361 1781 476 1848 quarto,
502 1793 595 1851 quare
620 1776 653 1834 hi
678 1776 838 1834 cherubini
860 1778 950 1850 posili
993 1773 1082 1832 drum
1104 1789 1166 1833 non
1189 1775 1388 1845 existimasse,
1401 1773 1524 1846 majoris
1540 1789 1603 1832 esse
1617 1789 1717 1848 opere
1729 1774 1786 1834 im·

5 1879 9 1922 ι
39 1845 143 1944 effi'-
155 1857 215 1916 sint
236 1857 277 1916 ad
295 1859 468 1929 oraculum,
485 1859 547 1916 siva
565 1858 822 1933 propitiatorium
845 1865 874 1918 et
887 1877 949 1934 quo
991 1858 1108 1929 perium
1117 1863 1237 1933 partum
1247 1860 1325 1918 hene
1337 1858 1522 1931 constituere,
1534 1875 1627 1933 quam
1637 1875 1784 1934 pararem

6 1969 7 2000 l
59 1963 127 2007 mnia
155 1955 245 2000 sensu
264 1943 341 1999 lleus
361 1941 475 2002 dicatur
492 1941 673 2012 sedere,ch
692 1943 761 2000 vehi
776 1946 949 2018 superChe·
993 1940 1072 1998 testis
1087 1945 1130 1998 est
1145 1942 1314 2000 Plutarchus
1329 1942 1362 2000 in
1375 1943 1509 2012 depasto.

5 2033 8 2090 l
62 2025 124 2096 paru
155 2023 275 2082 rubiml
1028 2020 1210 2092 Symbolice,
1224 2024 1362 2079 Sanctum
1375 2025 1544 2080 sanctorum
1558 2024 1787 2096 repraesentabat
1800 2035 1907 2092 sanmu-

5 2133 8 2176 J
49 2087 135 2191 ‘2²:2⁰2'
190 2103 388 2179 despondeo:
405 2107 481 2161 Deus
501 2103 606 2163 dicitur
623 2105 725 2163 sedere
738 2123 828 2180 super
841 2109 950 2167 Cheru·
992 2102 1117 2171 coelumt
1135 2105 1197 2162 duo
1217 2104 1391 2173 Cherubim,
1405 2104 1466 2164 duo
1487 2105 1714 2180 hemispheria5
1735 2102 1832 2167 ser²‘·

56 2205 122 2250 rama
154 2184 234 2256 him,
248 2187 320 2260 quia
342 2187 414 2258 ipse
435 2187 491 2244 alea
509 2188 668 2245 Cherubim
685 2189 807 2260 juncte,
822 2192 967 2265 speciem,
991 2186 1047 2243 alre
1062 2189 1124 2260 (tot
1142 2189 1222 2246 enim
1242 2193 1328 2260 sunt,
1340 2189 1364 2246 si
1383 2189 1457 2246 duas
1471 2204 1578 2246 manus
1599 2206 1656 2265 pro
1669 2190 1788 2250 duabus

5 2305 7 2346 ι
38 2265 96 2312 Μ*
110 2279 143 2312 ¹*
155 2273 319 2344 quamdam
343 2270 421 2330 sedis
446 2270 636 2330 exhibebant.
657 2273 738 2329 lilius
757 2275 837 2332 enim
851 2276 949 2334 throni
992 2273 1048 2330 alis
1066 2273 1180 2346 capias,
1192 2275 1236 2333 uti
1256 2273 1318 2333 dixi
1338 2277 1433 2332 Erech.
1448 2275 1477 2344 ri
1492 2275 1524 2331 in
1537 2291 1741 2349 unoquoque,
1754 2276 1788 2336 id

5 2391 7 2430 1
36 2328 142 2436 ⁶22?ss
155 2358 268 2432 species
287 2357 350 2414 haec
370 2360 433 2414 erat
453 2374 461 2412 ε
484 2373 574 2414 aurea
591 2358 694 2415 tabula
708 2359 716 2430 (
725 2374 792 2432 quae
808 2360 949 2432 propitia-
992 2359 1046 2424 est,
1061 2359 1095 2412 tt
1109 2357 1140 2413 in
1153 2357 1285 2429 duobus,
1298 2358 1503 2431 significabant
1516 2361 1551 2415 tt
1562 2360 1646 2431 signa
1659 2361 1787 2434 zodiaci,
1842 2369 1846 2378 '

5 2475 7 2516 ,
38 2451 142 2510 nmque
155 2441 265 2499 torium
286 2439 473 2512 appellatur)
493 2445 557 2497 erat
579 2456 635 2514 pro
659 2441 772 2513 pedum
796 2444 946 2516 soahe1103
992 2441 1021 2495 et
1039 2443 1156 2512 tempus
1177 2440 1262 2514 quod
1274 2456 1329 2515 per
1341 2441 1395 2499 illa
1407 2441 1583 2500 describitur
1598 2448 1627 2500 et
1640 2445 1785 2518 deerurit3

5 2559 7 2600 ἰ
51 2515 130 2560 “⁰⁸⁰²
155 2525 217 2582 duo
236 2521 394 2581 Cherubim
412 2522 514 2596 parvi,
528 2538 584 2595 pro
605 2523 690 2581 sella.
710 2526 784 2581 Nam
796 2541 813 2582 e
825 2526 948 2597 regiona
991 2538 1060 2580 arca
1077 2525 1261 2596 significabat
1280 2526 1424 2600 quietem,
1439 2542 1531 2600 quam
1553 2527 1664 2586 habent
1681 2529 1789 2590 Cheru-

154 2606 261 2682 positi,
276 2608 306 2663 et
318 2604 443 2662 invicem
458 2605 604 2678 oppositi,
617 2610 748 2665 extentas
761 2608 842 2679 alas,
856 2613 885 2666 et
904 2610 949 2666 in·
991 2604 1066 2676 him,
1076 2605 1107 2663 id
1118 2611 1171 2678 est,
1182 2608 1302 2681 spiritus
1313 2609 1446 2666 coelestes
1459 2611 1490 2667 in
1502 2611 1571 2668 beo.
1586 2614 1628 2668 lta
1641 2613 1786 2686 Clemens,
1878 2680 1881 2684 ,

155 2695 200 2748 ter
218 2705 250 2746 so
268 2687 399 2746 vicissim
418 2688 541 2746 collatas
557 2689 708 2748 habehant
720 2709 728 2747 :
742 2692 864 2765 perinde
876 2709 911 2751 aa
924 2693 949 2751 si
991 2688 1045 2746 lib.
1061 2691 1271 2748 vStromotum.
1287 2694 1414 2750 Rursum
1435 2692 1504 2750 satis
1523 2695 1667 2752 concinne
1688 2699 1789 2756 Barra-

94 2843 96 2848 ,
156 2773 218 2831 duo
228 2771 364 2830 homines
375 2771 433 2829 sihi
444 2772 571 2829 invicem
584 2773 714 2844 obversi,
725 2774 847 2832 brachia
857 2776 950 2833 utrin-
993 2773 1071 2842 diue,
1084 2777 1157 2831 tom.
1169 2776 1191 2842 l,
1202 2773 1257 2832 lib.
1272 2779 1305 2843 v,
1317 2791 1382 2850 cap.
1399 2790 1484 2835 xxxi:
1499 2777 1587 2847 Sicut,
1600 2777 1707 2852 inquit,
1720 2791 1789 2839 arca

155 2871 215 2931 que
233 2856 426 2914 extenderent
441 2858 470 2912 et
482 2857 714 2928 coniungerent,
725 2862 760 2928 ut
772 2859 875 2917 sedem
889 2861 951 2918 oui-
992 2856 1156 2914 testamenti
1170 2861 1215 2914 est
1229 2861 1258 2914 B.
1272 2857 1373 2929 Virgo,
1384 2858 1625 2933 propitiatorium
1636 2863 1786 2922 Christus:

154 2942 237 3016 piam
248 2941 396 3000 efficerent
408 2957 470 3014 qua
481 2939 532 2998 ille
545 2940 717 2999 consederet
737 2961 745 2998 ε
764 2943 863 3016 itaque
878 2944 950 3003 Che·
993 2939 1034 2997 ita
1052 2940 1236 2999 Cherubinus
1256 2947 1300 3001 est
1321 2943 1443 3015 loseph,
1454 2947 1518 3000 tum
1531 2943 1603 3017 quia
1616 2944 1720 3002 curuli
1734 2947 1788 3004 luit

155 3026 333 3086 ruhinorum
353 3026 449 3101 capita
471 3025 951 3099 erantvelutisellalatera;a1ae
993 3028 1073 3083 tutor
1085 3029 1115 3083 ct
1127 3029 1276 3100 protector
1288 3027 1321 3085 in
1333 3027 1474 3100 pueritia,
1490 3032 1555 3089 tum
1576 3029 1649 3103 quia
1667 3030 1788 3092 brachia

155 3125 227 3168 vero
246 3113 373 3168 extense
392 3112 476 3167 erant
493 3109 590 3166 sedes.
604 3111 669 3166 lam
682 3109 739 3167 hoc
752 3111 907 3184 symbolo,
921 3117 952 3172 et
993 3109 1057 3178 ejus
1071 3125 1149 3182 saepe
1163 3110 1281 3167 luerunt
1292 3108 1377 3168 sedes
1391 3111 1450 3182 bei,
1461 3110 1570 3170 seilicet
1582 3111 1698 3184 Christi,
1704 3115 1789 3187 Juxta

154 3193 211 3250 hac
223 3193 339 3266 phrasi,
351 3209 413 3267 qua
432 3195 509 3250 heus
528 3191 634 3250 dicitur
651 3191 721 3251 vehi
737 3197 767 3251 et
784 3194 888 3253 sedere
902 3212 951 3255 su·
993 3191 1070 3250 illud
1091 3197 1193 3252 Psalm.
1207 3209 1291 3251 arura
1310 3211 1318 3250 :
1343 3213 1357 3246 a
1378 3193 1433 3262 Qui
1456 3195 1543 3252 sedes
1567 3209 1658 3269 super
1680 3199 1788 3260 Cheru·

33 3265 116 3313 mm·
154 3293 209 3351 per
222 3275 399 3346 Cherubim,
416 3274 597 3348 significatur
608 3278 716 3347 primo,
730 3279 822 3336 bcum
836 3280 951 3352 sapien·
993 3275 1073 3346 him3
1094 3298 1108 3332 a
1134 3282 1278 3352 tanquam
1299 3279 1383 3352 pater
1408 3276 1489 3336 enim
1510 3282 1540 3334 et
1559 3279 1697 3339 nutritius
1720 3297 1788 3341 cum

155 3359 284 3418 tissimm
297 3357 416 3434 spiritus
430 3359 586 3430 angelicos
598 3359 689 3430 longe
709 3363 908 3435 prescientia,
923 3371 951 3424 et
993 3362 1107 3420 Christo
1123 3362 1240 3432 agebat.

156 3441 324 3502 futurorum
344 3441 520 3516 praevisione
539 3445 570 3500 et
587 3443 795 3521 praedictione,
808 3448 950 3522 omniqua
1028 3441 1191 3512 allegorice
1206 3443 1233 3498 S.
1256 3440 1429 3512 Gregorius,
1443 3439 1548 3498 homil.
1558 3442 1595 3499 26
1609 3445 1640 3498 ia
1657 3446 1786 3516 Bucam:

156 3530 276 3590 seientia
295 3533 326 3588 et
345 3528 489 3601 sapientia
501 3527 724 3599 transcendere,
738 3545 850 3604 eosque
864 3533 951 3606 quasi
995 3525 1074 3594 buo,
1086 3523 1141 3594 ait,
1156 3522 1254 3595 angeli
1268 3540 1345 3598 quos
1358 3523 1433 3581 vidit
1447 3523 1620 3596 llagdaiena
1636 3525 1669 3583 iu
1689 3530 1787 3600 sepul·

155 3615 284 3689 pedibus
297 3611 359 3671 suis
372 3627 507 3686 premere
528 3628 536 3667 ε
556 3611 633 3669 solet
645 3612 725 3669 enim
739 3614 887 3688 Scriptura
902 3617 951 3674 bei
994 3627 1044 3668 cro
1058 3610 1161 3668 Christi
1171 3614 1224 3680 ,et
1240 3610 1301 3668 duo
1317 3608 1475 3667 Cherubim
1489 3625 1564 3668 arce
1575 3614 1645 3669 sunt
1658 3612 1720 3672 duo
1734 3617 1788 3671 tes-

155 3699 319 3776 poteutiam
342 3701 371 3754 et
392 3694 567 3774 sapientiam
587 3695 717 3753 maxime
741 3699 951 3758 commendare
995 3697 1124 3752 tamenta
1144 3712 1151 3750 ε
1172 3693 1411 3769 propitiatorium
1424 3698 1453 3750 et
1466 3693 1597 3752 Christus
1608 3695 1786 3755 incarnatus.

157 3799 195 3842 ex
207 3800 261 3854 eo,
272 3781 357 3858 quod
368 3779 405 3838 sit
419 3785 493 3837 beus
507 3778 703 3850 exercituum,
718 3785 791 3853 puta
804 3783 952 3853 angelico·
996 3799 1012 3834 a
1026 3782 1059 3837 Et
1073 3781 1146 3837 dum
1156 3783 1375 3838 testamentum
1388 3782 1471 3837 vetus
1480 3779 1538 3838 hoe.
1557 3779 1727 3840 iaciendum
1739 3783 1789 3841 de·

5 2731 8 2770 l

5 2815 8 2856 l

5 2885 8 2942 l

5 2989 9 3028 ι

5 3073 8 3112 ι

5 3159 9 3198 ι

5 3245 8 3282 ι

5 3329 8 3369 ι

5 3415 8 3452 ι

5 3499 8 3536 ι

5 3581 8 3622 ι

5 3667 7 3707 l

5 3751 7 3792 l

5 3925 7 3944 ,
155 3885 242 3939 rum,
252 3868 324 3944 quia
334 3867 362 3924 ei
374 3865 470 3922 millia
481 3863 612 3921 millium
624 3862 802 3935 ministram,
815 3865 899 3938 quod
910 3867 951 3925 ia·
989 3864 1119 3934 nuntiat,
1134 3863 1218 3938 quod
1237 3866 1454 3922 Testamentum
1475 3877 1588 3922 novum
1605 3865 1644 3922 da
1665 3865 1789 3924 Domino

5 3945 6 3960 ¹
31 3941 142 3989 munao.
156 3957 214 4014 ciat
230 3954 352 4024 angelos
366 3967 437 4010 suos
451 3949 591 4023 spiritus,
605 3954 670 4018 etc.;
684 3953 814 4018 seeundo,
827 3953 860 4009 hi
879 3954 951 4010 Che·
994 3945 1104 4004 iactum
1117 3947 1239 4015 clamat,
1251 3947 1337 4019 quasi
1353 3951 1477 4017 utraque
1495 3944 1656 4005 Cherubim
1667 3965 1699 4006 se
1716 3949 1790 4007 invi-

5 4033 6 4044 ’
157 4037 259 4098 rubini
270 4035 430 4108 respiciunt
441 4033 550 4107 partim
564 4035 656 4090 bourn
670 4034 732 4090 suis
751 4035 806 4091 alis
823 4035 953 4092 insiden-
995 4046 1058 4088 cour
1070 4030 1224 4102 aspiciunt,
1236 4029 1310 4084 dum
1321 4027 1420 4084 vultus
1432 4027 1463 4082 in
1478 4028 1714 4100 propitiatorium
1725 4048 1788 4089 ver-

158 4127 238 4193 tem;
261 4120 370 4196 partim
388 4115 628 4193 propitiatorium
652 4131 660 4170 :
684 4114 757 4188 quia
777 4116 877 4186 angeli
890 4132 954 4174 non
995 4115 1077 4170 iurat:
1091 4112 1164 4186 quia
1177 4111 1250 4168 dum
1264 4110 1379 4168 iuterse
1392 4109 1524 4183 positum
1537 4110 1720 4170 incarnatum
1736 4115 1789 4170 bo-

159 4206 232 4277 sibi,
247 4203 300 4263 sed
315 4207 373 4260 beo
387 4199 550 4269 suaedas,
564 4198 597 4254 id
611 4201 671 4268 est,
687 4197 765 4254 uires
780 4202 809 4255 et
821 4197 954 4270 virtutes,
996 4196 1111 4254 minum
1134 4195 1250 4268 vident,
1272 4211 1291 4252 a
1309 4209 1365 4252 suo
1386 4197 1506 4268 aspectu
1526 4209 1588 4250 non
1606 4195 1788 4269 discrepant,

160 4305 309 4362 omneque
330 4286 448 4344 bonum
468 4282 553 4357 quod
574 4280 703 4352 hahent,
718 4281 891 4341 attribuunt.
913 4283 954 4342 lta
995 4296 1062 4355 quaa
1086 4277 1314 4354 dispensationis
1334 4277 1397 4348 ejus
1413 4277 1589 4348 mysterium
1606 4277 1790 4336 concorditr

159 4377 187 4434 S.
202 4372 392 4446 Augustinus,
407 4370 507 4438 Queat.
524 4369 578 4425 CV.
593 4369 733 4435 Rursum,
744 4366 802 4424 hoo
815 4366 882 4440 ipso
895 4366 954 4440 sig·
996 4368 1129 4431 narrans
1144 4383 1157 4415 a
1170 4363 1312 4420 hactenus
1322 4361 1349 4418 S.
1363 4359 1530 4426 Gregorius.

5 4511 6 4518 ,
159 4458 280 4517 uideant
299 4460 391 4514 ileum
408 4468 472 4511 esse
486 4451 577 4508 finem
594 4449 684 4520 legis,
698 4449 868 4524 legemque,
886 4466 954 4523 qum
1033 4450 1150 4516 Quaeres
1173 4452 1285 4518 quillto,
1300 4442 1380 4501 unda
1407 4443 1542 4502 dieantau
1563 4444 1740 4516 Cherubim,
1762 4449 1791 4504 et
1803 4431 1911 4504 ‘’stiffi‘'

5 4529 120 4610 ]²‘¹²¹⁰·
159 4541 362 4609 inarcaerat,
377 4534 554 4594 servandam
568 4549 632 4590 esso
647 4538 767 4606 propter
781 4535 887 4603 beum3
900 4539 955 4590 ter·
996 4532 1071 4606 quid
1089 4527 1380 4600 hebraicesignilicct
1394 4526 1576 4586 Cherubim?
1589 4526 1766 4603 despondeo
1781 4547 1789 4586 :
1806 4501 1911 4610 23:¹2}

5 4617 6 4630 ,
160 4633 199 4685 tio
221 4626 284 4684 duo
298 4620 458 4680 Cherubim
471 4620 618 4675 insanelo
631 4617 875 4690 sanctorum,qui
890 4633 954 4675 ver·
997 4616 1136 4673 Dicuntur
1149 4612 1323 4681 Cherubim,
1338 4627 1399 4668 non
1412 4627 1430 4668 a
1443 4612 1582 4670 Chaldaeo
1598 4614 1663 4684 rub,
1680 4612 1729 4671 vel
1745 4630 1790 4670 ra·
1821 4633 1897 4672 anna
2019 4683 2020 4694 χ

160 4671 299 4769 sis‘adsa
312 4710 417 4764 mutuo
429 4701 573 4770 vultibus,
587 4699 715 4757 invicem
729 4699 876 4772 (demisso
888 4700 956 4758 lieet
996 4701 1050 4768 bio,
1063 4699 1095 4757 id
1110 4701 1153 4756 est
1168 4713 1245 4768 paor,
1260 4696 1345 4770 quasi
1358 4696 1454 4752 craece
1471 4696 1552 4753 idem
1564 4695 1603 4752 sit
1617 4697 1701 4770 quod
1714 4705 1791 4760 :tan
1819 4689 1899 4794 Ἓξ
2019 4719 2020 4744 l

158 4791 262 4864 vultu)
274 4805 392 4863 semper
410 4785 623 4861 respiciebant,
637 4784 843 4856 significabant
863 4789 955 4844 ileum
997 4784 1091 4847 κεναὶ),
1105 4781 1138 4838 id
1152 4784 1211 4850 est,
1222 4783 1366 4854 tanquam
1379 4796 1472 4853 puer,
1486 4783 1520 4836 ut
1532 4780 1597 4836 uult
1616 4783 1648 4836 ll.
1663 4780 1791 4856 Kimchi,

158 4875 253 4936 benus
266 4877 328 4934 tam
341 4872 471 4946 angelis,
482 4886 575 4945 quam
588 4869 772 4940 hominibus,
783 4885 901 4928 summa
911 4871 955 4927 in·
997 4871 1026 4926 et
1047 4869 1147 4923 noster
1159 4863 1292 4934 alcazar,
1306 4865 1452 4935 Apocalip.
1472 4867 1561 4935 eaput
1581 4878 1621 4934 rr,
1642 4877 1712 4938 pag.
1727 4865 1793 4935 383,

158 4968 203 5022 ter
224 4975 256 5020 se
277 4959 418 5019 charitate
440 4953 633 5028 flagrantibus
651 4953 755 5028 (quod
774 4953 913 5022 binario,
927 4956 957 5010 et
997 4951 1052 5010 uhi
1073 4951 1115 5008 sic
1142 4949 1296 5022 explicat:
1320 4947 1457 5016 Cherub,
1487 4946 1547 5017 ait,
1570 4945 1603 5004 id
1633 4950 1691 5016 est,
1714 4952 1795 5020 patost

159 5046 291 5108 faciebus
298 5043 339 5102 ad
347 5058 378 5099 se
392 5039 519 5098 inuicem
529 5037 623 5096 uersis
634 5035 842 5108 significatur),
853 5036 956 5094 viden·
994 5053 1079 5112 puer,
1094 5037 1152 5093 hoo
1168 5038 1212 5092 est
1228 5036 1308 5106 qumi
1319 5033 1412 5103 plius,
1429 5029 1476 5088 rel
1504 5033 1583 5102 quasi
1595 5030 1736 5095 minister.
1748 5031 1796 5103 jn·

161 5132 236 5190 dum
256 5144 289 5187 se
313 5124 470 5193 exhibere,
482 5122 598 5196 haeque
620 5120 752 5192 gloriosa
773 5119 821 5176 sui
842 5118 956 5178 visione
998 5121 1073 5193 giler
1094 5124 1192 5177 astans
1215 5121 1289 5187 beo,
1308 5119 1428 5188 paratus
1450 5111 1490 5170 ad
1512 5128 1601 5170 omne
1622 5115 1685 5185 ejus
1708 5111 1795 5172 obse-

162 5230 215 5274 oos
224 5215 325 5272 heare.
341 5211 383 5267 lta
394 5209 423 5266 S.
437 5205 617 5278 Augustinus
630 5207 660 5262 et
671 5203 700 5261 S.
710 5204 849 5261 rhomes.
999 5204 1105 5279 quium
1121 5204 1255 5261 :constat
1267 5199 1347 5258 enim
1361 5197 1520 5256 Cherubim
1533 5212 1596 5255 non
1611 5195 1795 5270 obclusum,

53 5315 131 5361 neum
199 5299 268 5356 bico
281 5295 396 5356 sacrando
418 5313 427 5350 ε
449 5295 593 5364 Tempore
606 5289 694 5348 llosis
707 5303 770 5363 quo
785 5287 958 5346 beushahi·
999 5286 1054 5345 sed
1073 5286 1229 5344 llehraeum
1249 5299 1312 5340 esse
1330 5296 1452 5339 nomen.
1467 5281 1524 5338 Sed
1537 5280 1675 5338 fficuntur
1687 5281 1796 5339 Cheru

30 5376 89 5424 '²¹¹‘
124 5378 148 5419 ⁸¹
163 5382 250 5452 tavit,
261 5396 324 5440 uon
336 5377 370 5437 in
385 5375 514 5452 templo,
528 5373 582 5430 sed
600 5373 633 5430 iu
649 5371 858 5446 tabernaculo,
871 5373 958 5449 quasi
998 5373 1062 5432 hina
1082 5388 1101 5428 a
1123 5365 1312 5427 multitudine
1334 5363 1467 5434 roboris,
1486 5363 1604 5434 alariae,
1624 5362 1750 5424 seientia
1766 5366 1797 5420 et

49 5438 132 5484 ’ω’
163 5464 368 5545 proficiscens,
383 5464 412 5524 et
434 5462 546 5518 armata
568 5455 791 5521 manuducens
811 5459 958 5532 populum
1000 5455 1166 5532 sapientiae,
1181 5451 1223 5514 uti
1237 5449 1322 5514 docet
1336 5451 1363 5508 S.
1379 5448 1551 5533 Dionysius,
1563 5465 1628 5535 cap,
1640 5463 1680 5508 rra
1692 5449 1795 5508 celest.
1825 5455 1829 5458 ‘
