4236 6040
277 369 333 429 ua
770 337 1398 436 'couuuariuumrxoouuueui

276 472 362 546 cipit,
379 471 479 540 restit,
498 468 607 543 pascit,
626 472 657 528 et
672 469 755 544 apud
774 469 987 545 impatientiam
1006 469 1071 528 irati
1113 469 1204 542 tium,
1226 469 1301 530 nihil
1320 487 1357 530 ex
1375 485 1427 530 ore
1446 474 1614 547 promeret,
1635 469 1694 530 uisi
1709 471 1770 528 neo
1781 471 1910 544 gratim?

276 553 375 614 fratris
387 557 541 612 excusat.»
1114 553 1208 628 quidi
1230 552 1346 612 ridebat
1365 555 1455 625 lieus3
1477 552 1573 628 quid?
1592 551 1793 612 dissecabatur
1811 554 1907 614 Salem

183 659 264 708 m.
312 637 465 696 Sccundus
482 636 630 712 mdentie
646 635 775 709 tructus,
792 642 837 694 est
855 637 990 708 dilectio,
1010 636 1072 694 sive
1115 635 1186 694 llino
1200 637 1302 694 omnia
1315 635 1446 712 duplicia
1459 635 1680 710 recuperarit.»

157 719 210 770 ou»
276 718 413 778 charites.
1151 721 1278 788 Quartus
1297 722 1358 791 est,
1380 719 1465 794 quod
1486 715 1629 794 patientia
1650 719 1768 778 aceres
1789 718 1910 782 murtea
1923 730 2029 785 omme

314 801 461 862 «Dilectio
473 818 625 862 summurn
639 801 711 861 fldei
724 803 963 874 Sacramentum,
977 802 1073 861 Chris·
1115 804 1208 878 parit,
1225 818 1292 877 cap.
1305 813 1365 862 xiv.

277 885 349 944 lieni
369 887 499 946 nominis
520 887 693 958 thesaurus,
714 901 807 961 quam
831 887 988 960 Apostolus
1005 885 1073 944 totis
1151 889 1258 954 inmo,
1275 885 1495 944 «humilitatem
1507 884 1659 944 iustruit.»

275 968 391 1028 viribus
404 969 527 1044 Spiritus
545 971 667 1028 Sanctus
686 969 894 1041 commendet,
915 971 999 1042 cujus
1017 969 1073 1028 nisi
1150 969 1286 1038 Secundo,
1301 966 1527 1044 «penitentiam
1541 971 1724 1041 exspectat.»

276 1053 424 1129 patientia
437 1053 600 1128 disciplinis
613 1053 790 1110 erudituri»
1153 1055 1261 1120 Tertio,
1277 1051 1526 1124 «exomologesin
1539 1051 1706 1124 assignat»

312 1137 415 1206 Primo,
433 1135 592 1207 ellilcctio,
606 1136 661 1206 ait,
676 1134 874 1207 magnanimis
888 1137 951 1192 cst:
967 1135 1008 1194 ita
1021 1151 1074 1210 pa·
1153 1137 1274 1205 Quarto,
1294 1150 1439 1194 «caruem
1449 1134 1558 1206 regit.»

276 1219 410 1280 dentiam
425 1219 552 1278 sumit.»
1152 1222 1270 1288 Quinto,
1287 1218 1447 1292 «spiritum
1460 1221 1591 1274 serrat.»

312 1303 449 1371 Secunde
471 1301 628 1363 «beneflca
642 1306 706 1359 est:
721 1300 836 1359 malum
853 1301 993 1376 patientia
1011 1315 1074 1360 non
1151 1304 1246 1371 Sesto,
1261 1301 1416 1373 elinguem
1430 1299 1544 1357 irseuat.
1552 1320 1569 1355 »

279 1387 386 1448 tacit.»
1151 1389 1287 1460 Septimo,
1304 1399 1453 1442 umanum
1465 1383 1631 1442 continet.»

316 1474 420 1537 Tertio,
442 1485 528 1530 «non
544 1469 701 1530 emulatur
714 1486 722 1527 t
736 1467 770 1527 id
786 1467 909 1544 quidem
928 1467 1075 1543 patientiae
1154 1473 1271 1538 octauo,
1288 1469 1487 1528 «tentationes
1500 1467 1690 1526 coumdcat.»

277 1553 435 1631 proprium
451 1559 529 1612 est.»
1152 1559 1244 1623 Nono,
1263 1552 1427 1612 «scandala
1440 1550 1558 1627 pellit.»

312 1639 433 1708 Quone,
457 1651 535 1696 «neo
551 1637 715 1714 superbum
732 1635 829 1710 sapit:
842 1634 1019 1694 modestiam
1038 1633 1075 1692 de
1153 1643 1274 1707 boemo,
1293 1635 1492 1712 emertyrium
1504 1639 1727 1694 consummat.»

277 1721 418 1798 patientia
429 1721 554 1782 traxit.»
1156 1719 1914 1796 Undcctmo,«paupercmcousolatur,divitemtem·

315 1805 427 1873 Quoto,
440 1817 529 1862 «non
538 1803 668 1875 inflatur,
680 1818 743 1861 uon
755 1801 916 1877 protervit:
928 1805 957 1859 et
968 1799 1075 1860 hccad
1116 1811 1237 1885 perat.»

278 1887 451 1963 patientiam
463 1886 600 1963 pertinet.
1152 1889 1329 1957 duodecino,
1354 1903 1498 1948 «sewum
1518 1887 1660 1958 domino,
1678 1885 1836 1945 dominum
1854 1890 1913 1946 lieo

313 1973 409 2042 Sesto,
431 1986 519 2030 enon
531 1969 675 2042 hainau,
695 1971 795 2030 omnia
814 1969 955 2041 sustinet,
973 1969 1077 2027 omnia
1117 1973 1342 2034 commendat.»

279 2055 401 2115 tolerat:
417 2053 534 2129 utiquc,
548 2053 620 2128 quia
632 2054 836 2127 patiensest.»
1152 2059 1259 2114 Dcemo
1280 2059 1377 2121 tertio,
1400 2053 1566 2113 «feminam
1585 2057 1723 2126 exornat,
1742 2054 1838 2112 virum
1860 2071 1915 2129 ap-

313 2139 450 2210 mmo,
472 2136 600 2195 «merito
621 2151 692 2210 ergo
705 2151 863 2210 nunquam
876 2133 1006 2206 excidet3
1027 2151 1077 2192 cx·
1117 2139 1244 2215 probat3
1266 2142 1382 2196 amatur
1402 2137 1434 2194 in
1452 2153 1564 2212 puero,
1589 2137 1726 2196 laudatur
1745 2137 1913 2210 injurians,

277 2221 456 2280 hauriuntur
469 2219 594 2293 lingue,
606 2220 749 2290 scientie,
762 2219 942 2294 prophetiae,
959 2233 1076 2291 perma·
1118 2223 1275 2297 suscipitur
1288 2223 1319 2279 in
1333 2235 1402 2278 seue
1409 2239 1419 2292 3
1438 2220 1566 2280 inomni
1580 2235 1654 2278 sexu
1660 2258 1671 2290 ,
1689 2219 1720 2276 in
1733 2221 1815 2278 omui
1828 2223 1912 2280 etate

278 2311 350 2363 nent
363 2303 456 2376 tides,
474 2320 559 2378 spes,
578 2303 697 2360 dilectio
719 2318 726 2358 :
748 2303 840 2373 fides,
858 2317 952 2376 quam
971 2299 1077 2360 Christi
1116 2306 1251 2364 formosa
1263 2309 1342 2363 est.»

276 2387 419 2465 patientia
435 2387 568 2457 induxit3
586 2400 671 2458 spes,
686 2400 778 2460 quam
793 2383 922 2442 hominis
935 2383 1077 2457 patientie
1155 2391 1271 2457 octauo,
1288 2387 1436 2462 patientiae
1449 2385 1579 2461 oiligiem
1591 2388 1632 2446 ita
1644 2386 1685 2445 ad
1697 2385 1796 2443 virum
1808 2386 1911 2460 depin-
1921 2399 2040 2448 humi.

279 2469 589 2544 exspectat5dilectio,
602 2483 695 2544 quam
708 2470 767 2526 beo
782 2468 923 2540 magistro
936 2465 1077 2540 patientia
1117 2474 1175 2546 git,
1190 2489 1256 2547 cap.
1270 2488 1320 2530 xv.
1924 2461 2016 2522 Μ*

280 2555 449 2612 comitatur.
459 2573 476 2608 ι
1153 2560 1265 2614 Primo:
1281 2556 1406 2614 «vultus
1419 2555 1463 2616 illi
1475 2553 1655 2631 tranquillus
1668 2557 1696 2613 ei
1705 2553 1873 2629 placidus.»

163 2655 258 2706 ruite».
315 2637 437 2706 lortius,
459 2640 522 2709 est,
541 2637 626 2712 quod
638 2635 781 2711 patientia
801 2639 940 2709 suggerat
961 2634 1077 2710 pietatis
1153 2639 1288 2708 seruum,
1310 2639 1417 2698 alrons
1433 2655 1527 2715 pura,
1547 2637 1631 2697 nulla
1648 2639 1781 2698 moeroris
1796 2643 1847 2698 aut
1860 2639 1912 2698 irie

292 2720 514 2794 marcilia,cap.
529 2734 593 2777 nu.
1119 2724 1278 2795 rugositate
1291 2726 1474 2783 contracta.»

318 2803 413 2872 eorm
425 2805 470 2861 est
482 2803 642 2876 negotiatio
655 2800 801 2878 patientie
815 2801 846 2858 in
860 2803 1029 2874 corporet»
1155 2807 1261 2878 Tertio,
1277 2805 1456 2880 «supercilia
1470 2807 1501 2863 iu
1512 2805 1614 2864 latum
1623 2807 1748 2864 modurn
1756 2805 1909 2864 remisse.»

314 2889 422 2954 mnu,
442 2883 617 2946 «afflictatio
630 2886 743 2956 cnrnb,
761 2885 857 2942 hostia
871 2884 997 2942 Domino
1010 2885 1074 2958 pla·
1153 2891 1272 2958 Quarto,
1291 2889 1393 2947 «oculi
1405 2888 1586 2960 humilitate,
1604 2903 1666 2947 nou
1684 2888 1847 2948 infelicitate
1861 2890 1913 2949 de·

279 2969 425 3030 sutoria.»
1114 2973 1219 3044 jecii.»

313 3054 449 3124 semum
473 3073 488 3109 e
495 3053 608 3128 jejunia
628 3070 697 3114 cum
720 3053 818 3113 cinere
841 3057 870 3110 ct
894 3067 980 3113 sacco
1001 3066 1074 3110 cou-
1154 3053 1272 3120 Quinto,
1289 3069 1348 3111 «os
1361 3051 1565 3110 taciturnitatis
1577 3051 1687 3111 rubore
1701 3051 1882 3124 signatum.»

275 3139 413 3211 jurem.»
1153 3135 1248 3202 Scato,
1264 3135 1371 3194 «color
1381 3135 1479 3210 qualis
1493 3135 1603 3193 securis
1614 3139 1643 3194 et
1655 3134 1816 3195 innoxiis.»

316 3223 421 3289 Tertio,
438 3222 645 3297 «promtiores
656 3225 684 3280 et
694 3218 951 3296 deprecationes.»
1152 3219 1287 3290 septime
1304 3223 1428 3279 emotus
1441 3218 1581 3294 frequens
1589 3219 1693 3293 capitis
1705 3217 1737 3276 iu
1746 3217 1911 3287 diabolum,

315 3305 438 3376 oceno,
455 3304 801 3364 «mutinentiacaruism
1117 3307 1147 3362 et
1159 3304 1261 3361 minax
1273 3303 1381 3360 risus.»

315 3389 432 3456 fimeto,
451 3387 847 3448 rmmtmliasubomcc.»
1155 3387 1272 3453 Oetaeo,
1287 3387 1435 3444 «amictus
1449 3387 1694 3461 oiroumpeotora
1705 3385 1864 3458 candidus,
1881 3387 1912 3444 et

314 3473 458 3547 Exempla
472 3476 551 3531 suut.
571 3475 712 3530 eSecatur
725 3470 828 3542 isaias,
846 3469 994 3544 patientie
1007 3469 1076 3527 viri·
1118 3471 1237 3545 corpori
1249 3472 1426 3546 impressus,
1445 3476 1480 3529 ul
1498 3472 1552 3545 qui
1572 3486 1628 3531 uso
1645 3468 1778 3544 inflatur,
1798 3486 1853 3530 neo
1866 3471 1913 3529 in·

280 3553 340 3614 bus
353 3559 499 3624 armatus,
513 3559 542 3613 et
552 3554 589 3613 de
605 3554 729 3612 Domino
743 3567 804 3610 uou
818 3557 893 3610 tacet
901 3571 911 3623 3
925 3551 1076 3625 lapidatur
1118 3555 1301 3630 quietatur.»

280 3638 455 3710 Stephanus,
467 3641 496 3694 et
506 3638 623 3698 veniam
635 3638 772 3695 hostibus
785 3636 846 3694 suis
855 3637 985 3708 postulat
997 3655 1004 3693 ι
1018 3635 1074 3694 iob
1153 3639 1244 3704 Nouo,
1265 3637 1347 3695 sedet
1361 3636 1394 3694 iu
1412 3637 1521 3695 throno
1539 3638 1660 3712 spiritus
1679 3637 1742 3709 eius
1754 3637 1910 3708 mitissimi,

281 3734 402 3778 omnem
414 3719 561 3796 patientiae
574 3719 713 3792 speciem,
727 3719 868 3778 adversus
882 3733 1002 3776 omnem
1013 3719 1077 3776 dia·
1118 3721 1171 3794 qui
1190 3735 1253 3778 non
1269 3720 1386 3778 turbine
1407 3721 1602 3794 glomeratur,
1619 3737 1682 3778 nou
1702 3719 1807 3780 nubilo
1823 3721 1911 3793 livet,

280 3799 345 3860 boli
356 3801 418 3858 vim
431 3801 583 3874 expungit,
597 3817 688 3874 quem
702 3815 764 3858 non
776 3800 873 3858 abacti
885 3815 999 3873 greges,
1012 3816 1076 3858 uon
1117 3805 1171 3862 sed
1192 3808 1236 3860 est
1254 3808 1361 3863 tenere
1379 3804 1560 3876 serenitatis,
1579 3808 1698 3879 apertus
1717 3809 1746 3864 et
1767 3803 1911 3879 simplex,

281 3882 336 3941 lilii
344 3899 406 3940 uuo
416 3883 510 3940 ruinae
520 3884 632 3956 impetu
640 3884 782 3957 adempti,
797 3897 859 3942 nou
868 3883 1000 3957 corporis
1009 3899 1075 3942 cru-
1117 3902 1209 3960 quern
1227 3885 1312 3944 tertio
1332 3886 1407 3946 vidit
1429 3887 1505 3945 illias
1512 3907 1521 3960 3
1543 3904 1614 3946 nam
1633 3887 1687 3945 ubi
1707 3891 1800 3958 Deus,
1820 3887 1864 3944 ibi
1882 3891 1913 3946 et

281 3965 373 4023 ciatus
381 3981 399 4023 a
407 3964 548 4040 patientia
560 3965 703 4023 exclusit:
719 3964 808 4042 quale
820 3965 852 4022 iu
864 3965 917 4024 illc
925 3966 990 4024 uiro
1003 3965 1076 4024 lerc-
1117 3967 1240 4028 alumna
1253 3971 1334 4042 ejus,
1349 3969 1491 4044 patientia
1507 3971 1636 4028 scilicet:
1654 3987 1723 4029 eum
1739 3985 1810 4042 ergo
1825 3970 1912 4044 spiri·

280 4053 361 4108 hum
373 4051 448 4108 heus
467 4051 504 4108 de
522 4049 643 4109 diaholo
663 4051 808 4109 extruxit?
826 4051 914 4126 quale
932 4050 1074 4109 uemllum
1117 4056 1165 4110 tus
1184 4053 1235 4111 uei
1249 4053 1414 4128 descendit,
1429 4053 1585 4116 individue
1601 4053 1743 4132 patientia
1755 4053 1912 4117 comitatur

282 4131 395 4208 ebrie,
407 4149 477 4198 oum
487 4134 538 4200 ille
551 4135 643 4200 homo
656 4135 696 4196 ad
710 4150 830 4196 omnem
844 4133 986 4196 acerbum
999 4147 1075 4194 nuu-
1117 4149 1222 4194 eum.»

277 4335 304 4374 'i

820 4491 1025 4603 CAPUT
1069 4491 1369 4604 TERTIUM.

894 4701 1098 4762 sirlorsls
1122 4699 1300 4762 caetris.

282 4885 369 4948 roro
379 4897 492 4962 patetne
512 4899 571 4944 coes
584 4885 689 4951 tethro,
701 4887 813 4939 umatus
825 4899 844 4937 o
856 4883 970 4938 Destino
984 4887 1015 4937 to
1031 4885 1097 4940 rubo
1112 4883 1224 4940 edicite
1241 4889 1268 4940 ct
1281 4885 1461 4954 iocnnhuetoe
1475 4885 1509 4942 od
1520 4899 1601 4959 eogere
1612 4889 1736 4945 mittitur
1746 4885 1783 4946 od
1792 4885 1915 4944 Pharoo-

392 4997 468 5053 mm,
480 4988 514 5041 ut
526 4983 620 5040 liberet
633 4982 767 5039 Hehoeos.
781 4979 918 5045 Senecio,
930 4993 1000 5037 cers.
1014 4981 1049 5036 l3
1056 5019 1067 5049 ,
1080 4988 1160 5051 roget
1174 4997 1268 5039 nomen
1280 4983 1345 5048 Dei,
1360 4985 1410 5054 qui
1422 4987 1464 5040 cit
1479 4985 1562 5056 :ligo
1575 5001 1642 5043 sum
1655 4985 1709 5060 qui
1721 5000 1799 5042 sum.

329 5173 361 5244 l.
380 5171 509 5264 Moyses
521 5180 632 5242 autem
645 5171 795 5264 pascebat
811 5194 889 5241 oves
901 5171 1014 5241 tethro
1033 5174 1212 5261 socerisui,
1230 5176 1405 5246 sacerdotis
1420 5177 1577 5246 Madian:
1596 5197 1740 5268 cumque
1756 5177 1915 5246 minasset

281 5299 415 5368 gregem
428 5278 471 5348 sd
485 5278 643 5348 interiora
654 5278 793 5366 deserti,
813 5279 905 5347 venit
918 5277 959 5348 ad
974 5279 1119 5351 montem
1132 5281 1192 5350 Dei
1205 5281 1327 5352 Horeb.
1347 5283 1380 5352 2.
1401 5283 1629 5382 Apparuitquo
1646 5282 1678 5352 ei
1697 5281 1858 5352 Dominus
1875 5281 1914 5348 in

283 5381 417 5452 flamma
429 5381 518 5476 iguis
529 5380 570 5454 de
583 5383 691 5464 medio
705 5383 793 5471 rubi,
809 5385 984 5455 stridebat
998 5388 1084 5479 quod
1100 5387 1204 5456 rrriuis
1218 5389 1356 5474 arderet,
1373 5396 1405 5457 et
1419 5410 1485 5456 uon
1498 5387 1756 5457 combureretur.
1770 5389 1803 5456 3.
1819 5385 1916 5455 Dixit
