<?xml version="1.0" encoding="UTF-8"?>
<!DOCTYPE html PUBLIC "-//W3C//DTD XHTML 1.0 Transitional//EN"
    "http://www.w3.org/TR/xhtml1/DTD/xhtml1-transitional.dtd">
<html xmlns="http://www.w3.org/1999/xhtml" xml:lang="en" lang="en">
 <head>
  <title>
</title>
<meta http-equiv="Content-Type" content="text/html;charset=utf-8" />
  <meta name='ocr-system' content='tesseract 3.04.00' />
  <meta name='ocr-capabilities' content='ocr_page ocr_carea ocr_par ocr_line ocrx_word'/>
</head>
<body>
  <div class='ocr_page' id='page_1' title='image "./commentariainsc00lapigoog/commentariainsc00lapigoog_0133.png"; bbox 0 0 4042 6032; ppageno 0'>
   <div class='ocr_carea' id='block_1_1' title="bbox 269 279 348 348">
    <p class='ocr_par' dir='ltr' id='par_1_1' title="bbox 269 279 348 348">
     <span class='ocr_line' id='line_1_1' title="bbox 269 279 348 348; baseline 0.025 -2"><span class='ocrx_word' id='word_1_1' title='bbox 269 279 348 348; x_wconf 71' lang='lat' dir='ltr'><strong>aaut</strong></span> 
     </span>
    </p>
   </div>
   <div class='ocr_carea' id='block_1_2' title="bbox 247 391 1897 1306">
    <p class='ocr_par' dir='ltr' id='par_1_2' title="bbox 247 391 1897 1306">
     <span class='ocr_line' id='line_1_2' title="bbox 268 391 1891 476; baseline -0.001 -22"><span class='ocrx_word' id='word_1_2' title='bbox 268 395 420 466; x_wconf 67' lang='lat' dir='ltr'><strong>marsa,</strong></span> <span class='ocrx_word' id='word_1_3' title='bbox 430 394 643 454; x_wconf 85' lang='lat' dir='ltr'><strong>ntaudivimus</strong></span> <span class='ocrx_word' id='word_1_4' title='bbox 656 395 731 469; x_wconf 67' lang='lat'><strong>555,</strong></span> <span class='ocrx_word' id='word_1_5' title='bbox 742 411 761 452; x_wconf 86' lang='lat' dir='ltr'><strong>a</strong></span> <span class='ocrx_word' id='word_1_6' title='bbox 771 398 799 454; x_wconf 88' lang='lat' dir='ltr'><strong>s.</strong></span> <span class='ocrx_word' id='word_1_7' title='bbox 809 395 931 467; x_wconf 83' lang='lat' dir='ltr'><strong>Tbome,</strong></span> <span class='ocrx_word' id='word_1_8' title='bbox 943 399 1057 460; x_wconf 73' lang='lat' dir='ltr'><strong>setoso</strong></span> <span class='ocrx_word' id='word_1_9' title='bbox 1098 397 1236 474; x_wconf 83' lang='lat' dir='ltr'><strong>quamvis</strong></span> <span class='ocrx_word' id='word_1_10' title='bbox 1248 398 1307 456; x_wconf 89' lang='lat' dir='ltr'><strong>sint</strong></span> <span class='ocrx_word' id='word_1_11' title='bbox 1315 398 1455 458; x_wconf 87' lang='lat' dir='ltr'><strong>animalis</strong></span> <span class='ocrx_word' id='word_1_12' title='bbox 1470 393 1602 476; x_wconf 80' lang='lat' dir='ltr'><strong>vivipsra</strong></span> <span class='ocrx_word' id='word_1_13' title='bbox 1614 399 1703 472; x_wconf 90' lang='lat' dir='ltr'><strong>atque</strong></span> <span class='ocrx_word' id='word_1_14' title='bbox 1716 391 1891 454; x_wconf 87' lang='lat' dir='ltr'><strong>mammalis</strong></span> 
     </span>
     <span class='ocr_line' id='line_1_3' title="bbox 270 477 1893 557; baseline -0.001 -21"><span class='ocrx_word' id='word_1_15' title='bbox 270 482 425 538; x_wconf 85' lang='lat' dir='ltr'><strong>astantum</strong></span> <span class='ocrx_word' id='word_1_16' title='bbox 435 479 601 554; x_wconf 75' lang='lat' dir='ltr'><strong>proposuit,</strong></span> <span class='ocrx_word' id='word_1_17' title='bbox 612 495 679 554; x_wconf 76' lang='lat' dir='ltr'><strong>quse</strong></span> <span class='ocrx_word' id='word_1_18' title='bbox 687 478 1055 556; x_wconf 81' lang='lat' dir='ltr'><strong>inmanifestoadparent.»</strong></span> <span class='ocrx_word' id='word_1_19' title='bbox 1100 482 1181 556; x_wconf 87' lang='lat' dir='ltr'><strong>(nem</strong></span> <span class='ocrx_word' id='word_1_20' title='bbox 1192 481 1401 557; x_wconf 73' lang='lat' dir='ltr'>quadrupedes</span> <span class='ocrx_word' id='word_1_21' title='bbox 1414 481 1527 556; x_wconf 82' lang='lat' dir='ltr'><strong>ovipari</strong></span> <span class='ocrx_word' id='word_1_22' title='bbox 1540 486 1568 538; x_wconf 87' lang='lat' dir='ltr'><strong>et</strong></span> <span class='ocrx_word' id='word_1_23' title='bbox 1581 481 1673 540; x_wconf 91' lang='lat' dir='ltr'><strong>modo</strong></span> <span class='ocrx_word' id='word_1_24' title='bbox 1686 479 1762 538; x_wconf 88' lang='lat' dir='ltr'><strong>inter</strong></span> <span class='ocrx_word' id='word_1_25' title='bbox 1774 477 1893 553; x_wconf 79' lang='lat' dir='ltr'><strong>reptilia</strong></span> 
     </span>
     <span class='ocr_line' id='line_1_4' title="bbox 269 559 1890 645; baseline -0.001 -25"><span class='ocrx_word' id='word_1_26' title='bbox 269 559 360 634; x_wconf 77' lang='lat' dir='ltr'><strong>igitur</strong></span> <span class='ocrx_word' id='word_1_27' title='bbox 379 577 440 621; x_wconf 93' lang='lat' dir='ltr'><strong>non</strong></span> <span class='ocrx_word' id='word_1_28' title='bbox 457 560 586 621; x_wconf 86' lang='lat' dir='ltr'><strong>absurde</strong></span> <span class='ocrx_word' id='word_1_29' title='bbox 604 561 712 636; x_wconf 89' lang='lat' dir='ltr'><strong>aliquis</strong></span> <span class='ocrx_word' id='word_1_30' title='bbox 732 562 858 635; x_wconf 87' lang='lat' dir='ltr'><strong>diceret,</strong></span> <span class='ocrx_word' id='word_1_31' title='bbox 876 581 945 624; x_wconf 91' lang='lat' dir='ltr'><strong>eum</strong></span> <span class='ocrx_word' id='word_1_32' title='bbox 961 568 1057 624; x_wconf 80' lang='lat' dir='ltr'><strong>tmere</strong></span> <span class='ocrx_word' id='word_1_33' title='bbox 1101 567 1334 645; x_wconf 83' lang='lat' dir='ltr'><strong>adnumerantur</strong></span> <span class='ocrx_word' id='word_1_34' title='bbox 1346 569 1379 622; x_wconf 89' lang='lat' dir='ltr'><strong>nt</strong></span> <span class='ocrx_word' id='word_1_35' title='bbox 1388 580 1472 636; x_wconf 88' lang='lat' dir='ltr'><strong>rana,</strong></span> <span class='ocrx_word' id='word_1_36' title='bbox 1480 565 1607 635; x_wconf 88' lang='lat' dir='ltr'><strong>testudo,</strong></span> <span class='ocrx_word' id='word_1_37' title='bbox 1616 563 1735 634; x_wconf 85' lang='lat' dir='ltr'><strong>lacerta,</strong></span> <span class='ocrx_word' id='word_1_38' title='bbox 1745 560 1890 635; x_wconf 62' lang='lat' dir='ltr'><strong>moligi-</strong></span> 
     </span>
     <span class='ocr_line' id='line_1_5' title="bbox 269 641 1893 722; baseline 0 -18"><span class='ocrx_word' id='word_1_39' title='bbox 269 641 482 706; x_wconf 88' lang='lat' dir='ltr'><strong>deinnumcris</strong></span> <span class='ocrx_word' id='word_1_40' title='bbox 499 646 557 704; x_wconf 93' lang='lat' dir='ltr'><strong>illis</strong></span> <span class='ocrx_word' id='word_1_41' title='bbox 571 646 757 706; x_wconf 77' lang='lat' dir='ltr'><strong>animalculis</strong></span> <span class='ocrx_word' id='word_1_42' title='bbox 771 647 975 721; x_wconf 88' lang='lat' dir='ltr'><strong>microscopis,</strong></span> <span class='ocrx_word' id='word_1_43' title='bbox 991 663 1058 722; x_wconf 80' lang='lat' dir='ltr'><strong>quas</strong></span> <span class='ocrx_word' id='word_1_44' title='bbox 1100 653 1148 708; x_wconf 87' lang='lat' dir='ltr'><strong>tur</strong></span> <span class='ocrx_word' id='word_1_45' title='bbox 1173 665 1211 708; x_wconf 84' lang='lat' dir='ltr'><strong>ex</strong></span> <span class='ocrx_word' id='word_1_46' title='bbox 1232 647 1278 706; x_wconf 88' lang='lat' dir='ltr'><strong>bis</strong></span> <span class='ocrx_word' id='word_1_47' title='bbox 1309 647 1449 706; x_wconf 91' lang='lat' dir='ltr'><strong>omnibus</strong></span> <span class='ocrx_word' id='word_1_48' title='bbox 1472 645 1667 719; x_wconf 77' lang='lat' dir='ltr'><strong>animalibus,</strong></span> <span class='ocrx_word' id='word_1_49' title='bbox 1688 662 1724 704; x_wconf 87' lang='lat' dir='ltr'><strong>ee</strong></span> <span class='ocrx_word' id='word_1_50' title='bbox 1747 661 1817 721; x_wconf 78' lang='lat' dir='ltr'><strong>quae</strong></span> <span class='ocrx_word' id='word_1_51' title='bbox 1841 643 1893 704; x_wconf 83' lang='lat' dir='ltr'><strong>vel</strong></span> 
     </span>
     <span class='ocr_line' id='line_1_6' title="bbox 269 727 1894 808; baseline -0.002 -21"><span class='ocrx_word' id='word_1_52' title='bbox 269 727 382 788; x_wconf 77' lang='lat' dir='ltr'><strong>fossilis</strong></span> <span class='ocrx_word' id='word_1_53' title='bbox 393 730 594 804; x_wconf 89' lang='lat' dir='ltr'><strong>reperiuntur,</strong></span> <span class='ocrx_word' id='word_1_54' title='bbox 609 735 642 787; x_wconf 90' lang='lat' dir='ltr'><strong>ut</strong></span> <span class='ocrx_word' id='word_1_55' title='bbox 659 733 735 788; x_wconf 88' lang='lat' dir='ltr'><strong>tacet</strong></span> <span class='ocrx_word' id='word_1_56' title='bbox 748 732 786 790; x_wconf 93' lang='lat' dir='ltr'><strong>de</strong></span> <span class='ocrx_word' id='word_1_57' title='bbox 806 731 982 806; x_wconf 88' lang='lat' dir='ltr'><strong>corporibus</strong></span> <span class='ocrx_word' id='word_1_58' title='bbox 1001 729 1058 788; x_wconf 90' lang='lat' dir='ltr'><strong>illis</strong></span> <span class='ocrx_word' id='word_1_59' title='bbox 1100 732 1241 808; x_wconf 88' lang='lat' dir='ltr'><strong>aquatilia</strong></span> <span class='ocrx_word' id='word_1_60' title='bbox 1253 737 1322 791; x_wconf 91' lang='lat' dir='ltr'><strong>sunt</strong></span> <span class='ocrx_word' id='word_1_61' title='bbox 1331 731 1379 790; x_wconf 84' lang='lat' dir='ltr'><strong>vel</strong></span> <span class='ocrx_word' id='word_1_62' title='bbox 1392 730 1554 804; x_wconf 87' lang='lat' dir='ltr'><strong>amphibia,</strong></span> <span class='ocrx_word' id='word_1_63' title='bbox 1564 732 1621 788; x_wconf 89' lang='lat' dir='ltr'><strong>hoc</strong></span> <span class='ocrx_word' id='word_1_64' title='bbox 1633 730 1701 787; x_wconf 87' lang='lat' dir='ltr'><strong>loco</strong></span> <span class='ocrx_word' id='word_1_65' title='bbox 1711 729 1810 803; x_wconf 85' lang='lat' dir='ltr'><strong>putari</strong></span> <span class='ocrx_word' id='word_1_66' title='bbox 1823 743 1894 804; x_wconf 86' lang='lat' dir='ltr'><strong>pos-</strong></span> 
     </span>
     <span class='ocr_line' id='line_1_7' title="bbox 270 812 1895 891; baseline -0.001 -20"><span class='ocrx_word' id='word_1_67' title='bbox 270 812 477 884; x_wconf 87' lang='lat' dir='ltr'><strong>mineralibus,</strong></span> <span class='ocrx_word' id='word_1_68' title='bbox 494 829 625 887; x_wconf 79' lang='lat' dir='ltr'><strong>quorun</strong></span> <span class='ocrx_word' id='word_1_69' title='bbox 639 829 700 877; x_wconf 91' lang='lat' dir='ltr'><strong>non</strong></span> <span class='ocrx_word' id='word_1_70' title='bbox 721 829 843 889; x_wconf 72' lang='lat' dir='ltr'><strong>paruam</strong></span> <span class='ocrx_word' id='word_1_71' title='bbox 857 818 971 889; x_wconf 85' lang='lat' dir='ltr'><strong>partem</strong></span> <span class='ocrx_word' id='word_1_72' title='bbox 993 814 1059 887; x_wconf 88' lang='lat' dir='ltr'><strong>ipsa</strong></span> <span class='ocrx_word' id='word_1_73' title='bbox 1101 821 1171 875; x_wconf 88' lang='lat' dir='ltr'><strong>sunt</strong></span> <span class='ocrx_word' id='word_1_74' title='bbox 1178 813 1388 891; x_wconf 88' lang='lat' dir='ltr'><strong>comprehendi</strong></span> <span class='ocrx_word' id='word_1_75' title='bbox 1398 815 1530 872; x_wconf 77' lang='lat' dir='ltr'><strong>litarem</strong></span> <span class='ocrx_word' id='word_1_76' title='bbox 1540 815 1650 872; x_wconf 76' lang='grc'><strong>1111111.</strong></span> <span class='ocrx_word' id='word_1_77' title='bbox 1667 813 1812 872; x_wconf 78' lang='lat' dir='ltr'><strong>interbaec</strong></span> <span class='ocrx_word' id='word_1_78' title='bbox 1824 816 1895 870; x_wconf 88' lang='lat' dir='ltr'><strong>sunt</strong></span> 
     </span>
     <span class='ocr_line' id='line_1_8' title="bbox 271 895 1894 973; baseline -0.001 -18"><span class='ocrx_word' id='word_1_79' title='bbox 271 897 460 958; x_wconf 90' lang='lat' dir='ltr'><strong>constituunt.</strong></span> <span class='ocrx_word' id='word_1_80' title='bbox 474 897 555 957; x_wconf 91' lang='lat' dir='ltr'><strong>ldem</strong></span> <span class='ocrx_word' id='word_1_81' title='bbox 567 898 858 973; x_wconf 89' lang='lat' dir='ltr'><strong>dicipotestiortassc</strong></span> <span class='ocrx_word' id='word_1_82' title='bbox 870 899 908 957; x_wconf 93' lang='lat' dir='ltr'><strong>de</strong></span> <span class='ocrx_word' id='word_1_83' title='bbox 918 899 1058 964; x_wconf 79' lang='lat' dir='ltr'><strong>tritobs&#39;tis,</strong></span> <span class='ocrx_word' id='word_1_84' title='bbox 1102 908 1132 962; x_wconf 92' lang='lat' dir='ltr'><strong>et</strong></span> <span class='ocrx_word' id='word_1_85' title='bbox 1144 902 1308 968; x_wconf 79' lang='lat' dir='ltr'><strong>tionntotm,</strong></span> <span class='ocrx_word' id='word_1_86' title='bbox 1318 906 1373 957; x_wconf 85' lang='lat' dir='ltr'><strong>octe</strong></span> <span class='ocrx_word' id='word_1_87' title='bbox 1383 900 1510 971; x_wconf 77' lang='lat' dir='ltr'><strong>prandio,</strong></span> <span class='ocrx_word' id='word_1_88' title='bbox 1519 915 1581 972; x_wconf 91' lang='lat' dir='ltr'><strong>quo</strong></span> <span class='ocrx_word' id='word_1_89' title='bbox 1594 897 1714 957; x_wconf 90' lang='lat' dir='ltr'><strong>nomine</strong></span> <span class='ocrx_word' id='word_1_90' title='bbox 1728 895 1894 956; x_wconf 90' lang='lat' dir='ltr'><strong>nonmodo</strong></span> 
     </span>
     <span class='ocr_line' id='line_1_9' title="bbox 247 977 1896 1058; baseline 0 -20"><span class='ocrx_word' id='word_1_91' title='bbox 247 981 324 1058; x_wconf 77' lang='lat' dir='ltr'><strong>¹qui</strong></span> <span class='ocrx_word' id='word_1_92' title='bbox 343 979 412 1039; x_wconf 89' lang='lat' dir='ltr'><strong>licet</strong></span> <span class='ocrx_word' id='word_1_93' title='bbox 429 977 572 1040; x_wconf 72' lang='lat' dir='ltr'><strong>familiam</strong></span> <span class='ocrx_word' id='word_1_94' title='bbox 594 998 684 1040; x_wconf 91' lang='lat' dir='ltr'><strong>unam</strong></span> <span class='ocrx_word' id='word_1_95' title='bbox 706 981 778 1041; x_wconf 91' lang='lat' dir='ltr'><strong>olim</strong></span> <span class='ocrx_word' id='word_1_96' title='bbox 802 981 1003 1041; x_wconf 88' lang='lat' dir='ltr'><strong>constituerint</strong></span> <span class='ocrx_word' id='word_1_97' title='bbox 1027 982 1058 1039; x_wconf 92' lang='lat' dir='ltr'><strong>in</strong></span> <span class='ocrx_word' id='word_1_98' title='bbox 1103 983 1203 1044; x_wconf 87' lang='lat' dir='ltr'><strong>classis</strong></span> <span class='ocrx_word' id='word_1_99' title='bbox 1224 987 1406 1042; x_wconf 89' lang='lat' dir='ltr'><strong>cetaccorum</strong></span> <span class='ocrx_word' id='word_1_100' title='bbox 1420 981 1497 1055; x_wconf 84' lang='lat' dir='ltr'><strong>(qnae</strong></span> <span class='ocrx_word' id='word_1_101' title='bbox 1514 981 1610 1056; x_wconf 88' lang='lat' dir='ltr'><strong>pisces</strong></span> <span class='ocrx_word' id='word_1_102' title='bbox 1628 995 1691 1040; x_wconf 93' lang='lat' dir='ltr'><strong>non</strong></span> <span class='ocrx_word' id='word_1_103' title='bbox 1713 983 1781 1038; x_wconf 89' lang='lat' dir='ltr'><strong>sunt</strong></span> <span class='ocrx_word' id='word_1_104' title='bbox 1803 994 1896 1038; x_wconf 87' lang='lat' dir='ltr'><strong>sensu</strong></span> 
     </span>
     <span class='ocr_line' id='line_1_10' title="bbox 272 1063 1895 1139; baseline -0.002 -15"><span class='ocrx_word' id='word_1_105' title='bbox 272 1063 363 1124; x_wconf 80' lang='lat' dir='ltr'><strong>classe</strong></span> <span class='ocrx_word' id='word_1_106' title='bbox 374 1068 611 1136; x_wconf 86' lang='lat' dir='ltr'><strong>crustaoeorum,</strong></span> <span class='ocrx_word' id='word_1_107' title='bbox 621 1070 720 1126; x_wconf 88' lang='lat' dir='ltr'><strong>tamen</strong></span> <span class='ocrx_word' id='word_1_108' title='bbox 733 1069 809 1125; x_wconf 88' lang='lat' dir='ltr'><strong>certe</strong></span> <span class='ocrx_word' id='word_1_109' title='bbox 828 1081 888 1123; x_wconf 92' lang='lat' dir='ltr'><strong>non</strong></span> <span class='ocrx_word' id='word_1_110' title='bbox 902 1070 970 1124; x_wconf 91' lang='lat' dir='ltr'><strong>sunt</strong></span> <span class='ocrx_word' id='word_1_111' title='bbox 985 1065 1059 1122; x_wconf 83' lang='lat' dir='ltr'><strong>inter</strong></span> <span class='ocrx_word' id='word_1_112' title='bbox 1103 1067 1316 1139; x_wconf 80' lang='lat' dir='ltr'><strong>mologorum,</strong></span> <span class='ocrx_word' id='word_1_113' title='bbox 1338 1068 1369 1124; x_wconf 87' lang='lat' dir='ltr'><strong>at</strong></span> <span class='ocrx_word' id='word_1_114' title='bbox 1386 1069 1454 1123; x_wconf 91' lang='lat' dir='ltr'><strong>sunt</strong></span> <span class='ocrx_word' id='word_1_115' title='bbox 1471 1065 1587 1138; x_wconf 82' lang='lat' dir='ltr'><strong>vulgari</strong></span> <span class='ocrx_word' id='word_1_116' title='bbox 1605 1079 1693 1122; x_wconf 88' lang='lat' dir='ltr'><strong>sensu</strong></span> <span class='ocrx_word' id='word_1_117' title='bbox 1706 1068 1736 1121; x_wconf 90' lang='lat' dir='ltr'><strong>et</strong></span> <span class='ocrx_word' id='word_1_118' title='bbox 1753 1064 1895 1136; x_wconf 88' lang='lat' dir='ltr'><strong>antiquo·</strong></span> 
     </span>
     <span class='ocr_line' id='line_1_11' title="bbox 272 1146 1894 1223; baseline -0.002 -15"><span class='ocrx_word' id='word_1_119' title='bbox 272 1161 318 1219; x_wconf 88' lang='lat' dir='ltr'><strong>es,</strong></span> <span class='ocrx_word' id='word_1_120' title='bbox 333 1162 431 1222; x_wconf 76' lang='lat' dir='ltr'><strong>«quse</strong></span> <span class='ocrx_word' id='word_1_121' title='bbox 444 1148 477 1208; x_wconf 93' lang='lat' dir='ltr'><strong>in</strong></span> <span class='ocrx_word' id='word_1_122' title='bbox 492 1149 647 1210; x_wconf 83' lang='lat' dir='ltr'><strong>manifesto</strong></span> <span class='ocrx_word' id='word_1_123' title='bbox 667 1148 848 1223; x_wconf 74' lang='lat' dir='ltr'><strong>adparent.»</strong></span> <span class='ocrx_word' id='word_1_124' title='bbox 864 1151 937 1208; x_wconf 86' lang='lat' dir='ltr'><strong>Nam</strong></span> <span class='ocrx_word' id='word_1_125' title='bbox 956 1162 1061 1206; x_wconf 90' lang='lat' dir='ltr'><strong>eorum</strong></span> <span class='ocrx_word' id='word_1_126' title='bbox 1104 1150 1192 1223; x_wconf 82' lang='lat' dir='ltr'><strong>rum),</strong></span> <span class='ocrx_word' id='word_1_127' title='bbox 1204 1149 1257 1208; x_wconf 88' lang='lat' dir='ltr'><strong>sed</strong></span> <span class='ocrx_word' id='word_1_128' title='bbox 1275 1155 1304 1206; x_wconf 91' lang='lat' dir='ltr'><strong>et</strong></span> <span class='ocrx_word' id='word_1_129' title='bbox 1324 1147 1382 1206; x_wconf 87' lang='lat' dir='ltr'><strong>alia</strong></span> <span class='ocrx_word' id='word_1_130' title='bbox 1399 1147 1514 1220; x_wconf 78' lang='lat' dir='ltr'><strong>majora</strong></span> <span class='ocrx_word' id='word_1_131' title='bbox 1533 1147 1675 1221; x_wconf 86' lang='lat' dir='ltr'><strong>aquatilia</strong></span> <span class='ocrx_word' id='word_1_132' title='bbox 1697 1146 1894 1221; x_wconf 83' lang='lat' dir='ltr'><strong>comproben-</strong></span> 
     </span>
     <span class='ocr_line' id='line_1_12' title="bbox 272 1229 1897 1306; baseline -0.002 -14"><span class='ocrx_word' id='word_1_133' title='bbox 272 1230 394 1306; x_wconf 84' lang='lat' dir='ltr'><strong>autique</strong></span> <span class='ocrx_word' id='word_1_134' title='bbox 403 1231 626 1294; x_wconf 87' lang='lat' dir='ltr'><strong>existentisnon</strong></span> <span class='ocrx_word' id='word_1_135' title='bbox 636 1232 727 1292; x_wconf 93' lang='lat' dir='ltr'><strong>modo</strong></span> <span class='ocrx_word' id='word_1_136' title='bbox 742 1231 867 1292; x_wconf 80' lang='lat' dir='ltr'><strong>Hebraeis</strong></span> <span class='ocrx_word' id='word_1_137' title='bbox 878 1233 979 1306; x_wconf 80' lang='lat' dir='ltr'><strong>ignota</strong></span> <span class='ocrx_word' id='word_1_138' title='bbox 989 1234 1060 1302; x_wconf 88' lang='lat' dir='ltr'><strong>erat,</strong></span> <span class='ocrx_word' id='word_1_139' title='bbox 1105 1233 1230 1304; x_wconf 87' lang='lat' dir='ltr'><strong>duntur,</strong></span> <span class='ocrx_word' id='word_1_140' title='bbox 1243 1231 1304 1290; x_wconf 85' lang='lat' dir='ltr'><strong>sive</strong></span> <span class='ocrx_word' id='word_1_141' title='bbox 1317 1232 1375 1289; x_wconf 86' lang='lat' dir='ltr'><strong>sint</strong></span> <span class='ocrx_word' id='word_1_142' title='bbox 1392 1229 1487 1304; x_wconf 90' lang='lat' dir='ltr'><strong>pisces</strong></span> <span class='ocrx_word' id='word_1_143' title='bbox 1499 1230 1619 1304; x_wconf 88' lang='lat' dir='ltr'><strong>proprie</strong></span> <span class='ocrx_word' id='word_1_144' title='bbox 1631 1230 1716 1300; x_wconf 86' lang='lat' dir='ltr'><strong>dicti,</strong></span> <span class='ocrx_word' id='word_1_145' title='bbox 1731 1231 1793 1287; x_wconf 85' lang='lat' dir='ltr'><strong>sive</strong></span> <span class='ocrx_word' id='word_1_146' title='bbox 1805 1229 1897 1304; x_wconf 87' lang='lat' dir='ltr'><strong>repti-</strong></span> 
     </span>
    </p>
   </div>
   <div class='ocr_carea' id='block_1_3' title="bbox 41 1298 1899 1476">
    <p class='ocr_par' dir='ltr' id='par_1_3' title="bbox 41 1298 1899 1476">
     <span class='ocr_line' id='line_1_13' title="bbox 41 1298 1899 1392; baseline -0.001 -20"><span class='ocrx_word' id='word_1_147' title='bbox 41 1298 47 1306; x_wconf 70' lang='grc'>’</span> <span class='ocrx_word' id='word_1_148' title='bbox 150 1388 152 1392; x_wconf 89' lang='lat'>.</span> <span class='ocrx_word' id='word_1_149' title='bbox 273 1313 326 1374; x_wconf 91' lang='lat' dir='ltr'><strong>sed</strong></span> <span class='ocrx_word' id='word_1_150' title='bbox 339 1313 582 1376; x_wconf 85' lang='lat' dir='ltr'><strong>stiamuaturalis</strong></span> <span class='ocrx_word' id='word_1_151' title='bbox 597 1317 726 1378; x_wconf 76' lang='lat' dir='ltr'><strong>historiae</strong></span> <span class='ocrx_word' id='word_1_152' title='bbox 739 1315 902 1374; x_wconf 91' lang='lat' dir='ltr'><strong>cultoribus</strong></span> <span class='ocrx_word' id='word_1_153' title='bbox 916 1313 1062 1374; x_wconf 83' lang='lat' dir='ltr'><strong>veteribus</strong></span> <span class='ocrx_word' id='word_1_154' title='bbox 1105 1318 1148 1376; x_wconf 88' lang='lat' dir='ltr'><strong>tes</strong></span> <span class='ocrx_word' id='word_1_155' title='bbox 1168 1316 1293 1389; x_wconf 79' lang='lat' dir='ltr'><strong>aqtratici</strong></span> <span class='ocrx_word' id='word_1_156' title='bbox 1307 1315 1355 1373; x_wconf 83' lang='lat' dir='ltr'><strong>vel</strong></span> <span class='ocrx_word' id='word_1_157' title='bbox 1376 1313 1531 1388; x_wconf 83' lang='lat' dir='ltr'><strong>amplribii.</strong></span> <span class='ocrx_word' id='word_1_158' title='bbox 1545 1313 1633 1372; x_wconf 78' lang='lat' dir='ltr'><strong>Aliud</strong></span> <span class='ocrx_word' id='word_1_159' title='bbox 1650 1327 1758 1371; x_wconf 86' lang='lat' dir='ltr'><strong>nornen</strong></span> <span class='ocrx_word' id='word_1_160' title='bbox 1773 1313 1899 1386; x_wconf 80' lang='lat' dir='ltr'><strong>dcpi,a</strong></span> 
     </span>
     <span class='ocr_line' id='line_1_14' title="bbox 150 1395 1899 1476; baseline -0.001 -20"><span class='ocrx_word' id='word_1_161' title='bbox 150 1415 152 1424; x_wconf 70' lang='grc'>’</span> <span class='ocrx_word' id='word_1_162' title='bbox 273 1401 362 1474; x_wconf 90' lang='lat' dir='ltr'><strong>atque</strong></span> <span class='ocrx_word' id='word_1_163' title='bbox 374 1398 558 1472; x_wconf 71' lang='lat' dir='ltr'><strong>recentibus,</strong></span> <span class='ocrx_word' id='word_1_164' title='bbox 576 1417 671 1476; x_wconf 88' lang='lat' dir='ltr'><strong>usque</strong></span> <span class='ocrx_word' id='word_1_165' title='bbox 684 1399 723 1458; x_wconf 90' lang='lat' dir='ltr'><strong>ad</strong></span> <span class='ocrx_word' id='word_1_166' title='bbox 737 1399 801 1458; x_wconf 73' lang='lat' dir='ltr'><strong>haec</strong></span> <span class='ocrx_word' id='word_1_167' title='bbox 814 1397 975 1457; x_wconf 87' lang='lat' dir='ltr'><strong>novissima</strong></span> <span class='ocrx_word' id='word_1_168' title='bbox 991 1404 1062 1455; x_wconf 91' lang='lat' dir='ltr'><strong>tem·</strong></span> <span class='ocrx_word' id='word_1_169' title='bbox 1106 1399 1194 1459; x_wconf 89' lang='lat' dir='ltr'><strong>simili</strong></span> <span class='ocrx_word' id='word_1_170' title='bbox 1203 1399 1295 1458; x_wconf 84' lang='lat' dir='ltr'><strong>verbo</strong></span> <span class='ocrx_word' id='word_1_171' title='bbox 1307 1398 1396 1470; x_wconf 78' lang='lat' dir='ltr'><strong>hospi</strong></span> <span class='ocrx_word' id='word_1_172' title='bbox 1404 1395 1546 1471; x_wconf 81' lang='lat' dir='ltr'><strong>(volavit),</strong></span> <span class='ocrx_word' id='word_1_173' title='bbox 1556 1410 1618 1454; x_wconf 93' lang='lat' dir='ltr'><strong>non</strong></span> <span class='ocrx_word' id='word_1_174' title='bbox 1626 1399 1741 1454; x_wconf 88' lang='lat' dir='ltr'><strong>tantum</strong></span> <span class='ocrx_word' id='word_1_175' title='bbox 1751 1411 1833 1467; x_wconf 86' lang='lat' dir='ltr'><strong>aves,</strong></span> <span class='ocrx_word' id='word_1_176' title='bbox 1844 1395 1899 1454; x_wconf 88' lang='lat' dir='ltr'><strong>sed</strong></span> 
     </span>
    </p>
   </div>
   <div class='ocr_carea' id='block_1_4' title="bbox 273 1477 1946 4158">
    <p class='ocr_par' dir='ltr' id='par_1_4' title="bbox 273 1477 1946 4158">
     <span class='ocr_line' id='line_1_15' title="bbox 273 1477 1901 1559; baseline -0.001 -19"><span class='ocrx_word' id='word_1_177' title='bbox 273 1497 363 1556; x_wconf 91' lang='lat' dir='ltr'><strong>pora,</strong></span> <span class='ocrx_word' id='word_1_178' title='bbox 377 1483 410 1544; x_wconf 92' lang='lat' dir='ltr'><strong>in</strong></span> <span class='ocrx_word' id='word_1_179' title='bbox 422 1483 532 1558; x_wconf 91' lang='lat' dir='ltr'><strong>quibus</strong></span> <span class='ocrx_word' id='word_1_180' title='bbox 542 1485 605 1556; x_wconf 83' lang='lat' dir='ltr'><strong>jam</strong></span> <span class='ocrx_word' id='word_1_181' title='bbox 622 1482 771 1558; x_wconf 81' lang='lat' dir='ltr'><strong>patrataci</strong></span> <span class='ocrx_word' id='word_1_182' title='bbox 789 1497 805 1540; x_wconf 92' lang='lat' dir='ltr'><strong>e</strong></span> <span class='ocrx_word' id='word_1_183' title='bbox 823 1482 944 1539; x_wconf 75' lang='lat' dir='ltr'><strong>torreris</strong></span> <span class='ocrx_word' id='word_1_184' title='bbox 964 1479 1064 1538; x_wconf 82' lang='lat' dir='ltr'><strong>effossi</strong></span> <span class='ocrx_word' id='word_1_185' title='bbox 1106 1485 1219 1559; x_wconf 78' lang='lat' dir='ltr'><strong>quavis</strong></span> <span class='ocrx_word' id='word_1_186' title='bbox 1231 1481 1511 1554; x_wconf 79' lang='lat' dir='ltr'><strong>designctvolalilio.</strong></span> <span class='ocrx_word' id='word_1_187' title='bbox 1522 1481 1620 1540; x_wconf 88' lang='lat' dir='ltr'><strong>lnhoe</strong></span> <span class='ocrx_word' id='word_1_188' title='bbox 1628 1480 1696 1540; x_wconf 88' lang='lat' dir='ltr'><strong>loeo</strong></span> <span class='ocrx_word' id='word_1_189' title='bbox 1706 1477 1901 1552; x_wconf 83' lang='lat' dir='ltr'><strong>intelligenda</strong></span> 
     </span>
     <span class='ocr_line' id='line_1_16' title="bbox 275 1563 1900 1642; baseline -0.001 -19"><span class='ocrx_word' id='word_1_190' title='bbox 275 1573 344 1624; x_wconf 90' lang='lat' dir='ltr'><strong>sunt</strong></span> <span class='ocrx_word' id='word_1_191' title='bbox 353 1571 441 1642; x_wconf 88' lang='lat' dir='ltr'><strong>atque</strong></span> <span class='ocrx_word' id='word_1_192' title='bbox 453 1571 586 1628; x_wconf 87' lang='lat' dir='ltr'><strong>accurate</strong></span> <span class='ocrx_word' id='word_1_193' title='bbox 595 1567 725 1641; x_wconf 82' lang='lat' dir='ltr'><strong>inspecti3</strong></span> <span class='ocrx_word' id='word_1_194' title='bbox 735 1581 790 1624; x_wconf 91' lang='lat' dir='ltr'><strong>nec</strong></span> <span class='ocrx_word' id='word_1_195' title='bbox 798 1565 854 1624; x_wconf 88' lang='lat' dir='ltr'><strong>nisi</strong></span> <span class='ocrx_word' id='word_1_196' title='bbox 863 1569 931 1639; x_wconf 90' lang='lat' dir='ltr'><strong>post</strong></span> <span class='ocrx_word' id='word_1_197' title='bbox 940 1564 1064 1623; x_wconf 76' lang='lat' dir='ltr'><strong>munna</strong></span> <span class='ocrx_word' id='word_1_198' title='bbox 1106 1567 1253 1638; x_wconf 87' lang='lat' dir='ltr'><strong>videntur,</strong></span> <span class='ocrx_word' id='word_1_199' title='bbox 1267 1582 1329 1623; x_wconf 95' lang='lat' dir='ltr'><strong>non</strong></span> <span class='ocrx_word' id='word_1_200' title='bbox 1341 1569 1456 1624; x_wconf 79' lang='lat' dir='ltr'><strong>tanturm</strong></span> <span class='ocrx_word' id='word_1_201' title='bbox 1469 1580 1555 1636; x_wconf 88' lang='lat' dir='ltr'><strong>aves,</strong></span> <span class='ocrx_word' id='word_1_202' title='bbox 1568 1563 1622 1624; x_wconf 91' lang='lat' dir='ltr'><strong>sed</strong></span> <span class='ocrx_word' id='word_1_203' title='bbox 1634 1563 1764 1622; x_wconf 86' lang='lat' dir='ltr'><strong>volantia</strong></span> <span class='ocrx_word' id='word_1_204' title='bbox 1774 1577 1900 1638; x_wconf 86' lang='lat' dir='ltr'><strong>quoque</strong></span> 
     </span>
     <span class='ocr_line' id='line_1_17' title="bbox 276 1647 1901 1726; baseline -0.001 -20"><span class='ocrx_word' id='word_1_205' title='bbox 276 1648 511 1723; x_wconf 80' lang='lat' dir='ltr'><strong>disquisitionem</strong></span> <span class='ocrx_word' id='word_1_206' title='bbox 520 1651 558 1710; x_wconf 91' lang='lat' dir='ltr'><strong>de</strong></span> <span class='ocrx_word' id='word_1_207' title='bbox 565 1650 601 1710; x_wconf 91' lang='lat' dir='ltr'><strong>iis</strong></span> <span class='ocrx_word' id='word_1_208' title='bbox 611 1650 718 1712; x_wconf 78' lang='lat' dir='ltr'><strong>tecam</strong></span> <span class='ocrx_word' id='word_1_209' title='bbox 728 1653 922 1722; x_wconf 88' lang='lat' dir='ltr'><strong>compertum,</strong></span> <span class='ocrx_word' id='word_1_210' title='bbox 937 1649 977 1706; x_wconf 89' lang='lat' dir='ltr'><strong>ud</strong></span> <span class='ocrx_word' id='word_1_211' title='bbox 985 1662 1064 1706; x_wconf 87' lang='lat' dir='ltr'><strong>crus·</strong></span> <span class='ocrx_word' id='word_1_212' title='bbox 1107 1651 1238 1726; x_wconf 87' lang='lat' dir='ltr'><strong>reptilia,</strong></span> <span class='ocrx_word' id='word_1_213' title='bbox 1251 1655 1279 1708; x_wconf 89' lang='lat' dir='ltr'><strong>et</strong></span> <span class='ocrx_word' id='word_1_214' title='bbox 1291 1651 1414 1710; x_wconf 74' lang='lat' dir='ltr'><strong>tornac</strong></span> <span class='ocrx_word' id='word_1_215' title='bbox 1427 1650 1537 1708; x_wconf 87' lang='lat' dir='ltr'><strong>insecta</strong></span> <span class='ocrx_word' id='word_1_216' title='bbox 1550 1649 1681 1708; x_wconf 83' lang='lat' dir='ltr'><strong>volantia</strong></span> <span class='ocrx_word' id='word_1_217' title='bbox 1693 1664 1755 1708; x_wconf 89' lang='lat' dir='ltr'><strong>non</strong></span> <span class='ocrx_word' id='word_1_218' title='bbox 1766 1647 1901 1708; x_wconf 83' lang='lat' dir='ltr'><strong>minima</strong></span> 
     </span>
     <span class='ocr_line' id='line_1_18' title="bbox 276 1729 1902 1808; baseline 0 -19"><span class='ocrx_word' id='word_1_219' title='bbox 276 1735 358 1791; x_wconf 84' lang='lat' dir='ltr'><strong>taces</strong></span> <span class='ocrx_word' id='word_1_220' title='bbox 370 1749 420 1793; x_wconf 90' lang='lat' dir='ltr'><strong>eos</strong></span> <span class='ocrx_word' id='word_1_221' title='bbox 434 1736 591 1808; x_wconf 86' lang='lat' dir='ltr'><strong>portinere,</strong></span> <span class='ocrx_word' id='word_1_222' title='bbox 602 1749 656 1794; x_wconf 89' lang='lat' dir='ltr'><strong>uec</strong></span> <span class='ocrx_word' id='word_1_223' title='bbox 674 1731 802 1808; x_wconf 86' lang='lat' dir='ltr'><strong>pedibus</strong></span> <span class='ocrx_word' id='word_1_224' title='bbox 810 1731 947 1802; x_wconf 89' lang='lat' dir='ltr'><strong>caruisse,</strong></span> <span class='ocrx_word' id='word_1_225' title='bbox 957 1746 1063 1805; x_wconf 89' lang='lat' dir='ltr'><strong>quam-</strong></span> <span class='ocrx_word' id='word_1_226' title='bbox 1107 1735 1205 1794; x_wconf 88' lang='lat' dir='ltr'><strong>molis.</strong></span> <span class='ocrx_word' id='word_1_227' title='bbox 1215 1737 1330 1808; x_wconf 88' lang='lat' dir='ltr'><strong>Septem</strong></span> <span class='ocrx_word' id='word_1_228' title='bbox 1341 1733 1389 1792; x_wconf 83' lang='lat' dir='ltr'><strong>vel</strong></span> <span class='ocrx_word' id='word_1_229' title='bbox 1399 1737 1466 1791; x_wconf 90' lang='lat' dir='ltr'><strong>octo</strong></span> <span class='ocrx_word' id='word_1_230' title='bbox 1476 1733 1633 1808; x_wconf 87' lang='lat' dir='ltr'><strong>speciesax</strong></span> <span class='ocrx_word' id='word_1_231' title='bbox 1644 1748 1750 1806; x_wconf 77' lang='lat' dir='ltr'><strong>genere</strong></span> <span class='ocrx_word' id='word_1_232' title='bbox 1757 1729 1902 1804; x_wconf 64' lang='grc' dir='ltr'><strong>11111οά11-</strong></span> 
     </span>
     <span class='ocr_line' id='line_1_19' title="bbox 276 1813 1901 1892; baseline 0.002 -22"><span class='ocrx_word' id='word_1_233' title='bbox 276 1813 355 1874; x_wconf 85' lang='lat' dir='ltr'><strong>visti</strong></span> <span class='ocrx_word' id='word_1_234' title='bbox 371 1815 431 1876; x_wconf 84' lang='lat' dir='ltr'><strong>lere</strong></span> <span class='ocrx_word' id='word_1_235' title='bbox 453 1832 609 1892; x_wconf 89' lang='lat' dir='ltr'><strong>nunquam</strong></span> <span class='ocrx_word' id='word_1_236' title='bbox 623 1816 815 1891; x_wconf 85' lang='lat' dir='ltr'><strong>reperiantur.</strong></span> <span class='ocrx_word' id='word_1_237' title='bbox 825 1814 853 1872; x_wconf 85' lang='lat' dir='ltr'><strong>Si</strong></span> <span class='ocrx_word' id='word_1_238' title='bbox 870 1828 940 1872; x_wconf 88' lang='lat' dir='ltr'><strong>casn</strong></span> <span class='ocrx_word' id='word_1_239' title='bbox 962 1814 1065 1888; x_wconf 88' lang='lat' dir='ltr'><strong>aliquo</strong></span> <span class='ocrx_word' id='word_1_240' title='bbox 1110 1821 1160 1890; x_wconf 77' lang='lat' dir='ltr'><strong>tyb·</strong></span> <span class='ocrx_word' id='word_1_241' title='bbox 1174 1822 1272 1890; x_wconf 75' lang='lat' dir='ltr'><strong>terant</strong></span> <span class='ocrx_word' id='word_1_242' title='bbox 1285 1818 1317 1876; x_wconf 89' lang='lat' dir='ltr'><strong>bi</strong></span> <span class='ocrx_word' id='word_1_243' title='bbox 1329 1817 1445 1892; x_wconf 89' lang='lat' dir='ltr'><strong>reptilia</strong></span> <span class='ocrx_word' id='word_1_244' title='bbox 1458 1816 1602 1892; x_wconf 67' lang='lat' dir='ltr'><strong>somniis)</strong></span> <span class='ocrx_word' id='word_1_245' title='bbox 1614 1817 1745 1891; x_wconf 75' lang='lat' dir='ltr'><strong>andqms</strong></span> <span class='ocrx_word' id='word_1_246' title='bbox 1756 1816 1790 1874; x_wconf 90' lang='lat' dir='ltr'><strong>in</strong></span> <span class='ocrx_word' id='word_1_247' title='bbox 1800 1813 1901 1874; x_wconf 88' lang='lat' dir='ltr'><strong>stratis</strong></span> 
     </span>
     <span class='ocr_line' id='line_1_20' title="bbox 277 1895 1566 1974; baseline 0.004 -19"><span class='ocrx_word' id='word_1_248' title='bbox 277 1897 422 1960; x_wconf 84' lang='lat' dir='ltr'><strong>nonnulla</strong></span> <span class='ocrx_word' id='word_1_249' title='bbox 435 1915 472 1960; x_wconf 83' lang='lat' dir='ltr'><strong>ex</strong></span> <span class='ocrx_word' id='word_1_250' title='bbox 489 1899 536 1958; x_wconf 90' lang='lat' dir='ltr'><strong>bis</strong></span> <span class='ocrx_word' id='word_1_251' title='bbox 554 1896 717 1974; x_wconf 88' lang='lat' dir='ltr'><strong>petrelactis</strong></span> <span class='ocrx_word' id='word_1_252' title='bbox 734 1895 917 1957; x_wconf 77' lang='lat' dir='ltr'><strong>animalculis</strong></span> <span class='ocrx_word' id='word_1_253' title='bbox 934 1901 1065 1955; x_wconf 82' lang='lat' dir='ltr'><strong>veterum</strong></span> <span class='ocrx_word' id='word_1_254' title='bbox 1108 1901 1270 1962; x_wconf 84' lang='lat' dir='ltr'><strong>lossiliicris</strong></span> <span class='ocrx_word' id='word_1_255' title='bbox 1280 1905 1343 1974; x_wconf 87' lang='lat' dir='ltr'><strong>jem</strong></span> <span class='ocrx_word' id='word_1_256' title='bbox 1356 1907 1424 1960; x_wconf 89' lang='lat' dir='ltr'><strong>sunt</strong></span> <span class='ocrx_word' id='word_1_257' title='bbox 1438 1900 1566 1961; x_wconf 80' lang='lat' dir='ltr'><strong>detectae.</strong></span> 
     </span>
     <span class='ocr_line' id='line_1_21' title="bbox 277 1981 1902 2061; baseline 0.002 -21"><span class='ocrx_word' id='word_1_258' title='bbox 277 1981 371 2042; x_wconf 90' lang='lat' dir='ltr'><strong>oculis</strong></span> <span class='ocrx_word' id='word_1_259' title='bbox 384 1997 447 2042; x_wconf 89' lang='lat' dir='ltr'><strong>sese</strong></span> <span class='ocrx_word' id='word_1_260' title='bbox 458 1982 710 2056; x_wconf 78' lang='lat' dir='ltr'><strong>offerebant,illa,</strong></span> <span class='ocrx_word' id='word_1_261' title='bbox 722 1986 755 2039; x_wconf 89' lang='lat' dir='ltr'><strong>ut</strong></span> <span class='ocrx_word' id='word_1_262' title='bbox 768 1983 858 2056; x_wconf 90' lang='lat' dir='ltr'><strong>puto,</strong></span> <span class='ocrx_word' id='word_1_263' title='bbox 869 1995 1065 2056; x_wconf 87' lang='lat' dir='ltr'><strong>corporaesse</strong></span> <span class='ocrx_word' id='word_1_264' title='bbox 1143 1986 1228 2044; x_wconf 76' lang='lat' dir='ltr'><strong>bittit.</strong></span> <span class='ocrx_word' id='word_1_265' title='bbox 1243 1987 1275 2044; x_wconf 91' lang='lat' dir='ltr'><strong>lu</strong></span> <span class='ocrx_word' id='word_1_266' title='bbox 1293 1985 1369 2044; x_wconf 90' lang='lat' dir='ltr'><strong>mari</strong></span> <span class='ocrx_word' id='word_1_267' title='bbox 1385 1985 1545 2046; x_wconf 89' lang='lat' dir='ltr'><strong>animalem</strong></span> <span class='ocrx_word' id='word_1_268' title='bbox 1561 1987 1652 2046; x_wconf 70' lang='lat' dir='ltr'><strong>utam</strong></span> <span class='ocrx_word' id='word_1_269' title='bbox 1671 1985 1847 2061; x_wconf 70' lang='lat' dir='ltr'><strong>incoepisse,</strong></span> <span class='ocrx_word' id='word_1_270' title='bbox 1864 2001 1902 2044; x_wconf 84' lang='lat' dir='ltr'><strong>ex</strong></span> 
     </span>
     <span class='ocr_line' id='line_1_22' title="bbox 277 2065 1900 2145; baseline 0.002 -21"><span class='ocrx_word' id='word_1_271' title='bbox 277 2065 463 2140; x_wconf 77' lang='lat' dir='ltr'><strong>inorgauiea,</strong></span> <span class='ocrx_word' id='word_1_272' title='bbox 475 2071 639 2140; x_wconf 78' lang='lat' dir='ltr'><strong>cincturae,</strong></span> <span class='ocrx_word' id='word_1_273' title='bbox 651 2071 684 2126; x_wconf 91' lang='lat' dir='ltr'><strong>ut</strong></span> <span class='ocrx_word' id='word_1_274' title='bbox 694 2065 813 2136; x_wconf 86' lang='lat' dir='ltr'><strong>dicitur,</strong></span> <span class='ocrx_word' id='word_1_275' title='bbox 828 2065 956 2124; x_wconf 88' lang='lat' dir='ltr'><strong>ludentis</strong></span> <span class='ocrx_word' id='word_1_276' title='bbox 969 2079 1065 2138; x_wconf 88' lang='lat' dir='ltr'><strong>opus,</strong></span> <span class='ocrx_word' id='word_1_277' title='bbox 1110 2069 1314 2130; x_wconf 84' lang='lat' dir='ltr'><strong>observatione</strong></span> <span class='ocrx_word' id='word_1_278' title='bbox 1327 2068 1483 2128; x_wconf 74' lang='lat' dir='ltr'><strong>danudon</strong></span> <span class='ocrx_word' id='word_1_279' title='bbox 1493 2069 1512 2144; x_wconf 70' lang='grc'>5</span> <span class='ocrx_word' id='word_1_280' title='bbox 1524 2071 1569 2128; x_wconf 81' lang='lat' dir='ltr'><strong>ts.</strong></span> <span class='ocrx_word' id='word_1_281' title='bbox 1583 2071 1617 2130; x_wconf 91' lang='lat' dir='ltr'><strong>ld</strong></span> <span class='ocrx_word' id='word_1_282' title='bbox 1629 2069 1778 2145; x_wconf 89' lang='lat' dir='ltr'><strong>Scriptura</strong></span> <span class='ocrx_word' id='word_1_283' title='bbox 1789 2069 1900 2129; x_wconf 87' lang='lat' dir='ltr'><strong>confir·</strong></span> 
     </span>
     <span class='ocr_line' id='line_1_23' title="bbox 278 2145 1901 2229; baseline 0.002 -21"><span class='ocrx_word' id='word_1_284' title='bbox 278 2147 493 2212; x_wconf 80' lang='lat' dir='ltr'><strong>existimabant.</strong></span> <span class='ocrx_word' id='word_1_285' title='bbox 507 2153 604 2222; x_wconf 84' lang='lat' dir='ltr'><strong>Quare</strong></span> <span class='ocrx_word' id='word_1_286' title='bbox 618 2152 644 2210; x_wconf 92' lang='lat' dir='ltr'><strong>si</strong></span> <span class='ocrx_word' id='word_1_287' title='bbox 656 2149 725 2226; x_wconf 91' lang='lat' dir='ltr'><strong>quis</strong></span> <span class='ocrx_word' id='word_1_288' title='bbox 743 2147 904 2226; x_wconf 89' lang='lat' dir='ltr'><strong>probaret,</strong></span> <span class='ocrx_word' id='word_1_289' title='bbox 917 2148 973 2207; x_wconf 91' lang='lat' dir='ltr'><strong>hos</strong></span> <span class='ocrx_word' id='word_1_290' title='bbox 986 2145 1067 2206; x_wconf 88' lang='lat' dir='ltr'><strong>trilo·</strong></span> <span class='ocrx_word' id='word_1_291' title='bbox 1109 2168 1191 2212; x_wconf 78' lang='lat' dir='ltr'><strong>mare</strong></span> <span class='ocrx_word' id='word_1_292' title='bbox 1209 2152 1344 2224; x_wconf 76' lang='lat' dir='ltr'><strong>videtm3</strong></span> <span class='ocrx_word' id='word_1_293' title='bbox 1358 2151 1442 2226; x_wconf 83' lang='lat' dir='ltr'><strong>prius</strong></span> <span class='ocrx_word' id='word_1_294' title='bbox 1459 2153 1539 2214; x_wconf 89' lang='lat' dir='ltr'><strong>enim</strong></span> <span class='ocrx_word' id='word_1_295' title='bbox 1551 2153 1588 2212; x_wconf 90' lang='lat' dir='ltr'><strong>dc</strong></span> <span class='ocrx_word' id='word_1_296' title='bbox 1607 2151 1789 2229; x_wconf 90' lang='lat' dir='ltr'><strong>aquatilibus</strong></span> <span class='ocrx_word' id='word_1_297' title='bbox 1799 2153 1901 2228; x_wconf 90' lang='lat' dir='ltr'><strong>loqui-</strong></span> 
     </span>
     <span class='ocr_line' id='line_1_24' title="bbox 277 2231 1902 2311; baseline -0.001 -21"><span class='ocrx_word' id='word_1_298' title='bbox 277 2232 368 2307; x_wconf 89' lang='lat' dir='ltr'><strong>bites,</strong></span> <span class='ocrx_word' id='word_1_299' title='bbox 379 2233 425 2296; x_wconf 85' lang='lat' dir='ltr'><strong>rel</strong></span> <span class='ocrx_word' id='word_1_300' title='bbox 437 2235 577 2311; x_wconf 77' lang='lat' dir='ltr'><strong>quadam</strong></span> <span class='ocrx_word' id='word_1_301' title='bbox 586 2233 797 2309; x_wconf 88' lang='lat' dir='ltr'><strong>microscopica</strong></span> <span class='ocrx_word' id='word_1_302' title='bbox 809 2231 987 2292; x_wconf 83' lang='lat' dir='ltr'><strong>animalcula</strong></span> <span class='ocrx_word' id='word_1_303' title='bbox 999 2233 1067 2289; x_wconf 88' lang='lat' dir='ltr'><strong>ante</strong></span> <span class='ocrx_word' id='word_1_304' title='bbox 1109 2240 1216 2306; x_wconf 77' lang='lat' dir='ltr'><strong>tur,st</strong></span> <span class='ocrx_word' id='word_1_305' title='bbox 1234 2235 1273 2296; x_wconf 78' lang='lat' dir='ltr'><strong>da</strong></span> <span class='ocrx_word' id='word_1_306' title='bbox 1295 2234 1494 2296; x_wconf 59' lang='lat' dir='ltr'><strong>warinus</strong></span> <span class='ocrx_word' id='word_1_307' title='bbox 1513 2235 1546 2296; x_wconf 82' lang='lat' dir='ltr'><strong>in</strong></span> <span class='ocrx_word' id='word_1_308' title='bbox 1565 2252 1645 2311; x_wconf 76' lang='lat' dir='ltr'><strong>aqua</strong></span> <span class='ocrx_word' id='word_1_309' title='bbox 1664 2237 1842 2311; x_wconf 76' lang='lat' dir='ltr'><strong>productis:</strong></span> <span class='ocrx_word' id='word_1_310' title='bbox 1864 2236 1902 2294; x_wconf 76' lang='lat' dir='ltr'><strong>da</strong></span> 
     </span>
     <span class='ocr_line' id='line_1_25' title="bbox 278 2315 1903 2397; baseline 0.002 -20"><span class='ocrx_word' id='word_1_311' title='bbox 278 2317 472 2380; x_wconf 77' lang='lat' dir='ltr'><strong>emersionem</strong></span> <span class='ocrx_word' id='word_1_312' title='bbox 491 2322 634 2380; x_wconf 87' lang='lat' dir='ltr'><strong>terrarum</strong></span> <span class='ocrx_word' id='word_1_313' title='bbox 647 2319 783 2393; x_wconf 87' lang='lat' dir='ltr'><strong>adeoquo</strong></span> <span class='ocrx_word' id='word_1_314' title='bbox 797 2319 864 2376; x_wconf 88' lang='lat' dir='ltr'><strong>ants</strong></span> <span class='ocrx_word' id='word_1_315' title='bbox 883 2315 1018 2390; x_wconf 89' lang='lat' dir='ltr'><strong>quintam</strong></span> <span class='ocrx_word' id='word_1_316' title='bbox 1039 2318 1068 2372; x_wconf 90' lang='lat' dir='ltr'><strong>et</strong></span> <span class='ocrx_word' id='word_1_317' title='bbox 1111 2320 1220 2380; x_wconf 67' lang='lat' dir='ltr'><strong>casaris</strong></span> <span class='ocrx_word' id='word_1_318' title='bbox 1232 2322 1345 2394; x_wconf 85' lang='lat' dir='ltr'><strong>postea.</strong></span> <span class='ocrx_word' id='word_1_319' title='bbox 1366 2323 1403 2377; x_wconf 82' lang='grc'><strong>11</strong></span> <span class='ocrx_word' id='word_1_320' title='bbox 1423 2334 1562 2395; x_wconf 71' lang='lat' dir='ltr'><strong>quaem</strong></span> <span class='ocrx_word' id='word_1_321' title='bbox 1581 2321 1657 2382; x_wconf 89' lang='lat' dir='ltr'><strong>inter</strong></span> <span class='ocrx_word' id='word_1_322' title='bbox 1673 2320 1816 2397; x_wconf 88' lang='lat' dir='ltr'><strong>aquatilia</strong></span> <span class='ocrx_word' id='word_1_323' title='bbox 1827 2336 1903 2396; x_wconf 86' lang='lat' dir='ltr'><strong>pree-</strong></span> 
     </span>
     <span class='ocr_line' id='line_1_26' title="bbox 279 2397 1946 2480; baseline 0.002 -19"><span class='ocrx_word' id='word_1_324' title='bbox 279 2401 593 2478; x_wconf 84' lang='lat' dir='ltr'><strong>etiamautsquartam</strong></span> <span class='ocrx_word' id='word_1_325' title='bbox 605 2400 763 2477; x_wconf 90' lang='lat' dir='ltr'><strong>periodum</strong></span> <span class='ocrx_word' id='word_1_326' title='bbox 771 2397 1068 2470; x_wconf 66' lang='lat' dir='ltr'><strong>adusqnonossat</strong></span> <span class='ocrx_word' id='word_1_327' title='bbox 1111 2404 1265 2475; x_wconf 72' lang='lat' dir='ltr'><strong>cesserint,</strong></span> <span class='ocrx_word' id='word_1_328' title='bbox 1278 2403 1426 2478; x_wconf 80' lang='lat' dir='ltr'><strong>scripturo</strong></span> <span class='ocrx_word' id='word_1_329' title='bbox 1437 2406 1523 2464; x_wconf 86' lang='lat' dir='ltr'><strong>tacet.</strong></span> <span class='ocrx_word' id='word_1_330' title='bbox 1535 2404 1688 2480; x_wconf 81' lang='lat' dir='ltr'><strong>zoophyta</strong></span> <span class='ocrx_word' id='word_1_331' title='bbox 1700 2405 1766 2464; x_wconf 87' lang='lat' dir='ltr'><strong>aliis</strong></span> <span class='ocrx_word' id='word_1_332' title='bbox 1785 2405 1902 2464; x_wconf 82' lang='lat' dir='ltr'><strong>annna-</strong></span> <span class='ocrx_word' id='word_1_333' title='bbox 1945 2435 1946 2438; x_wconf 18' lang='grc' dir='ltr'>π</span> 
     </span>
     <span class='ocr_line' id='line_1_27' title="bbox 278 2481 1901 2564; baseline 0.001 -18"><span class='ocrx_word' id='word_1_334' title='bbox 278 2486 341 2546; x_wconf 77' lang='lat' dir='ltr'><strong>hec</strong></span> <span class='ocrx_word' id='word_1_335' title='bbox 351 2484 453 2548; x_wconf 79' lang='lat' dir='ltr'><strong>valida</strong></span> <span class='ocrx_word' id='word_1_336' title='bbox 465 2484 702 2559; x_wconf 85' lang='lat' dir='ltr'><strong>objectiocontra</strong></span> <span class='ocrx_word' id='word_1_337' title='bbox 714 2483 801 2543; x_wconf 83' lang='lat' dir='ltr'><strong>liceis</strong></span> <span class='ocrx_word' id='word_1_338' title='bbox 808 2482 972 2542; x_wconf 89' lang='lat' dir='ltr'><strong>historiam.</strong></span> <span class='ocrx_word' id='word_1_339' title='bbox 984 2481 1069 2540; x_wconf 84' lang='lat' dir='ltr'><strong>Gom·</strong></span> <span class='ocrx_word' id='word_1_340' title='bbox 1110 2488 1190 2548; x_wconf 90' lang='lat' dir='ltr'><strong>tibus</strong></span> <span class='ocrx_word' id='word_1_341' title='bbox 1203 2489 1435 2564; x_wconf 70' lang='lat' dir='ltr'><strong>processisses:</strong></span> <span class='ocrx_word' id='word_1_342' title='bbox 1446 2487 1584 2562; x_wconf 81' lang='lat' dir='ltr'><strong>analogia</strong></span> <span class='ocrx_word' id='word_1_343' title='bbox 1592 2489 1750 2564; x_wconf 88' lang='lat' dir='ltr'><strong>probabile</strong></span> <span class='ocrx_word' id='word_1_344' title='bbox 1759 2489 1878 2548; x_wconf 76' lang='lat' dir='ltr'><strong>videtur</strong></span> <span class='ocrx_word' id='word_1_345' title='bbox 1893 2507 1901 2545; x_wconf 91' lang='lat'><strong>:</strong></span> 
     </span>
     <span class='ocr_line' id='line_1_28' title="bbox 278 2564 1903 2648; baseline -0.004 -20"><span class='ocrx_word' id='word_1_346' title='bbox 278 2570 456 2630; x_wconf 62' lang='lat' dir='ltr'><strong>mentalium</strong></span> <span class='ocrx_word' id='word_1_347' title='bbox 468 2570 569 2645; x_wconf 74' lang='lat' dir='ltr'><strong>politis</strong></span> <span class='ocrx_word' id='word_1_348' title='bbox 589 2573 665 2628; x_wconf 67' lang='lat' dir='ltr'><strong>edidi</strong></span> <span class='ocrx_word' id='word_1_349' title='bbox 676 2565 898 2637; x_wconf 65' lang='lat' dir='ltr'><strong>demonstrans,</strong></span> <span class='ocrx_word' id='word_1_350' title='bbox 910 2565 985 2622; x_wconf 78' lang='lat' dir='ltr'><strong>intel·</strong></span> <span class='ocrx_word' id='word_1_351' title='bbox 1002 2564 1066 2622; x_wconf 88' lang='lat' dir='ltr'><strong>ani·</strong></span> <span class='ocrx_word' id='word_1_352' title='bbox 1111 2572 1144 2632; x_wconf 85' lang='lat' dir='ltr'><strong>id</strong></span> <span class='ocrx_word' id='word_1_353' title='bbox 1155 2577 1255 2632; x_wconf 71' lang='lat' dir='ltr'><strong>tamon</strong></span> <span class='ocrx_word' id='word_1_354' title='bbox 1264 2571 1400 2632; x_wconf 80' lang='lat' dir='ltr'><strong>nondum</strong></span> <span class='ocrx_word' id='word_1_355' title='bbox 1412 2572 1579 2632; x_wconf 70' lang='lat' dir='ltr'><strong>observatio</strong></span> <span class='ocrx_word' id='word_1_356' title='bbox 1588 2573 1785 2644; x_wconf 62' lang='lat' dir='ltr'><strong>confirmavit,</strong></span> <span class='ocrx_word' id='word_1_357' title='bbox 1797 2589 1903 2648; x_wconf 69' lang='lat' dir='ltr'><strong>quam-</strong></span> 
     </span>
     <span class='ocr_line' id='line_1_29' title="bbox 278 2647 1903 2733; baseline -0.002 -15"><span class='ocrx_word' id='word_1_358' title='bbox 278 2651 368 2714; x_wconf 77' lang='lat' dir='ltr'><strong>mulia</strong></span> <span class='ocrx_word' id='word_1_359' title='bbox 380 2653 469 2727; x_wconf 79' lang='lat' dir='ltr'><strong>hujus</strong></span> <span class='ocrx_word' id='word_1_360' title='bbox 478 2653 537 2713; x_wconf 77' lang='lat' dir='ltr'><strong>diei</strong></span> <span class='ocrx_word' id='word_1_361' title='bbox 544 2649 764 2714; x_wconf 64' lang='lat' dir='ltr'><strong>omwtsillus</strong></span> <span class='ocrx_word' id='word_1_362' title='bbox 774 2665 836 2712; x_wconf 76' lang='lat' dir='ltr'><strong>iton</strong></span> <span class='ocrx_word' id='word_1_363' title='bbox 846 2647 1067 2723; x_wconf 66' lang='lat' dir='ltr'><strong>wfflprehfflffls</strong></span> <span class='ocrx_word' id='word_1_364' title='bbox 1111 2656 1155 2715; x_wconf 81' lang='lat' dir='ltr'><strong>vis</strong></span> <span class='ocrx_word' id='word_1_365' title='bbox 1168 2657 1231 2728; x_wconf 81' lang='lat' dir='ltr'><strong>jum</strong></span> <span class='ocrx_word' id='word_1_366' title='bbox 1243 2661 1356 2716; x_wconf 72' lang='lat' dir='ltr'><strong>mutum</strong></span> <span class='ocrx_word' id='word_1_367' title='bbox 1376 2655 1521 2716; x_wconf 87' lang='lat' dir='ltr'><strong>habeatur</strong></span> <span class='ocrx_word' id='word_1_368' title='bbox 1533 2673 1568 2718; x_wconf 84' lang='lat' dir='ltr'><strong>ea</strong></span> <span class='ocrx_word' id='word_1_369' title='bbox 1589 2657 1665 2716; x_wconf 89' lang='lat' dir='ltr'><strong>inter</strong></span> <span class='ocrx_word' id='word_1_370' title='bbox 1684 2658 1782 2733; x_wconf 88' lang='lat' dir='ltr'><strong>prima</strong></span> <span class='ocrx_word' id='word_1_371' title='bbox 1800 2657 1903 2716; x_wconf 83' lang='lat' dir='ltr'><strong>fuisse.</strong></span> 
     </span>
     <span class='ocr_line' id='line_1_30' title="bbox 277 2729 1904 2816; baseline 0.001 -20"><span class='ocrx_word' id='word_1_372' title='bbox 277 2753 347 2814; x_wconf 78' lang='lat' dir='ltr'><strong>qua</strong></span> <span class='ocrx_word' id='word_1_373' title='bbox 367 2752 469 2798; x_wconf 81' lang='lat' dir='ltr'><strong>revera</strong></span> <span class='ocrx_word' id='word_1_374' title='bbox 491 2752 546 2798; x_wconf 86' lang='lat' dir='ltr'><strong>nec</strong></span> <span class='ocrx_word' id='word_1_375' title='bbox 570 2734 686 2812; x_wconf 87' lang='lat' dir='ltr'><strong>reptilia</strong></span> <span class='ocrx_word' id='word_1_376' title='bbox 708 2739 792 2805; x_wconf 89' lang='lat' dir='ltr'><strong>sunt,</strong></span> <span class='ocrx_word' id='word_1_377' title='bbox 816 2731 921 2792; x_wconf 89' lang='lat' dir='ltr'><strong>saltem</strong></span> <span class='ocrx_word' id='word_1_378' title='bbox 944 2729 1068 2808; x_wconf 79' lang='lat' dir='ltr'><strong>proprio</strong></span> <span class='ocrx_word' id='word_1_379' title='bbox 1112 2740 1252 2802; x_wconf 77' lang='lat' dir='ltr'><strong>Videntur</strong></span> <span class='ocrx_word' id='word_1_380' title='bbox 1271 2739 1428 2815; x_wconf 88' lang='lat' dir='ltr'><strong>antiquum</strong></span> <span class='ocrx_word' id='word_1_381' title='bbox 1442 2757 1524 2800; x_wconf 89' lang='lat' dir='ltr'><strong>mare</strong></span> <span class='ocrx_word' id='word_1_382' title='bbox 1541 2737 1689 2802; x_wconf 74' lang='lat' dir='ltr'><strong>habitasse</strong></span> <span class='ocrx_word' id='word_1_383' title='bbox 1706 2756 1760 2816; x_wconf 87' lang='lat' dir='ltr'><strong>per</strong></span> <span class='ocrx_word' id='word_1_384' title='bbox 1778 2741 1904 2816; x_wconf 80' lang='lat' dir='ltr'><strong>aliquod</strong></span> 
     </span>
     <span class='ocr_line' id='line_1_31' title="bbox 278 2814 1904 2899; baseline -0.001 -15"><span class='ocrx_word' id='word_1_385' title='bbox 278 2837 383 2894; x_wconf 86' lang='lat' dir='ltr'><strong>sensu,</strong></span> <span class='ocrx_word' id='word_1_386' title='bbox 395 2836 451 2884; x_wconf 90' lang='lat' dir='ltr'><strong>neo</strong></span> <span class='ocrx_word' id='word_1_387' title='bbox 461 2821 574 2898; x_wconf 81' lang='lat' dir='ltr'><strong>pisces,</strong></span> <span class='ocrx_word' id='word_1_388' title='bbox 587 2836 642 2880; x_wconf 88' lang='lat' dir='ltr'><strong>nec</strong></span> <span class='ocrx_word' id='word_1_389' title='bbox 658 2823 738 2891; x_wconf 84' lang='lat' dir='ltr'><strong>cete,</strong></span> <span class='ocrx_word' id='word_1_390' title='bbox 750 2833 806 2880; x_wconf 91' lang='lat' dir='ltr'><strong>nec</strong></span> <span class='ocrx_word' id='word_1_391' title='bbox 827 2814 967 2878; x_wconf 85' lang='lat' dir='ltr'><strong>volatilia.</strong></span> <span class='ocrx_word' id='word_1_392' title='bbox 989 2815 1069 2874; x_wconf 90' lang='lat' dir='ltr'><strong>idem</strong></span> <span class='ocrx_word' id='word_1_393' title='bbox 1112 2826 1229 2899; x_wconf 90' lang='lat' dir='ltr'><strong>tempus</strong></span> <span class='ocrx_word' id='word_1_394' title='bbox 1241 2823 1341 2883; x_wconf 89' lang='lat' dir='ltr'><strong>solum</strong></span> <span class='ocrx_word' id='word_1_395' title='bbox 1353 2825 1502 2899; x_wconf 78' lang='lat' dir='ltr'><strong>zoophyta</strong></span> <span class='ocrx_word' id='word_1_396' title='bbox 1514 2829 1543 2882; x_wconf 87' lang='lat' dir='ltr'><strong>ct</strong></span> <span class='ocrx_word' id='word_1_397' title='bbox 1555 2824 1695 2898; x_wconf 76' lang='lat' dir='ltr'><strong>quedam</strong></span> <span class='ocrx_word' id='word_1_398' title='bbox 1708 2829 1904 2884; x_wconf 79' lang='lat' dir='ltr'><strong>testaceorum</strong></span> 
     </span>
     <span class='ocr_line' id='line_1_32' title="bbox 279 2897 1905 2983; baseline 0.002 -20"><span class='ocrx_word' id='word_1_399' title='bbox 279 2904 401 2966; x_wconf 81' lang='lat' dir='ltr'><strong>fortasse</strong></span> <span class='ocrx_word' id='word_1_400' title='bbox 418 2903 478 2966; x_wconf 90' lang='lat' dir='ltr'><strong>dici</strong></span> <span class='ocrx_word' id='word_1_401' title='bbox 498 2906 595 2982; x_wconf 86' lang='lat' dir='ltr'><strong>potest</strong></span> <span class='ocrx_word' id='word_1_402' title='bbox 615 2904 653 2964; x_wconf 88' lang='lat' dir='ltr'><strong>de</strong></span> <span class='ocrx_word' id='word_1_403' title='bbox 671 2902 854 2979; x_wconf 79' lang='lat' dir='ltr'><strong>quibusdam</strong></span> <span class='ocrx_word' id='word_1_404' title='bbox 873 2897 993 2960; x_wconf 73' lang='lat' dir='ltr'><strong>conchis</strong></span> <span class='ocrx_word' id='word_1_405' title='bbox 1007 2913 1070 2956; x_wconf 78' lang='lat'>0111·</span> <span class='ocrx_word' id='word_1_406' title='bbox 1112 2906 1288 2981; x_wconf 89' lang='lat' dir='ltr'><strong>speeies,ac</strong></span> <span class='ocrx_word' id='word_1_407' title='bbox 1303 2906 1427 2968; x_wconf 79' lang='lat' dir='ltr'><strong>triobiti</strong></span> <span class='ocrx_word' id='word_1_408' title='bbox 1439 2909 1492 2982; x_wconf 87' lang='lat' dir='ltr'><strong>qui</strong></span> <span class='ocrx_word' id='word_1_409' title='bbox 1504 2913 1590 2979; x_wconf 90' lang='lat' dir='ltr'><strong>tunc,</strong></span> <span class='ocrx_word' id='word_1_410' title='bbox 1603 2906 1905 2983; x_wconf 80' lang='lat' dir='ltr'><strong>uiridetnr,perlec</strong></span> 
     </span>
     <span class='ocr_line' id='line_1_33' title="bbox 279 2983 1904 3064; baseline -0.004 -16"><span class='ocrx_word' id='word_1_411' title='bbox 279 2989 351 3049; x_wconf 89' lang='lat' dir='ltr'><strong>rino</strong></span> <span class='ocrx_word' id='word_1_412' title='bbox 363 2992 415 3052; x_wconf 88' lang='lat' dir='ltr'><strong>aut</strong></span> <span class='ocrx_word' id='word_1_413' title='bbox 431 2987 494 3050; x_wconf 83' lang='lat' dir='ltr'><strong>iere</strong></span> <span class='ocrx_word' id='word_1_414' title='bbox 506 2987 595 3052; x_wconf 88' lang='lat' dir='ltr'><strong>locali</strong></span> <span class='ocrx_word' id='word_1_415' title='bbox 607 2991 692 3048; x_wconf 89' lang='lat' dir='ltr'><strong>motu</strong></span> <span class='ocrx_word' id='word_1_416' title='bbox 703 2984 890 3056; x_wconf 86' lang='lat' dir='ltr'><strong>carentibus,</strong></span> <span class='ocrx_word' id='word_1_417' title='bbox 904 2998 973 3059; x_wconf 80' lang='lat' dir='ltr'><strong>qua</strong></span> <span class='ocrx_word' id='word_1_418' title='bbox 994 2983 1070 3042; x_wconf 87' lang='lat' dir='ltr'><strong>inter</strong></span> <span class='ocrx_word' id='word_1_419' title='bbox 1112 2989 1256 3050; x_wconf 72' lang='lat' dir='ltr'><strong>tissimsm</strong></span> <span class='ocrx_word' id='word_1_420' title='bbox 1268 2991 1350 3064; x_wconf 72' lang='lat' dir='ltr'><strong>ssgnt</strong></span> <span class='ocrx_word' id='word_1_421' title='bbox 1364 2989 1499 3050; x_wconf 68' lang='lat' dir='ltr'><strong>animalis</strong></span> <span class='ocrx_word' id='word_1_422' title='bbox 1515 2990 1660 3052; x_wconf 67' lang='lat' dir='ltr'><strong>rammam</strong></span> <span class='ocrx_word' id='word_1_423' title='bbox 1677 2991 1904 3064; x_wconf 63' lang='lat' dir='ltr'><strong>constituebant,</strong></span> 
     </span>
     <span class='ocr_line' id='line_1_34' title="bbox 280 3066 1903 3150; baseline 0.001 -17"><span class='ocrx_word' id='word_1_424' title='bbox 280 3071 570 3150; x_wconf 76' lang='lat' dir='ltr'><strong>anuquomtossttts</strong></span> <span class='ocrx_word' id='word_1_425' title='bbox 579 3087 641 3134; x_wconf 84' lang='lat' dir='ltr'><strong>uus</strong></span> <span class='ocrx_word' id='word_1_426' title='bbox 653 3086 724 3132; x_wconf 88' lang='lat' dir='ltr'><strong>oum</strong></span> <span class='ocrx_word' id='word_1_427' title='bbox 737 3069 796 3128; x_wconf 89' lang='lat' dir='ltr'><strong>illis</strong></span> <span class='ocrx_word' id='word_1_428' title='bbox 809 3066 964 3128; x_wconf 85' lang='lat' dir='ltr'><strong>crustaoeis</strong></span> <span class='ocrx_word' id='word_1_429' title='bbox 982 3080 1068 3142; x_wconf 81' lang='lat' dir='ltr'><strong>repe·</strong></span> <span class='ocrx_word' id='word_1_430' title='bbox 1113 3077 1142 3132; x_wconf 87' lang='lat' dir='ltr'><strong>et</strong></span> <span class='ocrx_word' id='word_1_431' title='bbox 1154 3073 1282 3134; x_wconf 79' lang='lat' dir='ltr'><strong>maxime</strong></span> <span class='ocrx_word' id='word_1_432' title='bbox 1301 3089 1365 3149; x_wconf 79' lang='lat' dir='ltr'><strong>proe</strong></span> <span class='ocrx_word' id='word_1_433' title='bbox 1377 3074 1487 3134; x_wconf 79' lang='lat' dir='ltr'><strong>asteris</strong></span> <span class='ocrx_word' id='word_1_434' title='bbox 1501 3091 1588 3150; x_wconf 83' lang='lat' dir='ltr'><strong>aquas</strong></span> <span class='ocrx_word' id='word_1_435' title='bbox 1599 3075 1903 3148; x_wconf 86' lang='lat' dir='ltr'><strong>incolis‚loco1notio·</strong></span> 
     </span>
     <span class='ocr_line' id='line_1_35' title="bbox 280 3156 1903 3235; baseline 0.001 -19"><span class='ocrx_word' id='word_1_436' title='bbox 280 3157 409 3218; x_wconf 84' lang='lat' dir='ltr'><strong>riantur.</strong></span> <span class='ocrx_word' id='word_1_437' title='bbox 522 3161 523 3164; x_wconf 75' lang='grc'>’</span> <span class='ocrx_word' id='word_1_438' title='bbox 1113 3156 1268 3234; x_wconf 86' lang='lat' dir='ltr'><strong>nisviper</strong></span> <span class='ocrx_word' id='word_1_439' title='bbox 1279 3159 1313 3217; x_wconf 92' lang='lat' dir='ltr'><strong>id</strong></span> <span class='ocrx_word' id='word_1_440' title='bbox 1329 3162 1446 3234; x_wconf 89' lang='lat' dir='ltr'><strong>tempus</strong></span> <span class='ocrx_word' id='word_1_441' title='bbox 1459 3157 1612 3232; x_wconf 91' lang='lat' dir='ltr'><strong>pollebant</strong></span> <span class='ocrx_word' id='word_1_442' title='bbox 1626 3159 1675 3234; x_wconf 85' lang='grc'><strong>(3).</strong></span> <span class='ocrx_word' id='word_1_443' title='bbox 1689 3161 1791 3220; x_wconf 83' lang='lat' dir='ltr'><strong>Postea</strong></span> <span class='ocrx_word' id='word_1_444' title='bbox 1808 3159 1903 3235; x_wconf 89' lang='lat' dir='ltr'><strong>adpa-</strong></span> 
     </span>
     <span class='ocr_line' id='line_1_36' title="bbox 314 3237 1906 3320; baseline 0 -18"><span class='ocrx_word' id='word_1_445' title='bbox 314 3241 544 3320; x_wconf 82' lang='lat' dir='ltr'><strong>Pisoesproprio</strong></span> <span class='ocrx_word' id='word_1_446' title='bbox 555 3239 677 3302; x_wconf 82' lang='lat' dir='ltr'><strong>nomine</strong></span> <span class='ocrx_word' id='word_1_447' title='bbox 687 3240 743 3312; x_wconf 72' lang='lat' dir='ltr'><strong>dap</strong></span> <span class='ocrx_word' id='word_1_448' title='bbox 761 3237 810 3296; x_wconf 74' lang='lat' dir='ltr'><strong>his</strong></span> <span class='ocrx_word' id='word_1_449' title='bbox 823 3249 885 3296; x_wconf 77' lang='lat' dir='ltr'><strong>nou</strong></span> <span class='ocrx_word' id='word_1_450' title='bbox 901 3248 1069 3293; x_wconf 66' lang='lat' dir='ltr'><strong>memoritu-</strong></span> <span class='ocrx_word' id='word_1_451' title='bbox 1113 3239 1353 3302; x_wconf 81' lang='lat' dir='ltr'><strong>ruissevidentur</strong></span> <span class='ocrx_word' id='word_1_452' title='bbox 1363 3242 1488 3317; x_wconf 89' lang='lat' dir='ltr'><strong>quidam</strong></span> <span class='ocrx_word' id='word_1_453' title='bbox 1495 3242 1601 3318; x_wconf 88' lang='lat' dir='ltr'><strong>pisces,</strong></span> <span class='ocrx_word' id='word_1_454' title='bbox 1608 3245 1661 3319; x_wconf 90' lang='lat' dir='ltr'><strong>qui</strong></span> <span class='ocrx_word' id='word_1_455' title='bbox 1671 3260 1774 3303; x_wconf 90' lang='lat' dir='ltr'><strong>omnes</strong></span> <span class='ocrx_word' id='word_1_456' title='bbox 1780 3243 1906 3303; x_wconf 85' lang='lat' dir='ltr'><strong>fortasse</strong></span> 
     </span>
     <span class='ocr_line' id='line_1_37' title="bbox 281 3317 1906 3404; baseline -0.007 -4"><span class='ocrx_word' id='word_1_457' title='bbox 281 3330 339 3400; x_wconf 66' lang='lat'><em>²¹²²,</em></span> <span class='ocrx_word' id='word_1_458' title='bbox 352 3325 419 3386; x_wconf 63' lang='lat' dir='ltr'><strong>litei</strong></span> <span class='ocrx_word' id='word_1_459' title='bbox 432 3326 489 3388; x_wconf 72' lang='lat'><strong>¹1⁸⁰</strong></span> <span class='ocrx_word' id='word_1_460' title='bbox 500 3341 575 3388; x_wconf 67' lang='lat' dir='ltr'>W</span> <span class='ocrx_word' id='word_1_461' title='bbox 594 3339 671 3400; x_wconf 67' lang='lat' dir='ltr'><strong>⁸⁰³1)e</strong></span> <span class='ocrx_word' id='word_1_462' title='bbox 689 3323 809 3384; x_wconf 76' lang='lat' dir='ltr'><strong>nanim</strong></span> <span class='ocrx_word' id='word_1_463' title='bbox 822 3317 932 3378; x_wconf 66' lang='lat' dir='ltr'><strong>Hibiaei</strong></span> <span class='ocrx_word' id='word_1_464' title='bbox 946 3317 1071 3393; x_wconf 61' lang='lat' dir='ltr'><strong>scripit)-</strong></span> <span class='ocrx_word' id='word_1_465' title='bbox 1113 3339 1152 3384; x_wconf 84' lang='lat' dir='ltr'><strong>ex</strong></span> <span class='ocrx_word' id='word_1_466' title='bbox 1164 3323 1223 3384; x_wconf 90' lang='lat' dir='ltr'><strong>illis</strong></span> <span class='ocrx_word' id='word_1_467' title='bbox 1237 3329 1338 3398; x_wconf 86' lang='lat' dir='ltr'><strong>erant,</strong></span> <span class='ocrx_word' id='word_1_468' title='bbox 1348 3340 1426 3401; x_wconf 85' lang='lat' dir='ltr'><strong>quos</strong></span> <span class='ocrx_word' id='word_1_469' title='bbox 1438 3340 1517 3386; x_wconf 91' lang='lat' dir='ltr'><strong>nuno</strong></span> <span class='ocrx_word' id='word_1_470' title='bbox 1530 3327 1669 3388; x_wconf 78' lang='lat' dir='ltr'><strong>soorotdcs</strong></span> <span class='ocrx_word' id='word_1_471' title='bbox 1682 3329 1847 3404; x_wconf 86' lang='lat' dir='ltr'><strong>appellant,</strong></span> <span class='ocrx_word' id='word_1_472' title='bbox 1862 3327 1906 3388; x_wconf 90' lang='lat' dir='ltr'><strong>ob</strong></span> 
     </span>
     <span class='ocr_line' id='line_1_38' title="bbox 281 3403 1907 3486; baseline -0.002 -14"><span class='ocrx_word' id='word_1_473' title='bbox 281 3425 329 3472; x_wconf 90' lang='lat' dir='ltr'><strong>res</strong></span> <span class='ocrx_word' id='word_1_474' title='bbox 340 3414 370 3470; x_wconf 89' lang='lat' dir='ltr'><strong>et</strong></span> <span class='ocrx_word' id='word_1_475' title='bbox 380 3410 444 3486; x_wconf 90' lang='lat' dir='ltr'><strong>ipse</strong></span> <span class='ocrx_word' id='word_1_476' title='bbox 454 3411 558 3481; x_wconf 78' lang='lat' dir='ltr'><strong>nosos,</strong></span> <span class='ocrx_word' id='word_1_477' title='bbox 573 3409 637 3470; x_wconf 72' lang='lat' dir='ltr'><strong>uos.</strong></span> <span class='ocrx_word' id='word_1_478' title='bbox 657 3423 697 3480; x_wconf 85' lang='lat' dir='ltr'><strong>rx,</strong></span> <span class='ocrx_word' id='word_1_479' title='bbox 710 3407 740 3479; x_wconf 72' lang='lat'><strong>2,</strong></span> <span class='ocrx_word' id='word_1_480' title='bbox 750 3404 838 3466; x_wconf 72' lang='lat' dir='ltr'><strong>Eaed-</strong></span> <span class='ocrx_word' id='word_1_481' title='bbox 849 3417 898 3474; x_wconf 74' lang='lat' dir='ltr'><strong>itt,</strong></span> <span class='ocrx_word' id='word_1_482' title='bbox 909 3403 954 3460; x_wconf 85' lang='grc'><strong>18.</strong></span> <span class='ocrx_word' id='word_1_483' title='bbox 969 3403 1031 3460; x_wconf 89' lang='lat' dir='ltr'><strong>imo</strong></span> <span class='ocrx_word' id='word_1_484' title='bbox 1042 3404 1072 3461; x_wconf 90' lang='lat' dir='ltr'><strong>et</strong></span> <span class='ocrx_word' id='word_1_485' title='bbox 1114 3407 1337 3470; x_wconf 89' lang='lat' dir='ltr'><strong>similitudinem</strong></span> <span class='ocrx_word' id='word_1_486' title='bbox 1350 3425 1442 3484; x_wconf 63' lang='lat' dir='ltr'><strong>mam</strong></span> <span class='ocrx_word' id='word_1_487' title='bbox 1453 3425 1522 3468; x_wconf 91' lang='lat' dir='ltr'><strong>cum</strong></span> <span class='ocrx_word' id='word_1_488' title='bbox 1535 3410 1666 3484; x_wconf 87' lang='lat' dir='ltr'><strong>lacertis,</strong></span> <span class='ocrx_word' id='word_1_489' title='bbox 1681 3411 1783 3471; x_wconf 84' lang='lat' dir='ltr'><strong>statiis</strong></span> <span class='ocrx_word' id='word_1_490' title='bbox 1793 3411 1907 3484; x_wconf 85' lang='lat' dir='ltr'><strong>¹hujus-</strong></span> 
     </span>
     <span class='ocr_line' id='line_1_39' title="bbox 281 3485 1908 3571; baseline -0.001 -15"><span class='ocrx_word' id='word_1_491' title='bbox 281 3494 312 3556; x_wconf 87' lang='lat' dir='ltr'><strong>in</strong></span> <span class='ocrx_word' id='word_1_492' title='bbox 322 3493 382 3554; x_wconf 88' lang='lat' dir='ltr'><strong>hoc</strong></span> <span class='ocrx_word' id='word_1_493' title='bbox 393 3493 460 3571; x_wconf 90' lang='lat' dir='ltr'><strong>ipso</strong></span> <span class='ocrx_word' id='word_1_494' title='bbox 472 3495 567 3571; x_wconf 84' lang='lat' dir='ltr'><strong>capite</strong></span> <span class='ocrx_word' id='word_1_495' title='bbox 575 3509 650 3552; x_wconf 83' lang='lat' dir='ltr'><strong>vers.</strong></span> <span class='ocrx_word' id='word_1_496' title='bbox 664 3493 711 3564; x_wconf 74' lang='grc'><strong>16,</strong></span> <span class='ocrx_word' id='word_1_497' title='bbox 724 3491 772 3561; x_wconf 75' lang='grc'><strong>18,</strong></span> <span class='ocrx_word' id='word_1_498' title='bbox 781 3487 835 3546; x_wconf 80' lang='lat' dir='ltr'><strong>uli</strong></span> <span class='ocrx_word' id='word_1_499' title='bbox 844 3490 872 3544; x_wconf 89' lang='lat' dir='ltr'><strong>ct</strong></span> <span class='ocrx_word' id='word_1_500' title='bbox 880 3485 975 3561; x_wconf 89' lang='lat' dir='ltr'><strong>pisces</strong></span> <span class='ocrx_word' id='word_1_501' title='bbox 987 3487 1071 3545; x_wconf 81' lang='lat' dir='ltr'><strong>suco</strong></span> <span class='ocrx_word' id='word_1_502' title='bbox 1115 3491 1231 3550; x_wconf 89' lang='lat' dir='ltr'><strong>cemodi</strong></span> <span class='ocrx_word' id='word_1_503' title='bbox 1245 3489 1401 3568; x_wconf 82' lang='lat' dir='ltr'><strong>reptilibus</strong></span> <span class='ocrx_word' id='word_1_504' title='bbox 1420 3509 1482 3566; x_wconf 73' lang='lat' dir='ltr'><strong>pras</strong></span> <span class='ocrx_word' id='word_1_505' title='bbox 1502 3509 1534 3554; x_wconf 87' lang='lat' dir='ltr'><strong>se</strong></span> <span class='ocrx_word' id='word_1_506' title='bbox 1553 3493 1687 3554; x_wconf 82' lang='lat' dir='ltr'><strong>terebant</strong></span> <span class='ocrx_word' id='word_1_507' title='bbox 1700 3514 1707 3553; x_wconf 76' lang='grc' dir='ltr'><strong>ι</strong></span> <span class='ocrx_word' id='word_1_508' title='bbox 1720 3499 1824 3570; x_wconf 87' lang='lat' dir='ltr'><strong>postea</strong></span> <span class='ocrx_word' id='word_1_509' title='bbox 1848 3495 1908 3571; x_wconf 90' lang='lat' dir='ltr'><strong>ipsi</strong></span> 
     </span>
     <span class='ocr_line' id='line_1_40' title="bbox 282 3569 1908 3653; baseline -0.002 -14"><span class='ocrx_word' id='word_1_510' title='bbox 282 3575 618 3640; x_wconf 69' lang='lat' dir='ltr'><strong>samosatenusime</strong></span> <span class='ocrx_word' id='word_1_511' title='bbox 631 3573 782 3651; x_wconf 88' lang='lat' dir='ltr'><strong>supponit.</strong></span> <span class='ocrx_word' id='word_1_512' title='bbox 792 3569 1073 3644; x_wconf 82' lang='lat' dir='ltr'><strong>Sedboctoeoprae·</strong></span> <span class='ocrx_word' id='word_1_513' title='bbox 1115 3574 1221 3634; x_wconf 89' lang='lat' dir='ltr'><strong>marini</strong></span> <span class='ocrx_word' id='word_1_514' title='bbox 1227 3575 1355 3650; x_wconf 88' lang='lat' dir='ltr'><strong>reptiles,</strong></span> <span class='ocrx_word' id='word_1_515' title='bbox 1371 3582 1497 3636; x_wconf 73' lang='grc'><strong>11111111</strong></span> <span class='ocrx_word' id='word_1_516' title='bbox 1502 3578 1654 3653; x_wconf 88' lang='lat' dir='ltr'><strong>appellati,</strong></span> <span class='ocrx_word' id='word_1_517' title='bbox 1662 3582 1691 3638; x_wconf 86' lang='lat' dir='ltr'><strong>ct</strong></span> <span class='ocrx_word' id='word_1_518' title='bbox 1704 3577 1844 3653; x_wconf 80' lang='lat' dir='ltr'><strong>quadem</strong></span> <span class='ocrx_word' id='word_1_519' title='bbox 1852 3579 1908 3636; x_wconf 88' lang='lat' dir='ltr'><strong>mi-</strong></span> 
     </span>
     <span class='ocr_line' id='line_1_41' title="bbox 281 3656 1908 3736; baseline -0.004 -10"><span class='ocrx_word' id='word_1_520' title='bbox 281 3663 436 3726; x_wconf 80' lang='lat' dir='ltr'><strong>serandam</strong></span> <span class='ocrx_word' id='word_1_521' title='bbox 451 3661 536 3722; x_wconf 86' lang='lat' dir='ltr'><strong>duxit</strong></span> <span class='ocrx_word' id='word_1_522' title='bbox 550 3676 655 3720; x_wconf 82' lang='lat' dir='ltr'><strong>vocam</strong></span> <span class='ocrx_word' id='word_1_523' title='bbox 666 3659 777 3725; x_wconf 77' lang='grc'><strong>1111111,</strong></span> <span class='ocrx_word' id='word_1_524' title='bbox 786 3671 855 3732; x_wconf 75' lang='lat' dir='ltr'><strong>quae</strong></span> <span class='ocrx_word' id='word_1_525' title='bbox 868 3656 1073 3728; x_wconf 63' lang='lat' dir='ltr'><strong>interpetatur</strong></span> <span class='ocrx_word' id='word_1_526' title='bbox 1115 3661 1284 3734; x_wconf 87' lang='lat' dir='ltr'><strong>oroscopiea</strong></span> <span class='ocrx_word' id='word_1_527' title='bbox 1304 3661 1474 3736; x_wconf 84' lang='lat' dir='ltr'><strong>conchylia,</strong></span> <span class='ocrx_word' id='word_1_528' title='bbox 1489 3677 1558 3736; x_wconf 85' lang='lat' dir='ltr'><strong>quse</strong></span> <span class='ocrx_word' id='word_1_529' title='bbox 1575 3677 1661 3736; x_wconf 78' lang='lat' dir='ltr'><strong>aqua</strong></span> <span class='ocrx_word' id='word_1_530' title='bbox 1683 3661 1779 3722; x_wconf 89' lang='lat' dir='ltr'><strong>dulcis</strong></span> <span class='ocrx_word' id='word_1_531' title='bbox 1801 3663 1908 3722; x_wconf 80' lang='lat' dir='ltr'><strong>incola</strong></span> 
     </span>
     <span class='ocr_line' id='line_1_42' title="bbox 282 3738 1907 3823; baseline -0.001 -18"><span class='ocrx_word' id='word_1_532' title='bbox 282 3748 390 3823; x_wconf 77' lang='lat' dir='ltr'><strong>reptile,</strong></span> <span class='ocrx_word' id='word_1_533' title='bbox 407 3743 612 3822; x_wconf 76' lang='grc' dir='ltr'><strong>111111111ᾳυί1</strong></span> <span class='ocrx_word' id='word_1_534' title='bbox 623 3745 797 3820; x_wconf 84' lang='lat' dir='ltr'><strong>potestatem</strong></span> <span class='ocrx_word' id='word_1_535' title='bbox 814 3738 910 3812; x_wconf 80' lang='lat' dir='ltr'><strong>magis</strong></span> <span class='ocrx_word' id='word_1_536' title='bbox 923 3739 1073 3797; x_wconf 82' lang='lat' dir='ltr'><strong>extensam</strong></span> <span class='ocrx_word' id='word_1_537' title='bbox 1115 3740 1204 3800; x_wconf 89' lang='lat' dir='ltr'><strong>inisse</strong></span> <span class='ocrx_word' id='word_1_538' title='bbox 1219 3743 1378 3804; x_wconf 88' lang='lat' dir='ltr'><strong>ereduntur</strong></span> <span class='ocrx_word' id='word_1_539' title='bbox 1392 3763 1400 3802; x_wconf 74' lang='grc' dir='ltr'><strong>ε</strong></span> <span class='ocrx_word' id='word_1_540' title='bbox 1416 3750 1485 3820; x_wconf 85' lang='lat' dir='ltr'><strong>post</strong></span> <span class='ocrx_word' id='word_1_541' title='bbox 1497 3745 1552 3804; x_wconf 91' lang='lat' dir='ltr'><strong>bos</strong></span> <span class='ocrx_word' id='word_1_542' title='bbox 1566 3745 1732 3806; x_wconf 88' lang='lat' dir='ltr'><strong>volatilium</strong></span> <span class='ocrx_word' id='word_1_543' title='bbox 1744 3745 1843 3821; x_wconf 89' lang='lat' dir='ltr'><strong>prima</strong></span> <span class='ocrx_word' id='word_1_544' title='bbox 1864 3747 1907 3804; x_wconf 90' lang='lat' dir='ltr'><strong>iu·</strong></span> 
     </span>
     <span class='ocr_line' id='line_1_43' title="bbox 282 3822 1909 3906; baseline -0.002 -15"><span class='ocrx_word' id='word_1_545' title='bbox 282 3829 382 3906; x_wconf 64' lang='lat' dir='ltr'><strong>habeb</strong></span> <span class='ocrx_word' id='word_1_546' title='bbox 395 3830 460 3892; x_wconf 81' lang='lat' dir='ltr'><strong>uso</strong></span> <span class='ocrx_word' id='word_1_547' title='bbox 471 3847 544 3890; x_wconf 77' lang='lat' dir='ltr'><strong>sero</strong></span> <span class='ocrx_word' id='word_1_548' title='bbox 556 3843 627 3896; x_wconf 77' lang='lat' dir='ltr'><strong>vox,</strong></span> <span class='ocrx_word' id='word_1_549' title='bbox 641 3842 709 3903; x_wconf 80' lang='lat' dir='ltr'><strong>quse</strong></span> <span class='ocrx_word' id='word_1_550' title='bbox 720 3842 740 3884; x_wconf 92' lang='lat' dir='ltr'><strong>a</strong></span> <span class='ocrx_word' id='word_1_551' title='bbox 752 3822 1001 3898; x_wconf 74' lang='lat' dir='ltr'><strong>eopioetlccando</strong></span> <span class='ocrx_word' id='word_1_552' title='bbox 1010 3837 1074 3892; x_wconf 81' lang='lat' dir='ltr'><strong>pro·</strong></span> <span class='ocrx_word' id='word_1_553' title='bbox 1116 3823 1193 3884; x_wconf 90' lang='lat' dir='ltr'><strong>dioia</strong></span> <span class='ocrx_word' id='word_1_554' title='bbox 1205 3826 1387 3901; x_wconf 86' lang='lat' dir='ltr'><strong>reperimus,</strong></span> <span class='ocrx_word' id='word_1_555' title='bbox 1400 3829 1515 3902; x_wconf 86' lang='lat' dir='ltr'><strong>reptilia</strong></span> <span class='ocrx_word' id='word_1_556' title='bbox 1532 3845 1640 3904; x_wconf 86' lang='lat' dir='ltr'><strong>nempe</strong></span> <span class='ocrx_word' id='word_1_557' title='bbox 1658 3829 1809 3901; x_wconf 77' lang='lat' dir='ltr'><strong>uolantia,</strong></span> <span class='ocrx_word' id='word_1_558' title='bbox 1821 3834 1851 3888; x_wconf 88' lang='lat' dir='ltr'><strong>et</strong></span> <span class='ocrx_word' id='word_1_559' title='bbox 1864 3831 1909 3888; x_wconf 92' lang='lat' dir='ltr'><strong>in·</strong></span> 
     </span>
     <span class='ocr_line' id='line_1_44' title="bbox 282 3906 1906 3991; baseline -0.001 -15"><span class='ocrx_word' id='word_1_560' title='bbox 282 3918 430 3991; x_wconf 67' lang='lat' dir='ltr'><strong>pastona</strong></span> <span class='ocrx_word' id='word_1_561' title='bbox 438 3913 571 3975; x_wconf 85' lang='lat' dir='ltr'><strong>derivato</strong></span> <span class='ocrx_word' id='word_1_562' title='bbox 577 3911 683 3973; x_wconf 87' lang='lat' dir='ltr'><strong>dicitur</strong></span> <span class='ocrx_word' id='word_1_563' title='bbox 692 3910 740 3986; x_wconf 81' lang='grc'><strong>(1),</strong></span> <span class='ocrx_word' id='word_1_564' title='bbox 749 3909 846 3987; x_wconf 89' lang='lat' dir='ltr'><strong>aptior</strong></span> <span class='ocrx_word' id='word_1_565' title='bbox 856 3906 972 3966; x_wconf 81' lang='lat' dir='ltr'><strong>videtur</strong></span> <span class='ocrx_word' id='word_1_566' title='bbox 979 3919 1071 3980; x_wconf 86' lang='lat' dir='ltr'><strong>aquu-</strong></span> <span class='ocrx_word' id='word_1_567' title='bbox 1116 3913 1193 3968; x_wconf 88' lang='lat' dir='ltr'><strong>secta</strong></span> <span class='ocrx_word' id='word_1_568' title='bbox 1210 3909 1348 3984; x_wconf 83' lang='lat' dir='ltr'><strong>quaedam</strong></span> <span class='ocrx_word' id='word_1_569' title='bbox 1361 3911 1411 3986; x_wconf 77' lang='lat' dir='ltr'><strong>(a),</strong></span> <span class='ocrx_word' id='word_1_570' title='bbox 1422 3927 1490 3986; x_wconf 79' lang='lat' dir='ltr'><strong>que</strong></span> <span class='ocrx_word' id='word_1_571' title='bbox 1502 3914 1570 3972; x_wconf 82' lang='lat' dir='ltr'><strong>dua</strong></span> <span class='ocrx_word' id='word_1_572' title='bbox 1587 3913 1722 3986; x_wconf 79' lang='lat' dir='ltr'><strong>familias,</strong></span> <span class='ocrx_word' id='word_1_573' title='bbox 1741 3914 1906 3974; x_wconf 79' lang='lat' dir='ltr'><strong>volantium</strong></span> 
     </span>
     <span class='ocr_line' id='line_1_45' title="bbox 284 3991 1907 4074; baseline -0.001 -15"><span class='ocrx_word' id='word_1_574' title='bbox 284 4001 386 4062; x_wconf 92' lang='lat' dir='ltr'><strong>tilibus</strong></span> <span class='ocrx_word' id='word_1_575' title='bbox 398 4000 575 4062; x_wconf 74' lang='lat' dir='ltr'><strong>donotmdis</strong></span> <span class='ocrx_word' id='word_1_576' title='bbox 588 4013 681 4074; x_wconf 88' lang='lat' dir='ltr'><strong>quam</strong></span> <span class='ocrx_word' id='word_1_577' title='bbox 689 3996 780 4056; x_wconf 88' lang='lat' dir='ltr'><strong>altera</strong></span> <span class='ocrx_word' id='word_1_578' title='bbox 792 3995 903 4062; x_wconf 76' lang='grc'><strong>1111111,</strong></span> <span class='ocrx_word' id='word_1_579' title='bbox 914 4007 982 4068; x_wconf 84' lang='lat' dir='ltr'><strong>quae</strong></span> <span class='ocrx_word' id='word_1_580' title='bbox 991 4007 1010 4048; x_wconf 89' lang='lat' dir='ltr'><strong>a</strong></span> <span class='ocrx_word' id='word_1_581' title='bbox 1019 3992 1074 4049; x_wconf 86' lang='lat' dir='ltr'><strong>cot-</strong></span> <span class='ocrx_word' id='word_1_582' title='bbox 1116 3991 1264 4068; x_wconf 87' lang='lat' dir='ltr'><strong>reptilium</strong></span> <span class='ocrx_word' id='word_1_583' title='bbox 1278 3994 1344 4054; x_wconf 91' lang='lat' dir='ltr'><strong>dico</strong></span> <span class='ocrx_word' id='word_1_584' title='bbox 1358 3999 1387 4054; x_wconf 90' lang='lat' dir='ltr'><strong>et</strong></span> <span class='ocrx_word' id='word_1_585' title='bbox 1398 3996 1599 4072; x_wconf 83' lang='lat' dir='ltr'><strong>antiquiorum</strong></span> <span class='ocrx_word' id='word_1_586' title='bbox 1611 3998 1790 4058; x_wconf 89' lang='lat' dir='ltr'><strong>insectorum</strong></span> <span class='ocrx_word' id='word_1_587' title='bbox 1797 3998 1907 4074; x_wconf 88' lang='lat' dir='ltr'><strong>proba·</strong></span> 
     </span>
     <span class='ocr_line' id='line_1_46' title="bbox 284 4073 1907 4158; baseline -0.001 -14"><span class='ocrx_word' id='word_1_588' title='bbox 284 4085 368 4148; x_wconf 79' lang='lat' dir='ltr'><strong>omdo</strong></span> <span class='ocrx_word' id='word_1_589' title='bbox 382 4089 490 4146; x_wconf 88' lang='lat' dir='ltr'><strong>terram</strong></span> <span class='ocrx_word' id='word_1_590' title='bbox 503 4084 631 4144; x_wconf 88' lang='lat' dir='ltr'><strong>deducte</strong></span> <span class='ocrx_word' id='word_1_591' title='bbox 638 4084 693 4152; x_wconf 86' lang='lat' dir='ltr'><strong>est,</strong></span> <span class='ocrx_word' id='word_1_592' title='bbox 703 4083 800 4156; x_wconf 86' lang='lat' dir='ltr'><strong>etqua</strong></span> <span class='ocrx_word' id='word_1_593' title='bbox 808 4075 953 4137; x_wconf 67' lang='lat' dir='ltr'><strong>arrestria</strong></span> <span class='ocrx_word' id='word_1_594' title='bbox 960 4073 1075 4150; x_wconf 90' lang='lat' dir='ltr'><strong>reptilia</strong></span> <span class='ocrx_word' id='word_1_595' title='bbox 1116 4076 1214 4138; x_wconf 90' lang='lat' dir='ltr'><strong>biliter</strong></span> <span class='ocrx_word' id='word_1_596' title='bbox 1226 4077 1322 4153; x_wconf 89' lang='lat' dir='ltr'><strong>prima</strong></span> <span class='ocrx_word' id='word_1_597' title='bbox 1331 4079 1462 4140; x_wconf 80' lang='lat' dir='ltr'><strong>volatilia</strong></span> <span class='ocrx_word' id='word_1_598' title='bbox 1472 4079 1563 4138; x_wconf 82' lang='lat' dir='ltr'><strong>luere.</strong></span> <span class='ocrx_word' id='word_1_599' title='bbox 1575 4081 1722 4140; x_wconf 85' lang='lat' dir='ltr'><strong>Pertinent</strong></span> <span class='ocrx_word' id='word_1_600' title='bbox 1731 4099 1854 4158; x_wconf 90' lang='lat' dir='ltr'><strong>quoque</strong></span> <span class='ocrx_word' id='word_1_601' title='bbox 1867 4085 1907 4142; x_wconf 89' lang='lat' dir='ltr'><strong>ad</strong></span> 
     </span>
    </p>
   </div>
   <div class='ocr_carea' id='block_1_5' title="bbox 155 4155 1907 4328">
    <p class='ocr_par' dir='ltr' id='par_1_5' title="bbox 155 4155 1907 4328">
     <span class='ocr_line' id='line_1_47' title="bbox 155 4155 1906 4240; baseline -0.005 -10"><span class='ocrx_word' id='word_1_602' title='bbox 155 4190 159 4200; x_wconf 95' lang='lat'><em>·</em></span> <span class='ocrx_word' id='word_1_603' title='bbox 284 4155 1076 4238; x_wconf 76' lang='lat' dir='ltr'><strong>idosasindicatvers.2t,25.voxsireretshocloooiudi·</strong></span> <span class='ocrx_word' id='word_1_604' title='bbox 1117 4160 1194 4220; x_wconf 88' lang='lat' dir='ltr'><strong>hanc</strong></span> <span class='ocrx_word' id='word_1_605' title='bbox 1207 4162 1364 4237; x_wconf 90' lang='lat' dir='ltr'><strong>periodum</strong></span> <span class='ocrx_word' id='word_1_606' title='bbox 1375 4163 1510 4222; x_wconf 80' lang='lat' dir='ltr'><strong>nomulli</strong></span> <span class='ocrx_word' id='word_1_607' title='bbox 1524 4165 1629 4238; x_wconf 88' lang='lat' dir='ltr'><strong>pisces,</strong></span> <span class='ocrx_word' id='word_1_608' title='bbox 1643 4167 1696 4240; x_wconf 92' lang='lat' dir='ltr'><strong>qui</strong></span> <span class='ocrx_word' id='word_1_609' title='bbox 1714 4183 1825 4240; x_wconf 85' lang='lat' dir='ltr'><strong>aquam</strong></span> <span class='ocrx_word' id='word_1_610' title='bbox 1837 4168 1906 4227; x_wconf 90' lang='lat' dir='ltr'><strong>dui-</strong></span> 
     </span>
     <span class='ocr_line' id='line_1_48' title="bbox 169 4243 1907 4328; baseline -0.001 -14"><span class='ocrx_word' id='word_1_611' title='bbox 169 4261 172 4270; x_wconf 90' lang='lat'>&#39;</span> <span class='ocrx_word' id='word_1_612' title='bbox 286 4253 430 4328; x_wconf 85' lang='lat' dir='ltr'><strong>catpisoes</strong></span> <span class='ocrx_word' id='word_1_613' title='bbox 436 4252 588 4328; x_wconf 86' lang='lat' dir='ltr'><strong>streptilia</strong></span> <span class='ocrx_word' id='word_1_614' title='bbox 594 4247 731 4326; x_wconf 87' lang='lat' dir='ltr'><strong>aquatica</strong></span> <span class='ocrx_word' id='word_1_615' title='bbox 738 4262 792 4306; x_wconf 89' lang='lat' dir='ltr'><strong>seu</strong></span> <span class='ocrx_word' id='word_1_616' title='bbox 800 4243 963 4320; x_wconf 84' lang='lat' dir='ltr'><strong>amphibia,</strong></span> <span class='ocrx_word' id='word_1_617' title='bbox 972 4244 1000 4300; x_wconf 91' lang='lat' dir='ltr'><strong>et</strong></span> <span class='ocrx_word' id='word_1_618' title='bbox 1006 4257 1075 4317; x_wconf 89' lang='lat' dir='ltr'><strong>pro·</strong></span> <span class='ocrx_word' id='word_1_619' title='bbox 1118 4261 1182 4305; x_wconf 89' lang='lat' dir='ltr'><strong>cem</strong></span> <span class='ocrx_word' id='word_1_620' title='bbox 1198 4245 1336 4306; x_wconf 87' lang='lat' dir='ltr'><strong>videntur</strong></span> <span class='ocrx_word' id='word_1_621' title='bbox 1357 4247 1534 4306; x_wconf 84' lang='lat' dir='ltr'><strong>inhabitasse</strong></span> <span class='ocrx_word' id='word_1_622' title='bbox 1550 4267 1557 4305; x_wconf 93' lang='lat'>:</span> <span class='ocrx_word' id='word_1_623' title='bbox 1572 4249 1719 4323; x_wconf 90' lang='lat' dir='ltr'><strong>pertinent</strong></span> <span class='ocrx_word' id='word_1_624' title='bbox 1738 4251 1907 4325; x_wconf 74' lang='lat' dir='ltr'><strong>etquidem</strong></span> 
     </span>
    </p>
   </div>
   <div class='ocr_carea' id='block_1_6' title="bbox 285 4327 1912 5002">
    <p class='ocr_par' dir='ltr' id='par_1_6' title="bbox 285 4327 1912 4845">
     <span class='ocr_line' id='line_1_49' title="bbox 285 4327 1908 4411; baseline -0.002 -13"><span class='ocrx_word' id='word_1_625' title='bbox 285 4337 423 4398; x_wconf 88' lang='lat' dir='ltr'><strong>habiliter</strong></span> <span class='ocrx_word' id='word_1_626' title='bbox 433 4341 538 4398; x_wconf 74' lang='lat' dir='ltr'><strong>cotem</strong></span> <span class='ocrx_word' id='word_1_627' title='bbox 547 4335 699 4411; x_wconf 86' lang='lat' dir='ltr'><strong>aquatilis,</strong></span> <span class='ocrx_word' id='word_1_628' title='bbox 709 4347 778 4408; x_wconf 76' lang='lat' dir='ltr'><strong>quas</strong></span> <span class='ocrx_word' id='word_1_629' title='bbox 789 4347 851 4392; x_wconf 91' lang='lat' dir='ltr'><strong>non</strong></span> <span class='ocrx_word' id='word_1_630' title='bbox 865 4334 935 4388; x_wconf 90' lang='lat' dir='ltr'><strong>sunt</strong></span> <span class='ocrx_word' id='word_1_631' title='bbox 946 4327 1076 4388; x_wconf 81' lang='lat' dir='ltr'><strong>minime</strong></span> <span class='ocrx_word' id='word_1_632' title='bbox 1117 4332 1242 4388; x_wconf 72' lang='lat' dir='ltr'><strong>emtione·</strong></span> <span class='ocrx_word' id='word_1_633' title='bbox 1255 4346 1317 4390; x_wconf 90' lang='lat' dir='ltr'><strong>non</strong></span> <span class='ocrx_word' id='word_1_634' title='bbox 1337 4331 1458 4388; x_wconf 88' lang='lat' dir='ltr'><strong>omnino</strong></span> <span class='ocrx_word' id='word_1_635' title='bbox 1473 4332 1616 4406; x_wconf 87' lang='lat' dir='ltr'><strong>aquatiles</strong></span> <span class='ocrx_word' id='word_1_636' title='bbox 1625 4334 1701 4403; x_wconf 82' lang='lat' dir='ltr'><strong>,sed</strong></span> <span class='ocrx_word' id='word_1_637' title='bbox 1713 4334 1908 4408; x_wconf 86' lang='lat' dir='ltr'><strong>probabiliter</strong></span> 
     </span>
     <span class='ocr_line' id='line_1_50' title="bbox 286 4412 1906 4493; baseline -0.001 -11"><span class='ocrx_word' id='word_1_638' title='bbox 286 4421 375 4482; x_wconf 89' lang='lat' dir='ltr'><strong>molis</strong></span> <span class='ocrx_word' id='word_1_639' title='bbox 393 4426 423 4482; x_wconf 86' lang='lat' dir='ltr'><strong>et</strong></span> <span class='ocrx_word' id='word_1_640' title='bbox 435 4425 521 4481; x_wconf 91' lang='lat' dir='ltr'><strong>motu</strong></span> <span class='ocrx_word' id='word_1_641' title='bbox 538 4419 623 4480; x_wconf 87' lang='lat' dir='ltr'><strong>locali</strong></span> <span class='ocrx_word' id='word_1_642' title='bbox 638 4416 780 4493; x_wconf 80' lang='lat' dir='ltr'><strong>gaudent.</strong></span> <span class='ocrx_word' id='word_1_643' title='bbox 794 4415 865 4474; x_wconf 88' lang='lat' dir='ltr'><strong>linio</strong></span> <span class='ocrx_word' id='word_1_644' title='bbox 878 4412 964 4472; x_wconf 88' lang='lat' dir='ltr'><strong>classi</strong></span> <span class='ocrx_word' id='word_1_645' title='bbox 976 4413 1075 4470; x_wconf 82' lang='lat' dir='ltr'><strong>sterete</strong></span> <span class='ocrx_word' id='word_1_646' title='bbox 1119 4415 1273 4492; x_wconf 81' lang='lat' dir='ltr'><strong>amphibii,</strong></span> <span class='ocrx_word' id='word_1_647' title='bbox 1286 4417 1506 4491; x_wconf 89' lang='lat' dir='ltr'><strong>testudinesque</strong></span> <span class='ocrx_word' id='word_1_648' title='bbox 1519 4421 1582 4475; x_wconf 89' lang='lat' dir='ltr'><strong>tum</strong></span> <span class='ocrx_word' id='word_1_649' title='bbox 1592 4419 1713 4476; x_wconf 82' lang='lat' dir='ltr'><strong>marines</strong></span> <span class='ocrx_word' id='word_1_650' title='bbox 1726 4425 1790 4479; x_wconf 90' lang='lat' dir='ltr'><strong>tum</strong></span> <span class='ocrx_word' id='word_1_651' title='bbox 1804 4421 1906 4480; x_wconf 84' lang='lat' dir='ltr'><strong>fluvia-</strong></span> 
     </span>
     <span class='ocr_line' id='line_1_51' title="bbox 286 4495 1908 4576; baseline -0.004 -8"><span class='ocrx_word' id='word_1_652' title='bbox 286 4508 461 4568; x_wconf 86' lang='lat' dir='ltr'><strong>adnumerat</strong></span> <span class='ocrx_word' id='word_1_653' title='bbox 476 4509 570 4568; x_wconf 87' lang='lat' dir='ltr'><strong>lioses</strong></span> <span class='ocrx_word' id='word_1_654' title='bbox 581 4507 613 4565; x_wconf 88' lang='lat' dir='ltr'><strong>iu</strong></span> <span class='ocrx_word' id='word_1_655' title='bbox 625 4507 687 4566; x_wconf 81' lang='lat' dir='ltr'><strong>loo.</strong></span> <span class='ocrx_word' id='word_1_656' title='bbox 702 4507 732 4562; x_wconf 90' lang='lat' dir='ltr'><strong>et</strong></span> <span class='ocrx_word' id='word_1_657' title='bbox 748 4502 857 4562; x_wconf 88' lang='lat' dir='ltr'><strong>insecta</strong></span> <span class='ocrx_word' id='word_1_658' title='bbox 869 4499 924 4560; x_wconf 87' lang='lat' dir='ltr'><strong>alis</strong></span> <span class='ocrx_word' id='word_1_659' title='bbox 941 4495 1076 4573; x_wconf 79' lang='lat' dir='ltr'><strong>praedita,</strong></span> <span class='ocrx_word' id='word_1_660' title='bbox 1119 4499 1195 4574; x_wconf 87' lang='lat' dir='ltr'><strong>tiles,</strong></span> <span class='ocrx_word' id='word_1_661' title='bbox 1210 4503 1264 4560; x_wconf 90' lang='lat' dir='ltr'><strong>eto.</strong></span> <span class='ocrx_word' id='word_1_662' title='bbox 1276 4501 1357 4560; x_wconf 74' lang='lat' dir='ltr'><strong>cuca</strong></span> <span class='ocrx_word' id='word_1_663' title='bbox 1370 4500 1459 4560; x_wconf 85' lang='lat' dir='ltr'><strong>duem</strong></span> <span class='ocrx_word' id='word_1_664' title='bbox 1475 4517 1547 4560; x_wconf 77' lang='lat' dir='ltr'><strong>uero</strong></span> <span class='ocrx_word' id='word_1_665' title='bbox 1564 4501 1653 4575; x_wconf 81' lang='lat' dir='ltr'><strong>hujus</strong></span> <span class='ocrx_word' id='word_1_666' title='bbox 1673 4504 1790 4576; x_wconf 88' lang='lat' dir='ltr'><strong>periodi</strong></span> <span class='ocrx_word' id='word_1_667' title='bbox 1810 4505 1908 4562; x_wconf 92' lang='lat' dir='ltr'><strong>minus</strong></span> 
     </span>
     <span class='ocr_line' id='line_1_52' title="bbox 286 4580 1907 4664; baseline -0.003 -13"><span class='ocrx_word' id='word_1_668' title='bbox 286 4591 377 4654; x_wconf 81' lang='lat' dir='ltr'><strong>veluti</strong></span> <span class='ocrx_word' id='word_1_669' title='bbox 389 4591 532 4664; x_wconf 86' lang='lat' dir='ltr'><strong>locustas,</strong></span> <span class='ocrx_word' id='word_1_670' title='bbox 547 4603 664 4650; x_wconf 84' lang='lat' dir='ltr'><strong>muscas</strong></span> <span class='ocrx_word' id='word_1_671' title='bbox 677 4591 706 4646; x_wconf 90' lang='lat' dir='ltr'><strong>et</strong></span> <span class='ocrx_word' id='word_1_672' title='bbox 717 4583 898 4661; x_wconf 88' lang='lat' dir='ltr'><strong>papiliones,</strong></span> <span class='ocrx_word' id='word_1_673' title='bbox 912 4587 941 4640; x_wconf 90' lang='lat' dir='ltr'><strong>et</strong></span> <span class='ocrx_word' id='word_1_674' title='bbox 952 4580 1076 4643; x_wconf 89' lang='lat' dir='ltr'><strong>minima</strong></span> <span class='ocrx_word' id='word_1_675' title='bbox 1119 4597 1192 4644; x_wconf 78' lang='lat' dir='ltr'><strong>rare</strong></span> <span class='ocrx_word' id='word_1_676' title='bbox 1213 4589 1281 4643; x_wconf 86' lang='lat' dir='ltr'><strong>sunt</strong></span> <span class='ocrx_word' id='word_1_677' title='bbox 1299 4583 1400 4643; x_wconf 85' lang='lat' dir='ltr'><strong>evium</strong></span> <span class='ocrx_word' id='word_1_678' title='bbox 1417 4583 1547 4658; x_wconf 81' lang='lat' dir='ltr'><strong>exuviae3</strong></span> <span class='ocrx_word' id='word_1_679' title='bbox 1567 4590 1655 4660; x_wconf 88' lang='lat' dir='ltr'><strong>atque</strong></span> <span class='ocrx_word' id='word_1_680' title='bbox 1676 4587 1813 4646; x_wconf 89' lang='lat' dir='ltr'><strong>omnium</strong></span> <span class='ocrx_word' id='word_1_681' title='bbox 1831 4588 1907 4648; x_wconf 88' lang='lat' dir='ltr'><strong>anti·</strong></span> 
     </span>
     <span class='ocr_line' id='line_1_53' title="bbox 287 4667 1909 4753; baseline 0 -19"><span class='ocrx_word' id='word_1_682' title='bbox 287 4674 535 4753; x_wconf 72' lang='lat' dir='ltr'><strong>quadrupedum,</strong></span> <span class='ocrx_word' id='word_1_683' title='bbox 556 4689 624 4750; x_wconf 82' lang='lat' dir='ltr'><strong>quae</strong></span> <span class='ocrx_word' id='word_1_684' title='bbox 645 4687 752 4747; x_wconf 89' lang='lat' dir='ltr'><strong>parum</strong></span> <span class='ocrx_word' id='word_1_685' title='bbox 772 4687 790 4728; x_wconf 91' lang='lat' dir='ltr'><strong>e</strong></span> <span class='ocrx_word' id='word_1_686' title='bbox 812 4674 889 4728; x_wconf 85' lang='lat' dir='ltr'><strong>terra</strong></span> <span class='ocrx_word' id='word_1_687' title='bbox 907 4669 1076 4740; x_wconf 79' lang='lat' dir='ltr'><strong>elevantur,</strong></span> <span class='ocrx_word' id='word_1_688' title='bbox 1119 4667 1445 4745; x_wconf 80' lang='lat' dir='ltr'><strong>quissimaeatamttta</strong></span> <span class='ocrx_word' id='word_1_689' title='bbox 1455 4669 1909 4750; x_wconf 79' lang='lat' dir='ltr'><strong>videntru,qusaaquasetripas</strong></span> 
     </span>
     <span class='ocr_line' id='line_1_54' title="bbox 288 4751 1912 4845; baseline -0.002 -23"><span class='ocrx_word' id='word_1_690' title='bbox 288 4759 456 4834; x_wconf 64' lang='grc' dir='ltr'><strong>1111111111οά1</strong></span> <span class='ocrx_word' id='word_1_691' title='bbox 476 4762 545 4818; x_wconf 84' lang='lat' dir='ltr'><strong>sunt</strong></span> <span class='ocrx_word' id='word_1_692' title='bbox 559 4757 664 4832; x_wconf 77' lang='lat' dir='ltr'><strong>talpa,</strong></span> <span class='ocrx_word' id='word_1_693' title='bbox 678 4752 822 4825; x_wconf 75' lang='lat' dir='ltr'><strong>mmtelse,</strong></span> <span class='ocrx_word' id='word_1_694' title='bbox 835 4767 934 4812; x_wconf 85' lang='lat' dir='ltr'><strong>mures</strong></span> <span class='ocrx_word' id='word_1_695' title='bbox 946 4751 994 4828; x_wconf 74' lang='lat'><strong>(2),</strong></span> <span class='ocrx_word' id='word_1_696' title='bbox 1006 4755 1076 4827; x_wconf 79' lang='lat' dir='ltr'><strong>ete,</strong></span> <span class='ocrx_word' id='word_1_697' title='bbox 1119 4751 1231 4814; x_wconf 87' lang='lat' dir='ltr'><strong>colunt.</strong></span> <span class='ocrx_word' id='word_1_698' title='bbox 1243 4755 1374 4814; x_wconf 80' lang='lat' dir='ltr'><strong>Fortasse</strong></span> <span class='ocrx_word' id='word_1_699' title='bbox 1393 4760 1421 4814; x_wconf 92' lang='lat' dir='ltr'><strong>et</strong></span> <span class='ocrx_word' id='word_1_700' title='bbox 1434 4755 1558 4830; x_wconf 86' lang='lat' dir='ltr'><strong>aliquod</strong></span> <span class='ocrx_word' id='word_1_701' title='bbox 1570 4772 1725 4831; x_wconf 87' lang='lat' dir='ltr'><strong>perrarum</strong></span> <span class='ocrx_word' id='word_1_702' title='bbox 1740 4762 1769 4815; x_wconf 91' lang='lat' dir='ltr'><strong>et</strong></span> <span class='ocrx_word' id='word_1_703' title='bbox 1780 4776 1912 4845; x_wconf 75' lang='lat' dir='ltr'><strong>parvum</strong></span> 
     </span>
    </p>

    <p class='ocr_par' dir='ltr' id='par_1_7' title="bbox 290 4837 1912 5002">
     <span class='ocr_line' id='line_1_55' title="bbox 1120 4837 1911 4915; baseline 0.004 -15"><span class='ocrx_word' id='word_1_704' title='bbox 1120 4837 1337 4900; x_wconf 82' lang='lat' dir='ltr'><strong>mammiierum</strong></span> <span class='ocrx_word' id='word_1_705' title='bbox 1362 4839 1401 4898; x_wconf 90' lang='lat' dir='ltr'><strong>ad</strong></span> <span class='ocrx_word' id='word_1_706' title='bbox 1424 4841 1501 4900; x_wconf 88' lang='lat' dir='ltr'><strong>hanc</strong></span> <span class='ocrx_word' id='word_1_707' title='bbox 1523 4841 1681 4915; x_wconf 91' lang='lat' dir='ltr'><strong>periodum</strong></span> <span class='ocrx_word' id='word_1_708' title='bbox 1706 4843 1911 4902; x_wconf 85' lang='lat' dir='ltr'><strong>revocandum</strong></span> 
     </span>
     <span class='ocr_line' id='line_1_56' title="bbox 290 4919 1912 5002; baseline 0.002 -20"><span class='ocrx_word' id='word_1_709' title='bbox 290 4933 320 4988; x_wconf 74' lang='lat' dir='ltr'><strong>at.</strong></span> <span class='ocrx_word' id='word_1_710' title='bbox 328 4931 412 4988; x_wconf 65' lang='lat' dir='ltr'><strong>edam</strong></span> <span class='ocrx_word' id='word_1_711' title='bbox 425 4931 569 4998; x_wconf 83' lang='lat' dir='ltr'><strong>plantarum</strong></span> <span class='ocrx_word' id='word_1_712' title='bbox 580 4928 732 4994; x_wconf 84' lang='lat' dir='ltr'><strong>aquatilium</strong></span> <span class='ocrx_word' id='word_1_713' title='bbox 744 4927 814 4980; x_wconf 89' lang='lat' dir='ltr'><strong>nutis</strong></span> <span class='ocrx_word' id='word_1_714' title='bbox 824 4933 863 4980; x_wconf 84' lang='lat' dir='ltr'><strong>est</strong></span> <span class='ocrx_word' id='word_1_715' title='bbox 875 4925 971 4982; x_wconf 82' lang='lat' dir='ltr'><strong>mondo</strong></span> <span class='ocrx_word' id='word_1_716' title='bbox 987 4925 1017 4979; x_wconf 90' lang='lat' dir='ltr'><strong>in</strong></span> <span class='ocrx_word' id='word_1_717' title='bbox 1027 4927 1078 4980; x_wconf 81' lang='lat' dir='ltr'><strong>tris·</strong></span> <span class='ocrx_word' id='word_1_718' title='bbox 1119 4925 1174 4993; x_wconf 86' lang='lat' dir='ltr'><strong>est,</strong></span> <span class='ocrx_word' id='word_1_719' title='bbox 1184 4919 1237 4980; x_wconf 89' lang='lat' dir='ltr'><strong>sed</strong></span> <span class='ocrx_word' id='word_1_720' title='bbox 1249 4921 1442 4996; x_wconf 90' lang='lat' dir='ltr'><strong>probabiliter</strong></span> <span class='ocrx_word' id='word_1_721' title='bbox 1455 4923 1582 4998; x_wconf 89' lang='lat' dir='ltr'><strong>aquatile</strong></span> <span class='ocrx_word' id='word_1_722' title='bbox 1592 4925 1618 4999; x_wconf 64' lang='grc' dir='ltr'><strong>(ξ</strong></span> <span class='ocrx_word' id='word_1_723' title='bbox 1631 4924 1691 5000; x_wconf 87' lang='lat' dir='ltr'><strong>t8):</strong></span> <span class='ocrx_word' id='word_1_724' title='bbox 1702 4941 1799 5002; x_wconf 90' lang='lat' dir='ltr'><strong>nuper</strong></span> <span class='ocrx_word' id='word_1_725' title='bbox 1811 4931 1912 4986; x_wconf 87' lang='lat' dir='ltr'><strong>autem</strong></span> 
     </span>
    </p>
   </div>
   <div class='ocr_carea' id='block_1_7' title="bbox 289 5001 1913 5433">
    <p class='ocr_par' dir='ltr' id='par_1_8' title="bbox 289 5001 1913 5433">
     <span class='ocr_line' id='line_1_57' title="bbox 289 5001 1913 5086; baseline 0.001 -16"><span class='ocrx_word' id='word_1_726' title='bbox 289 5001 505 5086; x_wconf 65' lang='lat' dir='ltr'><strong>dammationis.</strong></span> <span class='ocrx_word' id='word_1_727' title='bbox 571 5072 596 5086; x_wconf 42' lang='grc' dir='ltr'>Η</span> <span class='ocrx_word' id='word_1_728' title='bbox 734 5070 739 5080; x_wconf 78' lang='grc'><strong>,</strong></span> <span class='ocrx_word' id='word_1_729' title='bbox 825 5069 831 5082; x_wconf 68' lang='lat'>‚</span> <span class='ocrx_word' id='word_1_730' title='bbox 1121 5005 1269 5078; x_wconf 67' lang='lat' dir='ltr'><strong>duma,</strong></span> <span class='ocrx_word' id='word_1_731' title='bbox 1280 5020 1389 5080; x_wconf 86' lang='lat' dir='ltr'><strong>parvos</strong></span> <span class='ocrx_word' id='word_1_732' title='bbox 1408 5007 1618 5082; x_wconf 87' lang='lat' dir='ltr'><strong>quadrupedes</strong></span> <span class='ocrx_word' id='word_1_733' title='bbox 1632 5008 1671 5067; x_wconf 89' lang='lat' dir='ltr'><strong>ab</strong></span> <span class='ocrx_word' id='word_1_734' title='bbox 1690 5010 1820 5069; x_wconf 81' lang='lat' dir='ltr'><strong>llehroeis</strong></span> <span class='ocrx_word' id='word_1_735' title='bbox 1835 5012 1913 5071; x_wconf 90' lang='lat' dir='ltr'><strong>inter</strong></span> 
     </span>
     <span class='ocr_line' id='line_1_58' title="bbox 319 5069 1078 5143; baseline -0.008 -13"><span class='ocrx_word' id='word_1_736' title='bbox 319 5076 358 5143; x_wconf 87' lang='lat' dir='ltr'><strong>(t)</strong></span> <span class='ocrx_word' id='word_1_737' title='bbox 373 5075 497 5128; x_wconf 76' lang='lat' dir='ltr'><strong>«Hebrus</strong></span> <span class='ocrx_word' id='word_1_738' title='bbox 513 5072 646 5138; x_wconf 79' lang='lat' dir='ltr'><strong>reptilibus</strong></span> <span class='ocrx_word' id='word_1_739' title='bbox 661 5070 806 5126; x_wconf 67' lang='lat' dir='ltr'><strong>muniunt</strong></span> <span class='ocrx_word' id='word_1_740' title='bbox 823 5075 918 5123; x_wconf 85' lang='lat' dir='ltr'><strong>mssota</strong></span> <span class='ocrx_word' id='word_1_741' title='bbox 932 5069 1032 5135; x_wconf 82' lang='lat' dir='ltr'><strong>omnis,</strong></span> <span class='ocrx_word' id='word_1_742' title='bbox 1050 5075 1078 5124; x_wconf 88' lang='lat' dir='ltr'><strong>et</strong></span> 
     </span>
     <span class='ocr_line' id='line_1_59' title="bbox 289 5141 1078 5212; baseline -0.008 -12"><span class='ocrx_word' id='word_1_743' title='bbox 289 5147 396 5204; x_wconf 88' lang='lat' dir='ltr'><strong>minima</strong></span> <span class='ocrx_word' id='word_1_744' title='bbox 413 5144 620 5212; x_wconf 72' lang='lat' dir='ltr'><strong>qmmupedom,</strong></span> <span class='ocrx_word' id='word_1_745' title='bbox 637 5147 699 5209; x_wconf 84' lang='lat' dir='ltr'><strong>pota</strong></span> <span class='ocrx_word' id='word_1_746' title='bbox 715 5153 817 5208; x_wconf 87' lang='lat' dir='ltr'><strong>mures,</strong></span> <span class='ocrx_word' id='word_1_747' title='bbox 834 5141 928 5209; x_wconf 82' lang='lat' dir='ltr'><strong>talpas,</strong></span> <span class='ocrx_word' id='word_1_748' title='bbox 942 5141 1078 5206; x_wconf 85' lang='lat' dir='ltr'><strong>mustelas,</strong></span> 
     </span>
     <span class='ocr_line' id='line_1_60' title="bbox 289 5211 1913 5287; baseline -0.001 -14"><span class='ocrx_word' id='word_1_749' title='bbox 289 5218 453 5282; x_wconf 78' lang='lat' dir='ltr'><strong>hericios,et</strong></span> <span class='ocrx_word' id='word_1_750' title='bbox 467 5216 623 5283; x_wconf 75' lang='lat' dir='ltr'><strong>dqnesnnt</strong></span> <span class='ocrx_word' id='word_1_751' title='bbox 638 5213 895 5280; x_wconf 74' lang='lat' dir='ltr'><strong>dbhnjnsqeneris</strong></span> <span class='ocrx_word' id='word_1_752' title='bbox 909 5211 1078 5276; x_wconf 71' lang='grc'><strong>1311111111,</strong></span> <span class='ocrx_word' id='word_1_753' title='bbox 1154 5215 1187 5280; x_wconf 81' lang='lat' dir='ltr'><strong>(t)</strong></span> <span class='ocrx_word' id='word_1_754' title='bbox 1202 5215 1913 5287; x_wconf 68' lang='lat' dir='ltr'><strong>Mrdsottieeortteostniussitiamesliansinopars</strong></span> 
     </span>
     <span class='ocr_line' id='line_1_61' title="bbox 291 5285 1509 5358; baseline -0.003 -14"><span class='ocrx_word' id='word_1_755' title='bbox 291 5292 429 5348; x_wconf 65' lang='grc'><strong>1111111111.</strong></span> <span class='ocrx_word' id='word_1_756' title='bbox 442 5292 508 5355; x_wconf 78' lang='lat' dir='ltr'><strong>port</strong></span> <span class='ocrx_word' id='word_1_757' title='bbox 519 5289 546 5353; x_wconf 87' lang='lat' dir='ltr'><strong>l,</strong></span> <span class='ocrx_word' id='word_1_758' title='bbox 557 5285 603 5340; x_wconf 88' lang='lat' dir='ltr'><strong>lib.</strong></span> <span class='ocrx_word' id='word_1_759' title='bbox 613 5287 642 5350; x_wconf 84' lang='lat'><strong>1,</strong></span> <span class='ocrx_word' id='word_1_760' title='bbox 654 5299 710 5352; x_wconf 84' lang='lat' dir='ltr'><strong>esp.</strong></span> <span class='ocrx_word' id='word_1_761' title='bbox 719 5297 755 5346; x_wconf 81' lang='lat' dir='ltr'><strong>tr,</strong></span> <span class='ocrx_word' id='word_1_762' title='bbox 768 5297 802 5338; x_wconf 83' lang='grc' dir='ltr'><strong>ιι.</strong></span> <span class='ocrx_word' id='word_1_763' title='bbox 1123 5288 1226 5358; x_wconf 62' lang='lat' dir='ltr'><strong>mbos</strong></span> <span class='ocrx_word' id='word_1_764' title='bbox 1239 5286 1269 5349; x_wconf 82' lang='lat' dir='ltr'><strong>ol</strong></span> <span class='ocrx_word' id='word_1_765' title='bbox 1278 5286 1420 5345; x_wconf 65' lang='lat' dir='ltr'><strong>scotori,</strong></span> <span class='ocrx_word' id='word_1_766' title='bbox 1433 5301 1460 5352; x_wconf 89' lang='lat' dir='ltr'><strong>p.</strong></span> <span class='ocrx_word' id='word_1_767' title='bbox 1470 5291 1509 5341; x_wconf 86' lang='grc'><strong>11.</strong></span> 
     </span>
     <span class='ocr_line' id='line_1_62' title="bbox 321 5354 1542 5433; baseline -0.002 -17"><span class='ocrx_word' id='word_1_768' title='bbox 321 5363 356 5428; x_wconf 87' lang='grc'><strong>(1)</strong></span> <span class='ocrx_word' id='word_1_769' title='bbox 370 5360 497 5420; x_wconf 73' lang='grc'><strong>1111111,</strong></span> <span class='ocrx_word' id='word_1_770' title='bbox 511 5358 806 5426; x_wconf 82' lang='grc'><strong>11,11,11,11,11,11</strong></span> <span class='ocrx_word' id='word_1_771' title='bbox 821 5354 923 5427; x_wconf 70' lang='lat' dir='ltr'><strong>(tamt.</strong></span> <span class='ocrx_word' id='word_1_772' title='bbox 1154 5356 1191 5433; x_wconf 71' lang='lat' dir='ltr'><strong>tq</strong></span> <span class='ocrx_word' id='word_1_773' title='bbox 1202 5357 1246 5411; x_wconf 70' lang='lat' dir='ltr'><strong>aa</strong></span> <span class='ocrx_word' id='word_1_774' title='bbox 1255 5368 1297 5424; x_wconf 67' lang='lat' dir='ltr'><strong>gr.</strong></span> <span class='ocrx_word' id='word_1_775' title='bbox 1309 5368 1408 5420; x_wconf 65' lang='lat' dir='ltr'><strong>masas</strong></span> <span class='ocrx_word' id='word_1_776' title='bbox 1420 5359 1542 5414; x_wconf 71' lang='lat' dir='ltr'><strong>croesus.</strong></span> 
     </span>
    </p>
   </div>
   <div class='ocr_carea' id='block_1_8' title="bbox 0 0 2051 6032">
    <p class='ocr_par' dir='ltr' id='par_1_9' title="bbox 0 0 2051 6032">
     <span class='ocr_line' id='line_1_63' title="bbox 0 0 2051 6032; baseline 0 0"><span class='ocrx_word' id='word_1_777' title='bbox 0 0 2051 6032; x_wconf 95' lang='lat' dir='ltr'><strong> </strong></span> 
     </span>
    </p>
   </div>
  </div>
 </body>
</html>
