4212 6034
225 5205 227 5208 ’
318 5219 373 5260 suo
388 5201 503 5275 praeivit
520 5199 674 5274 exemplo;
689 5197 818 5256 moriens
828 5199 908 5256 enim
919 5199 1028 5270 cilicio,
1044 5217 1106 5275 quo

320 368 374 428 ³⁴2
786 372 1026 431 commenta
1043 372 1078 429 IN
1095 369 1252 440 adludit,-
1269 375 1334 428 ω.
1350 369 1473 429 mvn.

320 473 469 542 israelita,
486 474 517 530 in
530 473 612 531 lnctn
623 472 727 532 imitati
740 479 823 545 suut;
838 476 906 532 hina
919 476 1006 533 etiam
1020 473 1108 532 vestis
1188 477 1297 532 hueaus
1311 484 1407 530 ιιιιυιι
1421 482 1494 530 sua!
1510 475 1607 530 rutro
1623 473 1769 542 marr,
1785 483 1823 516 ⁴-
1833 467 1944 528 scilieet

320 556 549 614 Christianorum
569 557 787 630 poenitentinm,
800 559 862 629 iam
883 559 954 616 olim
974 562 1035 616 erat
1048 557 1108 614 cili·
1150 555 1419 628 susurramine
1433 570 1512 611 anno
1526 557 1561 612 16
1575 553 1709 626 losepbi,
1723 567 1786 626 qrro
1799 551 1863 625 ipse
1872 567 1944 610 ven·

319 638 413 708 cium,
427 643 497 696 teste
510 639 700 709 Tertulliano,
716 640 769 698 lib.
786 643 824 698 lte
836 644 979 698 Ponitent.
997 641 1108 697 iacebo
1152 641 1231 698 ditns'
1244 647 1295 710 est,
1311 655 1406 714 usque
1418 639 1458 697 ad
1470 641 1506 697 39
1518 639 1668 712 ejusdem,
1681 651 1744 712 qno
1757 637 1861 694 hahes
1870 643 1944 696 tem·

318 735 389 788 ergo
412 721 595 794 patriarcba,
613 723 699 794 qnasi
717 724 926 794 antesignano,
946 723 1114 794 glorientur
1152 738 1225 796 pore
1238 721 1325 781 lamis
1339 724 1371 780 ia
1381 726 1506 794 AEgypto
1519 737 1588 780 cum
1602 721 1757 792 adierunt,
1769 727 1799 779 et
1811 737 1880 779 cum
1889 736 1943 796 pa·

318 803 495 876 cilieiphori,
510 816 639 879 eumque
652 810 806 878 opponant
820 806 960 863 mollibus
973 805 1108 863 novanti·
1153 811 1194 864 tre
1205 806 1345 863 eumdem
1358 807 1535 875 adorarunt3
1550 806 1603 862 sed
1617 805 1725 862 sensim
1743 805 1840 862 luctus
1853 804 1943 875 hujus

317 884 390 957 bns,
405 891 458 962 qui
470 901 574 960 aspera
600 889 701 945 omnia
720 894 903 960 asperantur,
921 889 1108 962 ciliciumque
1152 903 1255 945 seusus
1276 890 1308 945 in
1328 889 1438 946 tacebo
1459 888 1634 944 imminutus
1652 886 1717 944 init.
1736 888 1809 944 tiam
1823 905 1840 940 ιι
1852 886 1944 958 plaga

317 983 474 1044 nunquam
486 971 657 1040 induerunt,
668 976 696 1029 et
707 970 782 1029 torta
791 988 947 1044 nunquam
960 974 1106 1030 viderunt.
1152 971 1242 1028 animi
1266 971 1450 1044 quantalibet
1470 975 1602 1044 tempore
1625 969 1819 1040 mitigatum
1844 972 1942 1026 artem

353 1056 396 1110 lta
405 1055 433 1112 S.
448 1051 594 1124 hilarion,
607 1056 716 1111 testes.
730 1056 919 1128 Hieronymo,
930 1071 1034 1128 aspero
1047 1055 1109 1112 cili·
1152 1069 1223 1126 ergo
1236 1055 1394 1113 oblivionis
1407 1056 1508 1128 (qnam
1520 1069 1582 1126 prm
1596 1057 1657 1110 arte
1669 1052 1819 1110 memoriae
1830 1051 1943 1110 disram

317 1137 365 1196 cio
378 1135 512 1210 apalmis
524 1137 657 1196 coniecto
679 1153 788 1211 corpas
810 1139 953 1196 edomuit.
973 1141 1014 1194 lta
1026 1140 1053 1194 S.
1068 1140 1108 1196 Si·
1135 1131 1138 1140 ’
1153 1136 1259 1196 avebat
1270 1139 1489 1210 Themistocles)
1504 1139 1590 1195 docet
1602 1141 1729 1210 tempus.

242 1251 246 1262 ·
317 1235 408 1278 meon
420 1221 551 1293 stylites,
566 1221 619 1294 qni
632 1223 667 1278 80
680 1237 774 1278 annos
794 1222 901 1294 jugiter
916 1222 948 1278 in
968 1220 1109 1279 columna
1188 1223 1233 1277 35.
1249 1223 1415 1279 llascsumrr
1429 1237 1466 1278 ιιι
1480 1236 1576 1278 status
1589 1235 1668 1278 ιιιιιιι
1684 1234 1790 1278 suanus
1805 1235 1836 1280 ru
1848 1237 1944 1281 rum·
1956 1245 2049 1293 rma,

318 1303 409 1373 stetit,
431 1304 525 1362 cllieio
545 1303 733 1372 induebatur,
759 1308 830 1361 teste
852 1306 1045 1363 theodoreto.
1068 1307 1110 1362 lta
1153 1317 1221 1360 aua.
1234 1335 1270 1347 -
1284 1305 1337 1362 Pro
1358 1307 1497 1372 infernum
1513 1303 1607 1376 aliqui
1626 1306 1761 1373 sedunt,
1778 1307 1940 1376 sepulcrum.

318 1387 464 1457 Eremitoe,
478 1386 624 1455 monaehi,
640 1391 762 1458 ascetae,
775 1388 947 1460 poenitentes
964 1387 1064 1443 ciliciis
1077 1403 1109 1444 se
1152 1389 1193 1444 lta
1212 1386 1365 1458 Calvinae,
1386 1386 1575 1458 eugubinus,
1596 1386 1752 1456 llatablue‚
1776 1388 1943 1460 Pagnlnus,

319 1471 490 1541 armabant,
504 1473 576 1527 teste
587 1469 732 1542 Palladio,
746 1470 945 1542 theodoreto,
959 1469 1108 1528 Climacho
1153 1471 1226 1544 quin
1243 1474 1272 1528 et
1283 1471 1471 1544 lipomanus.
1485 1471 1593 1527 Verum
1605 1469 1758 1527 {tebraum
1769 1453 1839 1534 Satn
1858 1474 1944 1529 mimi

318 1558 348 1611 et
360 1553 434 1612 aliie.
1152 1555 1272 1629 proprie
1291 1555 1439 1613 internum
1459 1553 1616 1625 siguificat,
1631 1567 1693 1610 non
1710 1554 1899 1626 sepulcrum,
1915 1560 1944 1612 et

354 1638 410 1696 Sed
432 1637 503 1696 audi
525 1637 665 1707 laminas,
689 1637 751 1694 imo
774 1638 908 1695 lincissas
925 1641 954 1694 ct
972 1637 1107 1708 Reginae.
1152 1638 1193 1694 ita
1210 1640 1357 1694 verterunt
1375 1637 1564 1710 Septuaginta
1584 1651 1669 1709 aeque
1688 1651 1722 1693 ac
1739 1641 1839 1694 noster
1856 1639 1945 1694 luter·

319 1721 347 1778 S.
362 1723 529 1792 llargareta,
540 1723 744 1789 ilungarornm
758 1719 835 1789 regie
849 1719 922 1788 filia,
936 1719 1032 1777 allicio
1046 1733 1110 1776 cor·
1152 1735 1220 1793 pres
1225 1737 1235 1790 3
1246 1720 1346 1792 itaque
1358 1719 1531 1775 vertendum
1546 1733 1611 1775 esse
1621 1718 1696 1774 ratio
1712 1717 1777 1791 ipsa
1785 1719 1942 1777 convincit.

319 1819 376 1876 pne
393 1803 559 1862 maceravit.
579 1803 660 1859 ldem
680 1802 747 1858 lecit
763 1803 791 1859 S.
816 1801 977 1872 hedwigis,
991 1802 1110 1858 ltuoissa
1152 1799 1943 1873 ltamtacobputabattosephumabestiisdevoratum,

319 1887 464 1956 Poloniaa,
487 1887 515 1944 S.
537 1885 621 1942 Clara
644 1883 752 1941 nobilis
774 1885 872 1955 virgo,
892 1899 946 1957 per
962 1886 999 1940 28
1014 1899 1109 1941 annos
1152 1885 1279 1958 ideoque
1292 1884 1473 1957 insepultum
1486 1899 1565 1953 esse;
1577 1899 1648 1954 ergo
1661 1899 1722 1940 non
1735 1884 1875 1957 putabat,
1891 1900 1943 1943 nec

318 1971 465 2028 hirsutum
479 1985 516 2026 ex
526 1970 607 2026 corio
621 1968 744 2041 porcino
759 1967 900 2036 cilicium,
917 1967 985 2040 pilis
1000 1970 1029 2025 et
1042 1966 1110 2024 setis
1153 1967 1276 2040 optabat
1284 1968 1325 2025 ad
1338 1982 1407 2024 enm
1419 1967 1596 2024 descendere
1609 1967 1640 2022 in
1653 1966 1832 2039 sepulcrum,
1847 1970 1900 2025 sed
1913 1967 1943 2026 iil

319 2053 457 2112 aculeatis
471 2052 510 2109 ad
523 2067 641 2109 earnem
655 2050 940 2124 obversis,eamque
954 2049 1110 2121 pungenti·
1153 2049 1319 2120 internum,
1340 2055 1414 2124 puta
1433 2052 1465 2106 iu
1484 2050 1612 2108 limbum
1633 2056 1763 2123 patrum.
1783 2052 1865 2108 Adde
1883 2053 1945 2109 ani·

318 2135 391 2206 bns,
405 2135 576 2208 gestarius.
592 2134 795 2204 Radagnudis,
809 2135 986 2190 Francorum
998 2131 1109 2202 regina,
1153 2149 1309 2193 memnon
1323 2133 1470 2208 sepulcro,
1484 2133 1536 2191 sed
1550 2133 1644 2190 limbo
1657 2134 1749 2190 teneri
1765 2151 1772 2191 :
1786 2135 1878 2191 iacob
1891 2139 1942 2193 an·

282 2251 290 2268 .
318 2235 560 2294 purpurameum
571 2217 666 2274 cilicio
679 2217 881 2274 commutavit.
893 2220 986 2288 Atque
998 2215 1111 2271 nl'alias
1152 2221 1212 2274 tem
1230 2217 1348 2291 losephi
1366 2216 1476 2274 mortui
1493 2217 1624 2274 unimam
1643 2215 1828 2288 superstitem
1846 2217 1944 2274 videre

319 2304 471 2372 omittam,
487 2315 562 2375 quas
580 2300 667 2356 relert
685 2305 784 2357 noster
802 2302 950 2357 Grelserns
968 2297 1021 2353 lib.
1042 2298 1052 2355 l
1071 2299 1111 2354 lla
1152 2299 1300 2374 cupiebat.
1315 2303 1421 2356 Sensus
1431 2313 1502 2371 ergo
1517 2304 1574 2368 eet,
1588 2317 1616 2370 q.
1631 2299 1660 2355 d.
1676 2302 1754 2370 Ego,
1769 2313 1788 2355 o
1801 2299 1866 2370 filii,
1879 2299 1945 2356 nul·

318 2388 465 2457 llr'eripliu.
480 2401 545 2457 cap.
566 2378 692 2452 ultimo,
708 2383 779 2440 andi
803 2380 995 2439 memorabile
1012 2395 1111 2436 exem·
1152 2381 1213 2438 lam
1232 2381 1464 2439 consolationem
1484 2381 1658 2450 admittam,
1672 2382 1767 2438 donec
1783 2383 1943 2455 losephnm

319 2468 418 2540 plum,
431 2468 609 2540 quodvetus
622 2464 904 2522 anctorrelertdns.
917 2463 1109 2534 cunegunde,
1152 2464 1285 2534 rideam,
1302 2479 1407 2538 qnam,
1428 2468 1530 2537 utpote
1550 2464 1614 2536 jam
1636 2468 1806 2534 mortuum,
1827 2466 1944 2523 visurus

318 2549 350 2606 in
361 2551 425 2620 ejns
438 2551 510 2606 Vita.
527 2552 592 2605 Erat
602 2547 790 2618 cunegundis
805 2561 881 2602 uxor
896 2546 1005 2602 henrici
1019 2548 1109 2617 impe·
1152 2562 1213 2606 nou
1229 2562 1310 2616 snm,
1325 2547 1420 2604 donec
1432 2551 1636 2620 postmortem
1650 2546 1748 2603 anima
1759 2563 1827 2604 mea
1839 2549 1944 2606 anima

319 2633 439 2700 ratoris,
453 2647 521 2704 qnae
534 2632 565 2687 in
578 2631 716 2702 conjugio
730 2629 813 2698 virgo
827 2629 1001 2700 permansit:
1017 2635 1109 2701 utque
1151 2629 1232 2687 illius
1244 2631 1275 2686 in
1287 2629 1381 2688 limbo
1396 2632 1603 2702 conjungatur.
1620 2631 1707 2687 Plane
1720 2630 1800 2686 enim
1810 2631 1942 2703 conlido,

320 2731 404 2771 suam
418 2715 614 2786 virginitatem
631 2715 737 2770 marito
757 2713 910 2785 probaret,
925 2713 1013 2768 andis
1027 2712 1109 2786 pedi·
1152 2712 1270 2786 losephi
1288 2713 1451 2769 innocentis
1467 2713 1597 2768 animam
1609 2713 1649 2770 ad
1665 2712 1814 2784 majorum
1829 2715 1943 2794 animas

319 2796 472 2872 bnssnper
485 2795 731 2854 candensierrum
745 2795 834 2852 illusa
846 2795 1019 2852 ambulavit.
1034 2798 1109 2866 ttae,
1152 2794 1306 2852 accessisse
1325 2793 1356 2850 in
1375 2794 1475 2851 sinum
1493 2794 1632 2864 Abmbae,
1649 2809 1740 2868 quem
1760 2795 1849 2854 etiam
1870 2798 1942 2858 mibi

320 2887 437 2936 martiro
453 2881 558 2936 morito
571 2884 762 2951 tmperatore,
779 2893 815 2934 ex
839 2879 1020 2950 imperatrice
1033 2877 1110 2935 lacta
1151 2877 1294 2936 reservari
1307 2892 1405 2952 spero.
1417 2879 1487 2934 llinc
1497 2883 1577 2951 patet
1590 2877 1734 2936 iacobum
1744 2894 1782 2936 ex
1795 2882 1942 2953 majorum

318 2964 465 3034 religiosa,
480 2963 607 3020 cilicium
621 2961 837 3034 iudnit,illiqne
849 2962 954 3032 jugiter
967 2961 1110 3020 indorml·
1152 2961 1341 3018 instructione
1361 2965 1390 3018 ct
1410 2961 1566 3018 traditione
1584 2960 1743 3019 credidisse
1763 2963 1870 3019 animia
1888 2964 1943 3022 im

318 3061 365 3116 re,
377 3047 438 3103 imo
448 3047 565 3102 immori
575 3045 682 3114 uoluit3
694 3060 821 3118 eumque
832 3044 989 3114 agonizans
999 3046 1110 3104 videret
1153 3045 1359 3104 mortalitatem
1374 3063 1382 3102 a
1394 3061 1526 3115 rursum,
1539 3046 1653 3102 animas
1661 3045 1809 3117 justorum
1823 3047 1944 3108 ‹lainbe-

318 3129 374 3187 eibi
388 3131 484 3203 parari
499 3129 611 3201 regales
626 3129 765 3200 exequias
779 3132 807 3184 ct
827 3143 916 3184 aurea
936 3127 1041 3184 leretro
1056 3129 1110 3184 eb·
1151 3134 1251 3187 torum
1264 3133 1330 3186 ante
1341 3129 1487 3186 Christum
1499 3129 1685 3186 descendisse
1698 3129 1738 3187 ad
1751 3129 1878 3187 limbum
1890 3147 1943 3206 pa·

318 3213 399 3270 tendi
413 3213 573 3282 velamina,
589 3212 718 3268 tamilla
737 3210 879 3285 pallentes
901 3211 1017 3280 vultus,
1032 3225 1109 3284 quoe
1151 3214 1246 3283 hum,
1261 3212 1313 3269 nbi
1326 3217 1388 3269 erat
1399 3213 1480 3269 sinus
1493 3212 1617 3269 Abrahae
1631 3214 1679 3284 (l).

319 3303 385 3354 anie
399 3301 431 3353 ut
444 3312 555 3370 sponso
568 3296 696 3353 venienti
706 3296 788 3352 laetos
801 3294 931 3365 videres,
945 3295 984 3352 ad
998 3295 1053 3351 hos
1065 3311 1109 3352 re-
1188 3297 1319 3370 ldipsnm
1339 3298 1509 3365 senserunt,
1528 3300 1555 3352 at
1575 3311 1628 3370 per
1650 3295 1789 3354 umbram
1806 3297 1944 3356 viderunt
1964 3317 2050 3363 snare

317 3383 470 3453 torquere,
498 3379 782 3437 menandriana«
806 3379 935 3435 amictus
957 3378 1024 3448 isle,
1053 3379 1108 3450 ait,
1154 3380 1324 3454 Philosophi
1337 3378 1612 3448 lithnici.AElianns,
1624 3378 1677 3435 lib.
1690 3381 1757 3449 lllll,
1770 3383 1943 3438 saurauer-
1975 3390 2048 3450 um·

317 3477 380 3520 noa
394 3468 436 3519 est
450 3479 549 3532 meus,
563 3463 673 3519 aulerta
687 3463 770 3531 lrinc3
784 3460 832 3516 hio
856 3461 969 3518 alienus
989 3466 1047 3531 est;
1063 3463 1109 3518 his
1153 3463 1251 3519 eidam
1271 3462 1564 3536 Megalopolitanum,
1579 3464 1631 3534 qni
1646 3463 1753 3520 morbo
1768 3463 1942 3537 laborabat,
1957 3449 2010 3544 {ff
2023 3451 2058 3544 ,22

317 3548 433 3601 terreno
444 3559 571 3616 sponso,
582 3544 643 3599 istis
657 3543 764 3598 coelesti
779 3544 917 3614 copulata
934 3559 1011 3600 snm.
1025 3546 1109 3601 liuda
1152 3546 1364 3617 interrogatum
1382 3561 1454 3602 num
1469 3546 1594 3604 libenter
1611 3548 1751 3618 migraret
1764 3563 1780 3603 e
1792 3549 1866 3618 rita,
1881 3564 1944 3604 res-
1974 3571 2049 3606 mana

318 3625 458 3682 deutero
483 3625 584 3680 matris
608 3639 681 3681 mere
703 3621 833 3694 egressa,
856 3626 939 3682 nuda
960 3629 1110 3698 regrediar
1152 3629 1314 3702 pondisse:
1332 3629 1485 3698 «Quidnit
1500 3631 1629 3694 Delector
1643 3629 1825 3703 separatione
1838 3632 1945 3688 aalma
1986 3623 2035 3694 ¹²r·

317 3705 555 3775 illuc;hisrilem
562 3705 676 3761 miserm
687 3707 781 3761 earnis
793 3709 945 3764 materiam
957 3709 1108 3781 involvite,
1152 3727 1324 3784 acorpore‚
1340 3713 1484 3784 qnoniam
1501 3713 1539 3769 ad
1553 3727 1603 3770 eas
1620 3728 1687 3770 oras
1704 3714 1879 3784 ascendam,
1890 3717 1945 3773 nbi

318 3793 347 3845 et
357 3789 566 3860 corpusculum
580 3803 679 3843 meum
688 3787 772 3858 jrrxta
784 3790 931 3846 tumulum
946 3791 1041 3848 fratris
1050 3793 1109 3850 mei
1151 3795 1261 3851 videbo
1272 3811 1309 3851 ex
1320 3796 1506 3870 philosophis
1520 3798 1725 3870 Pythagoram,
1736 3813 1774 3854 ex
1783 3799 1877 3870 poetis
1888 3801 1945 3858 llo·

318 3885 352 3928 ae
369 3873 399 3926 Ι).
419 3871 530 3928 Raurici
546 3869 746 3942 imperatoris,
765 3886 855 3942 quem
869 3887 917 3929 me
925 3874 988 3945 jam
1001 3890 1109 3932 vocan·
1153 3892 1286 3947 merum,
1301 3894 1338 3934 ex
1352 3879 1471 3936 musicis
1491 3880 1668 3953 Olympum,
1683 3885 1711 3936 et
1730 3881 1805 3938 alios
1817 3882 1897 3939 uiros
1913 3883 1945 3939 in

317 3956 376 4010 tem
390 3953 493 4024 video,
515 3953 682 4026 inproprie
700 3954 807 4010 locello
829 3955 998 4026 reponitur
1015 3961 1108 4029 Atque
1153 3960 1234 4016 omni
1248 3961 1365 4018 seientia
1381 3962 1671 4035 praestantissimos.»

317 4037 363 4094 his
378 4037 462 4094 dictis
476 4039 639 4109 virgineum
652 4039 787 4112 spiritum
801 4038 913 4094 Christo
923 4055 1034 4111 sponso
1044 4041 1109 4097 red·
1188 4043 1328 4114 Socrates,
1343 4045 1518 4116 priusquam
1533 4061 1680 4103 venenum
1695 4045 1835 4118 hauriret,
1849 4049 1943 4106 dixit:
1960 4077 2059 4123 m

317 4119 402 4178 didit.
425 4120 470 4175 Sic
490 4121 527 4177 dc
549 4123 662 4178 crucilia
686 4122 811 4192 legimns
827 4140 834 4178 ι
853 4122 977 4179 «Cilicio
995 4123 1109 4182 Caecilia
1155 4127 1285 4194 «Quanti
1296 4128 1444 4183 aestimatis
1454 4128 1585 4201 colloqui
1596 4129 1626 4184 ln
1637 4130 1728 4186 altera
1737 4131 1799 4187 vita
1812 4147 1880 4188 cum
1894 4134 1945 4189 Or-

316 4202 451 4258 membra
463 4202 618 4272 domabat,
634 4207 724 4260 buum
746 4205 903 4274 gemitibus
918 4207 1075 4276 exorabat,
1091 4226 1105 4261 r
1151 4209 1255 4279 phmo,
1269 4211 1387 4279 llusaeo,
1402 4213 1544 4279 tlonrero,
1561 4213 1704 4270 llesiodo?
1718 4218 1830 4286 quiante
1840 4215 1945 4288 volup-

316 4286 417 4346 diccns
429 4287 504 4342 illud
519 4289 688 4343 [tavidienm
703 4305 710 4344 ε
725 4307 739 4341 ι
753 4289 813 4344 Piat
827 4305 878 4345 cor
889 4305 990 4345 meum
1005 4292 1109 4346 imina-
1151 4294 1209 4347 tate
1223 4291 1399 4364 perfundar,
1414 4309 1483 4350 cnm
1501 4294 1705 4365 Palamedem,
1720 4312 1789 4352 enm
1807 4297 1943 4369 Ajacem,

316 4369 446 4427 calutum
462 4370 493 4426 in
504 4369 762 4440 justificationibus
776 4372 850 4440 tuis,
865 4378 897 4428 nt
911 4389 971 4428 non
984 4372 1109 4429 conluu·
1152 4389 1220 4429 cum
1244 4375 1319 4430 alios
1336 4375 1448 4446 judicio
1470 4376 1644 4448 iniquorum
1663 4378 1820 4436 damnatos
1840 4397 1947 4438 convc-

316 4451 371 4510 dar
377 4471 387 4523 3
400 4472 415 4505 a
431 4454 530 4525 itaque
542 4457 571 4508 et
593 4453 688 4522 augeli
712 4460 902 4526 conspectum
922 4470 956 4511 ac
968 4456 1106 4526 tutelam,
1151 4456 1251 4512 niam?
1262 4458 1403 4528 Equidem
1412 4473 1489 4530 saepe
1500 4460 1639 4516 excedere
1650 4477 1666 4517 e
1677 4460 1747 4531 rita,
1762 4463 1787 4518 si
1801 4462 1865 4520 fieri
1876 4480 1946 4538 pos·

316 4541 345 4593 et
372 4537 469 4592 mariti
496 4537 732 4605 conversionem,
756 4542 784 4592 et
804 4537 947 4593 illustrem
975 4538 1108 4610 martyrii
1152 4543 1211 4617 set,
1226 4539 1350 4609 vellem,
1365 4545 1398 4596 nt
1411 4557 1479 4612 quie
1491 4541 1558 4598 dieo
1573 4557 1692 4613 possem
1705 4543 1847 4604 invenire.
1862 4565 1876 4599 ι

316 4619 502 4688 laurea1n‚et
515 4619 648 4692 corporis
662 4612 856 4690 iutegritatem
869 4637 903 4676 ae
913 4621 1107 4694 incorruptio·
1187 4623 1275 4691 cato,
1290 4623 1390 4692 legens
1407 4623 1519 4680 librum
1538 4625 1664 4682 Platonis
1678 4628 1717 4682 lle
1735 4629 1946 4688 immortalitate
1959 4659 2019 4706 pm

284 4729 286 4732 ·
316 4702 1107 4775 neminlrodiernumusqnediem,promernit.lieni·
1151 4706 1405 4777 oaimoe,seipsnm
1422 4706 1796 4778 occidit,utimmorialam
1810 4713 2030 4770 humeri-Plau.

316 4802 375 4860 que
387 4787 415 4842 S.
439 4786 577 4842 llariiuns
601 4784 731 4839 moriens
747 4785 777 4839 iu
791 4782 887 4840 cincre
908 4793 936 4841 et
949 4787 1042 4844 cilicio
1062 4805 1107 4845 ro·
1151 4791 1213 4845 tam
1227 4793 1440 4860 assequeretur.

316 4867 700 4940 eumbebat,dieabaiqne:
717 4867 1107 4928 altondecetdlrristiannm
1187 4872 1280 4944 cyrus
1297 4872 1379 4945 apud
1390 4873 1614 4947 Xenophontem
1628 4876 1759 4934 moriens
1767 4919 1777 4950 ,
1793 4879 1834 4937 ait
1847 4880 1887 4939 ad
1910 4883 1947 4939 n·
2012 4917 2023 4926 -

316 4953 372 5010 nisi
386 4955 417 5008 in
435 4953 531 5009 cinere
544 4952 638 5018 mori,
652 4970 666 5002 u
682 4953 761 5008 testis
781 4955 823 5006 est
844 4951 994 5024 Sulpitins.
1021 4955 1107 5022 Quod

316 5037 446 5094 imitatus
458 5037 484 5091 S.
495 5033 616 5091 Carolus
628 5035 924 5105 Borromaenssanxit,
933 5035 975 5092 nti
984 5035 1030 5091 sni
1045 5038 1106 5093 Cle·
1182 5029 1217 5094 (1)
1230 5009 1314 5091 llitttl
1325 5028 1399 5100 ᾅδην,
1416 5033 1512 5090 orcam,
1522 5047 1566 5085 scu
1577 5034 1684 5088 limbum
1695 5044 1809 5104 petrum,
1823 5041 1868 5092 nbi
1877 5055 1950 5093 maru

316 5119 369 5176 rici
378 5119 410 5174 in
423 5123 516 5174 morte
530 5116 624 5173 cilicio
639 5122 667 5173 et
680 5117 776 5173 cinere
786 5131 816 5172 se
827 5117 989 5189 operirent,
1004 5117 1106 5191 eisque
1149 5101 1203 5163 mia
1214 5103 1363 5150 amru-arum
1373 5101 1459 5166 instar,
1469 5105 1575 5167 ‘Jssssunb
1585 5121 1715 5171 ”unllam
1729 5113 1947 5178 verasepulcrum,

1151 5169 1281 5234 designare
1298 5170 1401 5221 amitino
1423 5181 1530 5224 constat.
1551 5173 1589 5224 Cf.
1609 5177 1741 5229 Braecheri
1759 5181 1889 5246 libellum,
1906 5185 1949 5234 cui

318 5299 409 5342 sanus
428 5279 532 5342 crebro
542 5281 690 5353 utebatur,
704 5285 733 5339 et
740 5281 831 5340 cineri
849 5282 933 5356 prius
950 5281 1105 5344 benedicio
1150 5241 1627 5376 Eriaifssrealgenbgraelluegama:
1639 5251 1949 5376 mammeam&

318 5367 467 5438 incubuit,
481 5369 514 5424 nt
532 5365 622 5429 habet
643 5366 707 5438 ejus
729 5365 808 5438 Vita,
825 5365 879 5424 tib.
894 5367 959 5442 vll,
973 5386 1039 5446 cap.
1053 5388 1104 5432 ιιι.
1152 5383 1200 5446 pri.
1217 5384 1290 5432 noire.
1307 5382 1424 5434 namu.
1438 5386 1508 5436 rear.
