4194 6034
660 389 902 448 conflabantur
918 389 952 448 tit
970 387 1127 455 danastri,
1147 397 1210 445 car.
1229 386 1318 445 ΧΧΙΧ.
1752 383 1806 443 29³

176 484 258 544 enlm
269 483 361 544 Jacob
373 485 406 544 ln
418 473 512 546 domo
525 487 665 548 auunculi
677 489 791 550 odorus
804 489 910 562 degere
916 529 928 562 ,
940 493 970 552 et
1047 488 1223 564 Respondeo
1236 490 1268 548 id
1280 503 1384 549 reram
1395 502 1459 550 esee
1469 487 1613 562 muare,
1623 503 1686 548 non
1699 503 1806 565 appre-

175 581 287 644 panem
300 568 390 641 gratis
401 571 556 630 comedere
563 591 573 644 3
588 572 688 646 itaque
705 573 804 632 statim
823 573 864 632 ad
877 587 969 648 opera
1012 571 1111 632 tiatim
1124 590 1133 631 r
1147 571 1250 647 quom
1263 571 1401 632 allecum
1414 573 1494 633 anim
1509 575 1539 632 ct
1551 572 1732 631 desidorium
1750 587 1806 648 po·

177 650 355 722 domestica,
372 667 535 727 curamque
556 653 658 714 orium
679 670 711 714 ee
730 654 866 714 accinxit.
887 655 969 714 Uada
1012 655 1109 713 tiundi
1128 654 1253 714 Rachele
1268 653 1446 715 ridebantur
1468 653 1579 716 iacebo
1600 655 1664 714 dies
1682 657 1805 716 servitu·

176 733 277 792 bahan
290 750 361 794 mox
373 737 484 796 eunctis
502 736 610 796 ovibus
627 753 696 798 cum
709 737 854 814 prefecit,
871 737 970 812 inquit
1013 737 1049 796 tis
1061 752 1125 796 esse
1137 729 1274 814 plurimi3
1285 753 1389 796 rerum
1403 737 1609 814 appretiatire,
1621 738 1653 796 id
1667 743 1729 810 sat,
1747 755 1805 814 pro

176 815 330 890 losephus.
1011 820 1413 895 retampulchra,pretium
1425 822 1571 880 servitutis
1582 820 1711 894 hulusoi
1723 822 1805 880 vido·

54 911 118 958 vers.
128 914 162 958 ιι.
212 902 401 970 ιιι.ϊ“ιιιτιιιι,
411 930 449 946 -
461 906 613 976 cognatus.
1011 899 1100 960 batur
1113 903 1272 978 exiguum,
1287 904 1410 977 diesque
1423 902 1536 962 laboris
1548 908 1610 962 tam
1623 904 1707 976 longi
1722 903 1805 960 ride·

54 993 117 1042 aera
128 997 163 1040 ιι.
211 985 257 1040 ii.
271 985 363 1042 larris
373 999 446 1042 arar
455 985 739 1046 acuam-Hebraea
750 990 808 1057 eet,
819 985 899 1045 oculi
911 984 970 1045 Liar
1011 981 1121 1042 bantur
1133 1001 1196 1044 esee
1205 987 1293 1059 pauci
1303 989 1331 1044 et
1342 987 1438 1061 parri,
1449 987 1481 1044 id
1494 990 1549 1056 est,
1560 986 1647 1044 labor
1660 1001 1733 1044 saus
1746 985 1805 1044 sibi

176 1069 259 1125 erant
274 1074 353 1148 ilipa
372 1073 480 1134 roccot,
497 1069 530 1126 id
548 1071 609 1139 est,
623 1069 735 1142 teneri,
749 1068 863 1128 debiles
882 1071 911 1126 et
924 1069 969 1126 in·
1010 1066 1251 1126 videbatur-esse
1272 1082 1401 1142 parvus,
1422 1072 1610 1140 comparatus
1630 1084 1701 1128 cum
1721 1072 1804 1127 tanto

176 1147 271 1218 firmi,
292 1152 326 1205 ut
345 1152 462 1206 vertunt
480 1151 678 1224 Septuaginta.
698 1150 771 1212 liele
793 1166 866 1223 ergo
883 1150 969 1208 Chal·
1010 1149 1144 1224 pramio.
1156 1149 1300 1222 iiiecergo
1310 1151 1359 1207 hic
1371 1153 1525 1224 ponuntur
1537 1165 1594 1224 pro
1608 1149 1725 1208 dierum
1737 1150 1803 1210 illo·

177 1231 259 1290 daus
279 1236 382 1288 trames
401 1231 607 1306 interpretetur
630 1233 794 1305 elegantes,
808 1233 894 1306 quasi
918 1231 967 1292 lia
1010 1248 1078 1290 rum
1091 1231 1205 1303 labore,
1214 1247 1268 1305 per
1280 1232 1502 1307 metonymiam.
1515 1234 1557 1292 lta
1569 1233 1597 1290 S.
1607 1231 1803 1308 Hieronymus

176 1312 248 1370 solis
259 1312 353 1372 oeulis
362 1312 450 1372 inerit
460 1314 586 1388 pulchra
596 1317 625 1373 et
634 1315 765 1390 elegans,
778 1313 887 1375 Rachel
896 1312 967 1374 reru
1010 1319 1040 1374 et
1049 1317 1077 1374 S.
1092 1316 1281 1388 Augustinus.

176 1393 333 1452 mutacio.
1045 1401 1191 1457 halicarn
1204 1395 1531 1471 numm-nuptiale
1548 1396 1920 1458 ceodriumflooverstt.

209 1478 344 1545 Secunde,
365 1479 416 1538 alii
437 1479 553 1540 addant
569 1483 663 1556 clepit,
681 1483 710 1541 et
726 1497 783 1558 pro
799 1487 907 1548 rocem,
925 1481 968 1540 lc·
1010 1483 1090 1548 enim
1109 1485 1153 1540 cst
1171 1481 1326 1540 Rebraum
1338 1489 1454 1544 rinna
1472 1483 1562 1538 miste.
1584 1483 1627 1537 lix
1643 1483 1713 1539 tunc
1732 1497 1804 1556 crgo

175 1564 251 1634 gunt
260 1569 364 1624 ιιιιιιιι
378 1564 505 1630 anecdot,
518 1564 552 1622 id
564 1571 608 1624 est
620 1568 727 1638 longos,
739 1564 827 1640 quad
838 1565 889 1622 hie
901 1565 968 1622 lon·
1010 1564 1042 1622 in
1052 1563 1164 1638 nuptiis
1175 1562 1401 1622 celebrabantur
1413 1563 1559 1634 convivia,
1570 1563 1623 1622 aed
1633 1577 1652 1620 a
1664 1563 1723 1638 piis
1735 1580 1804 1624 eum

175 1658 244 1717 gos,
260 1645 389 1719 ideoque
410 1645 558 1705 deformes
573 1647 710 1708 habuerit
726 1646 846 1717 oculos;
861 1645 915 1705 sed
934 1646 966 1705 hi
1010 1647 1115 1706 amore
1133 1647 1198 1719 bei,
1211 1649 1246 1704 ut
1261 1649 1342 1722 patet
1358 1646 1396 1703 de
1415 1646 1524 1718 i'obia,
1536 1661 1602 1721 cop.
1622 1661 1662 1704 rx.
1677 1649 1804 1706 causam

174 1729 490 1788 textumimmutaatet
500 1731 612 1802 vitiant,
623 1730 765 1790 addendo
775 1731 965 1794 litteram&
1011 1731 1062 1790 dat
1075 1731 1247 1804 lumem,
1261 1730 1315 1790 lib.
1330 1733 1374 1786 v:
1391 1730 1561 1803 «Moribus,
1575 1729 1632 1802 ait,
1646 1735 1676 1789 et
1687 1731 1804 1805 legibus

65 1821 145 1877 onan
212 1814 321 1878 Tertio,
347 1811 398 1870 alii
418 1816 524 1886 putant
545 1814 625 1872 iiam
646 1812 824 1888 lippitudine
846 1813 966 1888 proprie
1010 1813 1116 1872 scitum
1129 1815 1174 1871 est
1181 1855 1193 1885 ‚
1206 1815 1241 1872 ut
1252 1811 1285 1871 in
1297 1813 1409 1886 nuptiis
1421 1813 1545 1887 epulum
1559 1813 1612 1871 fiat
1627 1831 1635 1870 ι
1649 1816 1712 1872 tum
1726 1831 1804 1892 nup-

52 1885 99 1958 ¹¹¹?
117 1883 161 1942 ¹¹⁹·
174 1894 254 1956 dicta
266 1895 417 1954 laborasse
433 1914 441 1952 ε
460 1895 517 1956 hoc
536 1898 615 1955 enim
637 1896 753 1956 videtur
771 1898 848 1956 veile
867 1901 967 1957 noster
1008 1897 1093 1954 tieles
1107 1897 1181 1954 deos
1192 1900 1227 1955 at
1236 1910 1427 1970 amaremur,
1441 1898 1508 1953 tum
1521 1900 1554 1953 ut
1565 1911 1621 1969 pro
1635 1897 1803 1956 testimonio

66 1946 146 2054 ⁹32⁶?
174 1981 328 2052 interpres.
348 1979 451 2046 Quarto
468 1982 496 2036 et
510 1979 639 2052 optime,
653 1979 803 2053 lippitudo
817 1979 874 2038 Lice
885 1979 967 2039 ride·
1010 1979 1042 2038 id
1055 1978 1109 2052 sit,
1123 1999 1138 2036 r
1154 1979 1286 2040 conaus
1304 1978 1428 2049 scilicet,
1446 1979 1530 2052 quod
1546 1979 1647 2054 nuptis
1666 1980 1804 2052 placeant

173 2067 223 2121 tur
239 2061 328 2121 fuisse
346 2062 410 2122 sola
428 2061 563 2120 debilitas
572 2103 581 2134 ,
596 2063 735 2122 mollities
752 2067 782 2122 et
801 2063 966 2122 teneritudo
1009 2077 1071 2120 sua
1086 2063 1211 2136 nuptia3
1226 2077 1331 2127 aarum
1348 2061 1412 2118 huc
1425 2061 1562 2119 convivia
1576 2063 1685 2119 sensim
1698 2063 1730 2120 in
1741 2079 1804 2121 ma·

174 2147 351 2216 oculorum,
363 2161 423 2219 qua
437 2145 470 2202 iit
481 2150 513 2203 ut
526 2147 714 2218 nonpossint
726 2146 780 2204 diu
792 2147 823 2204 ia
837 2161 900 2206 rem
914 2146 967 2204 ali·
1009 2157 1102 2216 gnum
1115 2144 1221 2202 luxum
1233 2147 1262 2201 et
1274 2143 1403 2202 abusum
1415 2147 1616 2210 exercuerunt,
1626 2145 1668 2201 uti
1680 2145 1744 2204 iuss
1754 2145 1803 2204 hio

173 2243 267 2304 quam
276 2227 376 2299 defigi,
386 2224 439 2284 s'ed
448 2226 594 2286 volubiles
605 2233 664 2285 sant
672 2228 820 2302 pronique
830 2229 860 2286 in
871 2228 966 2300 lacry·
1010 2226 1177 2285 ostendits.
1192 2225 1431 2298 chrysostomus.

173 2325 250 2382 mos,
264 2311 352 2368 itaut
368 2309 490 2383 pupilla
507 2309 569 2367 suis
586 2309 712 2368 orbibus
729 2311 817 2384 quasi
833 2310 966 2368 innatme
1042 2311 1089 2367 23.
1113 2311 1153 2366 tir
1171 2323 1303 2368 rasraaa.
1316 2338 1352 2353 -
1363 2308 1494 2380 Virgines
1515 2311 1595 2368 enim
1614 2311 1687 2370 dum
1708 2311 1803 2372 nabe·
1816 2319 1920 2369 ruera.

165 2393 329 2458 ,adeantur
338 2411 347 2463 ;
361 2392 420 2450 hoc
439 2391 518 2449 enim
535 2391 681 2464 significat
695 2392 848 2450 liehrteum
861 2398 964 2449 rumor.
1009 2388 1100 2463 beat,
1113 2392 1299 2450 verecundia
1319 2407 1426 2462 musa,
1443 2391 1475 2450 ia
1493 2391 1621 2450 tenebris
1637 2395 1693 2452 riri
1706 2395 1803 2455 thale·

208 2475 399 2547 aropoiogioe
418 2474 447 2534 S.
461 2467 633 2545 Gregorius,
646 2476 656 2531 ι
669 2479 746 2550 part.
769 2476 877 2532 Poetor.
898 2487 964 2548 cap.
1009 2487 1093 2530 mum
1106 2474 1229 2532 adibant
1239 2474 1286 2548 (ι),
1299 2473 1390 2548 idque
1402 2476 1483 2547 apud
1496 2477 1654 2547 spartanos
1667 2475 1732 2550 lege
1742 2477 1802 2536 lata

174 2573 204 2618 ιι
216 2577 225 2615 :
240 2558 366 2631 lippus,
380 2555 494 2628 lnquit,
507 2559 551 2614 est
564 2556 649 2630 cujus
661 2555 799 2627 oculum,
813 2555 910 2626 idest,
923 2556 968 2612 in·
1010 2556 1106 2613 sanxit
1119 2557 1268 2630 lycurgus
1275 2597 1285 2627 ,
1303 2559 1376 2614 teste
1389 2556 1554 2614 Plutarcho.

175 2641 255 2714 genii
265 2642 374 2710 aciem,
385 2639 504 2710 humor,
514 2637 546 2696 id
559 2643 616 2709 eet,
630 2638 752 2698 affectus
766 2642 796 2695 et
807 2653 900 2712 opera
912 2641 967 2696 ter·
1043 2640 1091 2696 ιι.
1108 2641 1190 2698 liano
1202 2655 1281 2698 aruir
1293 2643 1376 2698 ιιιιι.
1389 2670 1425 2685 -
1439 2641 1570 2698 Peccavit
1583 2640 1634 2699 lia
1646 2641 1801 2717 obtempe·
1814 2651 1874 2696 aen.
1884 2655 1919 2698 ιι.

174 2741 248 2784 rena
260 2724 431 2782 obscurent.
1009 2722 1106 2780 nando
1120 2723 1235 2796 parenti
1243 2741 1251 2793 ;
1265 2721 1412 2780 consensit
1425 2721 1504 2780 enim
1524 2723 1556 2780 in
1570 2727 1728 2798 stuprum,
1739 2727 1801 2785 imo
1814 2711 1917 2816 ssffl'st

59 2823 160 2870 miuu-
210 2807 517 2878 Rota,licetinuxore
529 2802 968 2881 querendaprimospectanda
1009 2805 1188 2864 adulterium
1203 2810 1232 2864 et
1246 2805 1390 2863 incestum
1409 2805 1541 2864 :sciebat
1557 2805 1638 2863 enim
1656 2806 1801 2868 iacobum
1821 2783 1921 2878 11:321?

60 2885 159 2930 “dim
176 2890 214 2950 sit
235 2891 327 2948 virtus
348 2893 378 2946 et
402 2905 511 2961 mores,
525 2889 701 2948 secundario
717 2892 817 2946 tamen
839 2884 966 2960 spectari
1010 2902 1073 2946 noa
1093 2903 1200 2958 suum,
1216 2887 1269 2945 sed
1290 2887 1423 2945 Rachelis
1439 2887 1549 2947 sororis
1569 2903 1632 2947 esse
1649 2889 1800 2948 medium.
1826 2891 1908 2936 nnec

55 2948 164 3055 2⁸3⁸
175 2989 263 3048 posse
276 2973 542 3050 pulchritudinem,
554 2976 619 3030 tum
632 2975 665 3029 ut
677 2971 709 3030 in
721 2987 757 3029 aa
769 2970 851 3028 sistet
864 2967 968 3040 eoniu-
1010 2968 1133 3028 Grarius
1145 2973 1244 3026 tamen
1255 2969 1386 3042 peccarit
1397 2969 1507 3040 haban,
1519 2969 1572 3044 qui
1585 2983 1652 3028 eam
1666 2986 1722 3029 sua
1733 2987 1803 3030 auo·
1823 2952 1911 2999 ‘W‘

78 3067 136 3115 atet
175 3057 322 3129 galistam
334 3069 522 3130 umorqum
535 3053 830 3128 concupiscentiam
842 3051 967 3110 eduliae
1010 3052 1125 3112 toritate
1140 3055 1168 3110 et
1181 3051 1305 3109 coasilio
1323 3051 1363 3108 ed
1379 3049 1494 3108 lacinus
1510 3050 1638 3109 induxit.
1657 3051 1801 3110 iacobum

174 3141 391 3212 deflectet3tum
401 3143 477 3198 uter
483 3137 607 3213 pulchra
616 3137 777 3210 vegetiores
784 3135 968 3209 etpulchrio·
1010 3136 1127 3194 excusat
1145 3133 1329 3208 ignorantie,
1342 3149 1404 3208 qua
1420 3131 1503 3191 bona
1521 3131 1582 3190 tide
1600 3134 1725 3208 putabat
1737 3151 1801 3194 esse

173 3239 222 3282 res
234 3223 334 3297 proles
350 3225 550 3296 procreentur.
571 3223 612 3278 lta
624 3218 789 3278 abuleash
807 3219 841 3274 iit
854 3216 912 3276 hoc
924 3219 969 3276 est
1010 3217 1184 3287 Rachelem,
1194 3231 1256 3275 non
1270 3217 1361 3274 hiem.

174 3307 259 3380 quod
271 3306 337 3364 vult
348 3307 375 3363 S.
390 3305 530 3372 Thomas,
545 3319 615 3362 cum
630 3303 717 3362 docet
734 3315 796 3360 non
813 3300 900 3360 licere
913 3301 970 3358 da·
1045 3298 1225 3375 symbolice,
1232 3299 1395 3356 Richardus
1402 3297 1440 3356 de
1446 3299 1474 3375 S.
1484 3297 1607 3370 victore,
1616 3297 1671 3358 lib.
1680 3301 1721 3359 ιιι
1729 3303 1802 3359 liuo-

175 3403 376 3447 cercuxorem
389 3383 969 3461 causepulchritudinis,utscilicetaola
1011 3383 1097 3442 &dm
1106 3378 1801 3454 Potricrclt.,eichaaoexplieat:eQuomodoeu

174 3471 367 3546 pulchritudo
381 3475 409 3528 te
424 3468 591 3528 scalibatu
606 3469 710 3528 avocet
723 3465 764 3524 ud
775 3465 951 3539 coniugium
956 3483 966 3536 ;
1010 3469 1071 3524 tem
1083 3465 1134 3522 lia
1144 3463 1331 3539 supponitur,
1346 3462 1419 3518 dum
1431 3461 1538 3520 Rachel
1556 3466 1700 3537 speratur,
1717 3462 1803 3522 facile

175 3554 230 3612 sed
242 3559 340 3612 tamen
353 3554 450 3626 posito
464 3552 549 3626 quod
566 3550 638 3609 ralis
652 3563 778 3608 uxorem
792 3549 920 3619 ducere,
934 3548 970 3606 li·
1011 3551 1213 3620 cognoscunt,
1233 3545 1285 3620 qui
1298 3546 1355 3603 hoc
1368 3559 1460 3618 mrem
1473 3559 1550 3617 eoepe
1560 3545 1726 3618 contingat,
1740 3561 1804 3606 noa

175 3651 241 3695 cern
253 3636 411 3709 pulchram
428 3635 535 3707 eligere
549 3649 612 3708 pru
630 3632 727 3706 turpi,
739 3631 831 3705 idque
847 3629 889 3690 ob
902 3645 971 3688 sua·
1010 3633 1071 3688 tam
1081 3629 1232 3688 audiendo
1245 3643 1338 3701 quam
1351 3627 1530 3701 experiendo
1540 3626 1715 3685 didicerunt.
1726 3629 1804 3697 Quid

174 3720 289 3778 riorum
311 3717 495 3788 convictum,
516 3721 545 3776 et
567 3715 796 3774 constantiorem
817 3727 968 3786 amorem3
1011 3713 1090 3771 enim
1104 3711 1188 3769 aliud
1201 3711 1380 3785 scripturam
1392 3724 1524 3779 moram,
1538 3708 1595 3766 uisi
1609 3711 1740 3768 Rachelia
1753 3725 1804 3768 cu·

175 3817 352 3878 quanquam
370 3817 432 3860 noa
444 3815 513 3859 raro
531 3815 635 3858 rerum
649 3798 685 3856 sit
698 3797 779 3856 istud
792 3796 968 3855 Domitiani:
1011 3794 1147 3854 bibulum
1168 3793 1321 3852 dicimus:
1342 3791 1375 3848 iu
1394 3807 1456 3864 qua
1476 3792 1651 3865 sapientiam
1670 3792 1804 3851 diuam

180 3889 314 3944 «Recorc
328 3885 402 3942 nihil
413 3885 540 3957 gratius,
554 3881 629 3940 nihil
642 3882 797 3938 brevius.»
1012 3877 1071 3935 sub
1084 3877 1200 3935 decenti
1213 3873 1421 3946 allegoriarum
1437 3873 1585 3931 velamine
1598 3873 1728 3945 latitare,
1742 3888 1805 3932 non

61 3986 163 4031 ιιιιιι.
213 3971 258 4028 18.
280 3971 403 4044 sororia
419 3983 485 4025 τιιι.
500 3996 537 4010 -
550 3967 642 4024 Nota:
658 3963 749 4022 iacob
762 3965 819 4022 bac
833 3963 970 4021 servitute
1013 3959 1208 4026 dubitamus?
1221 3960 1254 4015 ln
1265 3957 1317 4013 tali
1328 3954 1466 4014 cubiculo
1480 3953 1588 4012 Rachel
1600 3956 1686 4012 toties
1699 3957 1805 4030 quari-

177 4057 241 4112 tam
259 4052 351 4124 longe
363 4057 393 4108 et
405 4052 496 4121 dura,
511 4065 594 4108 more
611 4048 728 4121 prisco,
743 4047 814 4104 emit
826 4045 883 4102 sihi
897 4060 971 4102 uxo·
1012 4047 1073 4114 tur,
1089 4041 1207 4116 quoties
1224 4039 1256 4095 in
1276 4037 1401 4094 lectione
1419 4051 1502 4094 sucre
1520 4036 1681 4112 spiritualis
1699 4037 1806 4095 intelli-

65 4151 165 4197 ιιιιηιι
178 4152 243 4194 rem
256 4140 316 4193 tem
333 4135 414 4192 liam
430 4149 523 4208 quam
536 4131 702 4190 Rachelem.
716 4128 803 4188 Moris
820 4128 900 4186 enim
916 4125 971 4184 tuit
1014 4123 1111 4196 genlia
1128 4122 1296 4192 indagatur.
1310 4119 1366 4178 sed
1379 4118 1527 4192 quamdiu
1544 4119 1643 4177 adhuc
1659 4119 1700 4177 ad
1714 4121 1806 4178 subli-

92 4223 138 4258 ’θ’
179 4219 262 4294 apud
275 4219 407 4287 aracos,
421 4220 570 4274 Romanos
584 4218 612 4273 et
626 4213 773 4282 liebroeos,
787 4213 820 4268 ut
832 4209 888 4267 riri
900 4209 971 4266 dato
1014 4208 1075 4264 mia
1087 4201 1268 4278 penetranda
1281 4201 1402 4259 minime
1415 4201 1590 4273 sufficimus,
1600 4202 1653 4260 diu
1664 4204 1805 4278 capitam,

71 4271 155 4378 ἒξ
179 4302 275 4377 pretio
288 4304 419 4358 emerent
428 4299 486 4356 sibi
497 4313 631 4356 uxorem.
646 4297 687 4352 lta
700 4292 793 4352 Rarid
806 4291 912 4350 coemit
922 4290 972 4350 lii·
1014 4289 1170 4359 diligenter
1184 4283 1339 4358 quaesitam
1352 4281 1459 4340 Rachel
1473 4285 1608 4342 nondum
1619 4283 1806 4356 maenianae,

180 4386 250 4444 chol
261 4388 380 4442 oentmn
389 4382 541 4456 praeputiis
552 4377 799 4447 puteanorum!
813 4377 877 4446 nco.
890 4387 971 4443 arur,
1014 4369 1173 4444 incipimus
1194 4383 1265 4440 ergo
1283 4383 1417 4440 gemere,
1431 4367 1594 4442 suspirare,
1607 4371 1740 4424 nostram
1752 4382 1807 4424 aa·

180 4469 232 4540 95,
245 4471 273 4524 et
286 4469 308 4523 ll
322 4467 388 4535 neo.
402 4480 447 4535 ur,
460 4467 506 4521 ιι.
523 4466 561 4520 iia
575 4463 632 4520 hac
645 4473 774 4518 uxorum
787 4455 972 4530 coemptione
1014 4452 1130 4512 mutem
1143 4465 1205 4508 non
1222 4449 1322 4507 solum
1334 4449 1494 4523 plangere,
1508 4451 1560 4506 sed
1573 4453 1602 4507 et
1616 4449 1805 4520 erubescere3

180 4550 271 4623 plara
283 4548 380 4605 dicam
393 4547 483 4606 Erodi
497 4561 537 4618 rr,
549 4545 587 4603 ιδ
600 4545 648 4618 (ι).
672 4559 680 4566 ·
1015 4540 1045 4595 et
1056 4539 1121 4593 tum
1135 4534 1168 4591 in
1180 4531 1319 4590 cubiculo
1331 4531 1455 4603 Rachel,
1464 4546 1527 4590 aon
1539 4531 1652 4604 ipsam,
1660 4533 1714 4590 sed
1726 4531 1806 4590 hiem

65 4645 168 4694 ransc
216 4633 263 4688 ιο.
278 4632 460 4688 vicmannus
478 4643 535 4686 ιιιι
552 4640 635 4684 ιιιιι
650 4613 712 4684 aras
728 4635 788 4682 raa
805 4633 909 4680 meare
920 4633 974 4677 ιιι·
1015 4632 1073 4676 nos
1093 4615 1238 4674 invenisse
1252 4630 1313 4672 noa
1327 4615 1508 4672 dubitemus.
1521 4616 1595 4672 Nam
1607 4615 1683 4673 sieut
1696 4615 1807 4673 Rache-

182 4727 345 4773 currunraa.
357 4739 393 4754 -
406 4712 487 4768 ilices
502 4726 510 4767 r
524 4713 615 4771 Amor
632 4711 676 4766 est
694 4719 785 4764 mora
799 4702 973 4778 impatiens,
1015 4699 1106 4758 lisest
1114 4699 1287 4770 intelligere,
1297 4697 1443 4768 meditari,
1456 4696 1650 4772 contemplari
1663 4712 1671 4753 ι
1687 4696 1728 4754 sic
1737 4709 1808 4771 pro-

182 4802 212 4856 ct
223 4812 336 4872 paucos
351 4795 415 4852 dies
428 4793 554 4852 eastimet
564 4791 719 4866 plurimos.
1016 4781 1094 4842 iacto
1105 4782 1232 4857 pertinet
1242 4782 1282 4839 ad
1293 4780 1375 4838 liam
1385 4780 1465 4850 llere,
1476 4795 1607 4852 gemere,
1618 4778 1804 4854 suspicere.»

1044 4867 1099 4923 27.
1114 4867 1199 4922 iuras
1212 4877 1403 4922 ιιιιιιιιοιιιιιιι
1417 4877 1523 4919 nnana
1536 4875 1624 4918 aoros
1635 4875 1764 4932 cornu,
1774 4889 1806 4904 -
1821 4877 1883 4922 ιιιι.
1891 4875 1928 4922 ιι.

215 4964 248 5028 (ι)
260 4962 355 5014 llirnm
370 4967 457 5012 maren
469 4963 517 5024 est,
526 4955 649 5009 iacobum
664 4967 710 5020 pro
722 4954 781 5007 dote
792 4953 886 5006 labani
898 4951 973 5004 ohta·
1018 4947 1129 5023 quibus
1143 4945 1199 5005 Lice
1212 4945 1401 5004 malnimeaio
1413 4948 1442 5002 et
1455 4943 1561 5002 effectu
1575 4944 1702 5001 maritali
1718 4957 1810 5018 oopu-

184 5035 241 5087 ¹i⁸⁵⁸
256 5031 442 5094 mimsuriom,
455 5042 536 5094 qoam
551 5041 583 5080 0¹
596 5026 715 5078 maxims
730 5025 807 5088 panis
818 5024 909 5087 opinus
923 5029 973 5073 20*
1017 5029 1088 5090 laris
1104 5046 1112 5086 ι
1130 5044 1203 5088 aum
1223 5027 1321 5103 prima
1339 5025 1450 5100 copula
1467 5024 1635 5083 adulterina
1654 5024 1725 5096 luit,
1745 5038 1809 5082 noa

184 5105 249 5156 tiam
260 5098 706 5172 partem,mirsisupuroacriur,jare
718 5109 764 5145 suo
774 5107 872 5158 sperare
883 5097 975 5174 possett
1018 5111 1171 5172 maritalis·
1191 5108 1289 5168 voluit
1308 5124 1379 5182 3330
1398 5105 1500 5167 mm
1514 5111 1548 5165 ut
1564 5107 1673 5180 Jacob,
1690 5106 1809 5180 wanno

185 5173 305 5226 liittcndi
321 5173 444 5224 duntaxat
453 5173 526 5222 emat
538 5168 570 5218 ad
584 5169 695 5218 isaacum
705 5170 732 5215 et
740 5165 878 5215 Rebeccam
890 5162 978 5213 nuath

185 5249 271 5306 mant,
283 5242 329 5308 qai
340 5241 374 5293 ab
390 5241 423 5291 iis
436 5240 522 5290 dotem
537 5237 649 5300 accipere
665 5234 814 5298 pernibent.
831 5231 930 5284 Verum
945 5245 978 5283 ex
1791 5287 1798 5296 Ι

186 5310 404 5366 moribasnostrts
415 5309 446 5360 de
459 5307 516 5372 cios
526 5307 609 5360 eutis
620 5301 978 5370 consuetudinibnsjudlcinrn
1049 5298 1085 5366 (ι)
1099 5298 1180 5352 Vultu
1199 5296 1299 5362 relato,
1311 5295 1381 5361 quod
1396 5293 1536 5348 mannam
1557 5294 1638 5347 moris
1653 5293 1681 5346 ln
1700 5291 1781 5344 oric-¹

186 5383 270 5449 rme,
278 5393 363 5436 nonna
376 5383 442 5432 met
454 5376 546 5430 rattom
559 5374 734 5428 marcarium?
1020 5371 1174 5436 regionibru.
