4194 6034
696 343 940 407 comunitate
955 343 990 404 iii
1006 343 1166 413 ceassiu,
1182 357 1247 402 cir.
1266 341 1342 400 xliv·
1779 341 1835 398 203

198 456 286 518 ivisse
299 455 340 516 ad
359 453 586 527 Purgatcrium,
598 449 706 510 obsua
725 449 853 508 venialia
874 451 996 523 peecata
1038 463 1110 506 suos
1122 449 1241 517 iratres,
1255 446 1372 504 medius
1385 443 1530 504 habitavit
1536 461 1546 516 ;
1557 441 1689 502 habebat
1700 442 1781 502 enim
1793 441 1832 502 ab

198 557 268 620 qum
288 540 436 600 iacerent:
450 539 538 613 quia,
551 537 665 612 inquit,
679 535 717 594 de
733 535 770 593 iis
788 533 895 592 dicitur
910 531 996 606 quod
1040 532 1195 590 Occidente
1207 533 1357 600 isaacum,
1370 529 1410 588 ab
1423 529 1541 586 Oriente
1551 527 1632 586 filios
1644 529 1765 585 Ceturae.

199 625 310 684 mortui
322 624 398 693 sint;
413 622 452 679 de
472 620 622 678 abraham
645 634 717 677 vero
737 619 837 692 primo
858 617 994 674 omnium
1075 608 1832 679 mniucurcrrsrairmeussaracena-Premit,

201 709 318 776 dieitur,
332 704 417 780 quod
430 707 627 776 congregatus
637 704 675 761 sit
684 703 725 764 ad
733 701 882 776 populum
894 715 994 770 suum,
1039 697 1176 756 hebreice
1189 702 1232 754 est
1244 677 1301 762 ‘itti
1315 699 1434 768 tropici,
1446 695 1479 753 id
1492 699 1535 756 est
1545 694 1663 765 cecidit,
1672 712 1700 766 q.
1712 695 1742 752 d.
1752 696 1833 752 Stan-

201 795 276 866 puta
287 790 320 846 in
332 787 438 847 limbo.
1038 782 1121 840 tibus
1133 787 1161 840 et
1173 783 1355 852 viventibus,
1370 797 1405 839 ae
1427 781 1597 840 videntibus
1618 779 1759 838 iratribus
1771 778 1832 835 suis

82 887 186 936 mnne
236 875 345 931 Verum
360 871 420 929 boe
440 873 484 930 est
500 869 709 944 improbabile.
727 869 801 928 Abel
825 869 905 927 enim
922 865 997 925 obiit
1039 866 1144 923 ismael
1152 865 1491 940 ceciditetobiii;idque
1499 863 1637 924 nonnihil
1645 867 1831 938 praemature,

84 948 171 1055 ff?
202 959 317 1032 liartyr,
336 970 408 1026 ergo
425 955 478 1013 ivit
494 956 534 1013 ad
551 954 694 1024 limbum,
714 950 776 1012 nob
796 955 836 1012 ad
854 955 996 1024 Purgato-
1039 964 1120 1006 anno
1131 949 1224 1006 aetatis
1236 952 1302 1021 1³7,
1317 965 1387 1006 cum
1397 949 1448 1008 alii
1461 953 1598 1024 parentes
1611 957 1641 1010 et
1652 947 1756 1007 fratres
1768 949 1832 1020 ejus

83 1022 135 1115 „¹¹¹
147 1021 190 1112 ’Ξ
201 1040 291 1099 rium.
303 1039 415 1098 SicNoe
425 1038 481 1096 tuit
491 1038 538 1094 vir
547 1039 645 1109 Justus
659 1042 747 1112 etque
760 1036 922 1110 perlectus,
934 1037 996 1093 imo
1040 1033 1150 1091 diutius
1161 1034 1287 1091 vixerint
1292 1053 1301 1105 ;
1315 1036 1396 1092 isaac
1404 1035 1485 1093 enim
1497 1036 1570 1092 vixit
1578 1051 1673 1094 annes
1682 1037 1745 1094 180.
1758 1035 1832 1094 llor-

83 1128 191 1182 tmbum.
203 1139 272 1181 cum
285 1125 344 1181 beo
358 1120 531 1180 ambulavit
553 1123 672 1178 iverunt
690 1135 761 1192 ergo
780 1121 813 1178 bi
832 1121 942 1195 aliique
956 1118 998 1177 ed
1038 1119 1109 1173 tuus
1121 1121 1165 1175 est
1188 1118 1292 1176 ismael
1305 1123 1375 1192 post
1392 1123 1519 1177 mortem
1538 1117 1663 1176 Abrabae
1683 1134 1764 1176 anno
1778 1121 1830 1176 is:

98 1188 181 1292 Ὗ
203 1207 331 1265 limbum
338 1225 348 1277 3
362 1221 425 1264 non
438 1211 539 1264 umen
552 1205 692 1264 dicuntur
703 1205 873 1278 congregati
889 1205 929 1262 ad
941 1220 997 1279 po·
1039 1205 1126 1258 natus
1138 1205 1182 1258 est
1194 1202 1274 1258 eninr
1285 1215 1365 1261 anno
1378 1200 1503 1259 Abrahae
1513 1203 1561 1262 86.
1571 1202 1719 1261 abrabam
1731 1206 1831 1260 autem

202 1291 310 1365 pulum
327 1305 434 1359 suum,
448 1290 521 1362 quia
533 1291 606 1346 tunc
624 1288 754 1347 necdum
766 1291 828 1346 erat
847 1287 994 1361 populus,
1039 1284 1200 1342 universim
1212 1285 1285 1341 vixit
1297 1299 1393 1342 annos
1406 1287 1469 1342 irs.
1483 1285 1538 1342 iiii
1551 1286 1594 1342 sic
1610 1289 1777 1360 exponunt,
1792 1303 1833 1344 ce-

203 1379 232 1432 et
244 1371 404 1430 multitudo
421 1373 571 1443 iustorum
591 1370 623 1428 in
642 1369 753 1439 iimb03
767 1369 820 1428 sed
840 1369 897 1443 ipsi
914 1370 996 1427 hunc
1039 1367 1120 1438 cidit,
1129 1369 1238 1425 seilicet
1246 1384 1312 1425 sors
1326 1370 1400 1440 ejus,
1408 1385 1436 1440 q.
1447 1368 1478 1426 d.
1489 1368 1634 1428 liabitavit
1644 1370 1747 1428 ismael
1757 1370 1832 1428 inter

202 1456 350 1531 populum
363 1455 522 1512 morientes
534 1453 678 1528 paulatim
692 1450 862 1510 adunaruirt
880 1456 909 1508 et
926 1467 996 1509 con·
1038 1448 1142 1508 iratres
1156 1466 1244 1523 suos,
1253 1451 1295 1509 uti
1304 1452 1832 1525 vertuntSeptuaginta,Gbaldmuset

203 1540 367 1598 stituerunt.
380 1539 455 1595 cum
467 1537 547 1594 enim
556 1536 672 1594 occisus
682 1540 726 1594 est
733 1535 817 1605 libel,
824 1535 926 1593 nullus
934 1539 996 1594 erat
1037 1534 1179 1593 arabicus
1193 1536 1241 1610 (i).
1256 1538 1364 1594 Verum
1383 1535 1468 1595 nulla
1490 1536 1578 1594 sortia
1596 1537 1644 1594 bic
1658 1537 1693 1597 fit
1708 1539 1829 1598 mentio.

169 1660 171 1664 -
203 1623 235 1680 in
249 1621 361 1691 limbo,
375 1619 429 1678 sed
439 1621 503 1695 ipse
515 1619 632 1694 primus
645 1632 682 1677 eo
694 1618 847 1676 concessit.
1038 1619 1120 1677 Unde
1129 1620 1277 1690 Pagninus
1289 1619 1389 1692 vertit,
1404 1626 1431 1678 et
1444 1627 1567 1680 mortuae
1581 1627 1622 1680 est
1636 1623 1685 1696 (5).

85 1711 128 1759 isse
145 1712 192 1757 tri·
239 1704 500 1764 ilicflniturtertia
518 1718 589 1778 pars
608 1705 847 1775 Geneseos,quae
859 1706 997 1761 estana·
1073 1703 1119 1759 20.
1141 1705 1299 1760 Birauaus
1322 1706 1388 1762 Suu
1412 1719 1449 1763 ns
1469 1708 1688 1776 Miserarum,
1704 1737 1741 1751 -
1753 1724 1780 1779 q.
1801 1708 1830 1764 o.
1845 1721 1949 1767 remae.

85 1775 192 1882 ‘⁰¹¹⁸‘ss
203 1789 314 1848 tivitate
333 1788 457 1847 ibrahre
471 1802 568 1860 usque
586 1787 627 1845 ad
649 1789 776 1845 mortem
796 1787 945 1858 eJusdem,
965 1787 997 1844 in
1038 1786 1159 1842 Bathuel
1172 1791 1234 1843 erat
1247 1791 1353 1860 Syrus,
1365 1788 1510 1848 oriundus
1520 1805 1557 1847 ex
1568 1789 1620 1848 illa
1633 1789 1723 1863 syria
1737 1794 1830 1865 parte,

85 1847 183 2002 ¹351.ae
203 1887 267 1948 qua
274 1869 529 2013 tetPeEeriusiinit
539 1870 659 1928 tertium
678 1884 767 1926 suum
779 1872 896 1928 tomum
910 1875 997 1928 Com·
1039 1885 1107 2011 gum
1119 1871 1335 2011 Mgsopotamia
1348 1872 1464 1967 elicitur.
1485 1875 1540 1931 Pro
1559 1889 1622 1948 quo
1638 1878 1710 1932 nota
1721 1880 1831 1948 mmo:
1844 1888 1950 1995 mm

288 1997 296 2012 ,
490 1996 498 2011 .
1434 1965 1443 2002 l
1654 1963 1660 1974 '
1767 1960 1773 1972 '
1811 1959 1832 2002 '.
1861 1963 1865 1992 ¹

85 1969 193 2138 wag„
204 1969 553 2108 miisslilnutirnxissuiliuc,
562 2036 746 2097 -beneiecit
752 2038 862 2109 isaaco,
873 2037 997 2099 ditando
1039 1970 1284 2119 οζζιΐιιιιῑιιῖζιεοξ
1293 1957 1425 2112 etthesliliire
1437 1959 1676 2109 νῗιὲξιιιῖιᾳίᾚῃηιιῖ
1688 1975 1775 2116 iffi
1788 1959 1832 2100 ffi-
1844 2011 1950 2117 ,iffi

93 2141 185 2192 ιιιιιιι,
205 2141 275 2185 eum
288 2125 336 2198 (i).
1039 2137 1089 2180 cas
1102 2123 1248 2181 Armenia.
1269 2123 1389 2180 Videtur
1402 2139 1473 2196 ergo
1486 2139 1524 2182 ex
1537 2125 1593 2184 bae
1607 2142 1679 2184 voce
1694 2125 1831 2198 iiebrea,
1844 2131 1920 2178 meus.

85 2204 195 2249 onum
242 2213 287 2266 ii.
303 2211 401 2267 lisera
414 2207 862 2278 ooooun,nriieui,urlilssi.
877 2233 913 2250 -
926 2207 999 2265 Sunt
1039 2206 1124 2279 quod
1142 2205 1226 2279 syria
1244 2206 1399 2277 latissime,
1423 2210 1456 2263 ut
1476 2222 1550 2266 mox
1572 2207 1683 2282 dicem,
1707 2214 1831 2284 patens,

98 2269 180 2376 iffi.
205 2292 459 2367 nomiuapropria
472 2291 563 2350 trium
576 2291 708 2349 filiorum
730 2289 870 2348 ismaelis.
885 2289 998 2348 Hebraei
1039 2289 1113 2348 olim
1132 2289 1211 2346 dieta
1229 2289 1266 2345 sit
1283 2288 1433 2360 armenia,
1447 2288 1487 2348 ab
1509 2294 1597 2350 liram
1609 2291 1672 2349 tilio
1685 2293 1767 2365 Sem,
1780 2308 1832 2352 ne·

85 2385 158 2432 ιιωιι
170 2391 194 2432 ιι
205 2391 241 2434 ea
252 2377 412 2447 conjuncta
428 2374 653 2450 proverbialiter
673 2377 839 2446 usurpant,
852 2373 997 2444 dicatum,
1039 2375 1109 2446 pote
1122 2374 1198 2443 Noe,
1212 2371 1305 2430 Genea.
1320 2387 1349 2430 x.

89 2447 184 2504 Μ’·
203 2475 324 2527 musmo,
337 2460 437 2530 dumo,
457 2473 588 2518 amasso.
604 2460 670 2528 Quo
689 2455 795 2515 volunt
815 2455 998 2527 significare,
1073 2457 1209 2527 &cunda
1227 2456 1312 2529 Syria
1328 2455 1411 2529 apud
1423 2455 1536 2531 priscos
1549 2457 1638 2531 longe
1651 2459 1767 2534 iateque
1780 2476 1833 2534 pa·
1874 2475 1951 2523 uuiti.

204 2544 299 2602 multa
311 2543 477 2613 audienda,
490 2541 616 2600 tacenda
633 2545 662 2599 et
678 2539 802 2598 terenda
818 2554 896 2610 esse;
912 2542 998 2614 quod
1038 2540 1137 2611 tebet,
1150 2557 1185 2598 ae
1198 2541 1308 2600 multas
1320 2540 1455 2612 regiones
1467 2541 1733 2616 complectebatur,
1743 2545 1833 2604 variis
1845 2538 1893 2610 1³‚101
1912 2539 1951 2597 St·

205 2629 649 2696 Gracidicuniiitgemitstga.
660 2624 999 2684 iiasmoeninabebreiee
1038 2623 1349 2695 cognominationibus
1367 2623 1535 2696 distinctas,
1549 2629 1584 2683 ut
1598 2630 1680 2700 patet
1694 2629 1718 2684 ii
1731 2629 1833 2700 Regum
1845 2611 1886 2644 ¹¹⁸·

205 2713 341 2772 auditum
353 2711 515 2784 signifieat,
532 2710 617 2768 duma
638 2709 808 2779 silentium,
820 2723 912 2766 moseo
925 2709 999 2767 tole·
1038 2723 1105 2782 cap.
1118 2723 1153 2779 x,
1166 2723 1242 2766 vers.
1255 2710 1316 2766 tet
1329 2710 1357 2764 8.
1818 2753 1822 2764 .

205 2797 341 2857 rentiam.
359 2796 447 2864 Quod
458 2795 521 2852 ltali
542 2794 644 2852 dicunt
655 2811 664 2852 a
677 2811 693 2848 ιι
705 2791 802 2862 iuti,
814 2791 900 2864 vide,
916 2795 998 2864 tace,
1074 2798 1167 2852 Primo
1180 2795 1276 2864 enim,
1289 2793 1371 2864 regio
1391 2793 1424 2850 in
1442 2807 1504 2867 qua
1525 2796 1684 2854 Damascus
1703 2801 1748 2854 est
1760 2798 1832 2870 sita,

205 2879 524 2952 sivisvivereinpace
537 2877 614 2949 (ita
1037 2883 1161 2936 vocatur
1182 2886 1274 2961 ptitti
1295 2885 1361 2938 biit
1381 2879 1469 2933 iram
1490 2879 1661 2946 Dommssee,
1683 2881 1767 2954 Syria
1779 2883 1833 2939 ba·

88 2971 192 3018 vanis.
240 2958 998 3036 15.Τιιειιι.-Αι)ιιοοἰιίωιεῑιοεὶοτὴοιιιιιι,ιά
1038 2961 1140 3020 masei.

205 3043 998 3118 meridiemidumeae,eujusrexiuitiiiiphaa,eniicus
1073 3045 1211 3112 Secunde,
1232 3044 1317 3118 Syria
1336 3044 1369 3102 in
1388 3060 1450 3118 qua
1470 3045 1525 3104 sita
1546 3049 1591 3103 est
1612 3047 1706 3119 zeba,
1725 3047 1832 3107 dieitur

205 3133 234 3192 S.
247 3132 303 3190 iob
310 3171 322 3203 ,
335 3125 388 3205 qui
402 3130 472 3187 inde
484 3127 667 3186 'themanites
681 3127 788 3186 dicitur
798 3127 846 3200 (3).
1038 3135 1142 3200 Aram,
1155 3130 1204 3187 vei
1217 3127 1301 3201 Syria
1313 3127 1402 3187 Zaba.
1417 3131 1466 3186 Est
1481 3133 1579 3187 eutem
1592 3129 1661 3202 illa,
1676 3147 1745 3206 quae
1758 3132 1832 3192 inter

85 3217 147 3267 vm.
157 3223 191 3264 ¹⁷·
240 3220 285 3275 ii.
300 3220 454 3274 aurosum
473 3220 525 3269 ssa
538 3225 578 3268 an
595 3225 726 3269 roruruu
743 3225 829 3269 sauri.
840 3235 877 3253 -·
886 3211 929 3266 iix
942 3209 998 3269 bac
1038 3213 1183 3272 Libanum
1196 3215 1226 3268 et
1237 3210 1439 3268 Antilibanum
1449 3212 1541 3283 jacet,
1554 3216 1583 3270 et
1593 3219 1735 3288 corrupto
1745 3231 1832 3274 voca·

204 3299 305 3375 phrasi
315 3299 460 3370 colligunt
471 3294 600 3363 Hebraei,
613 3294 765 3352 ismaelem
777 3297 847 3367 post
861 3293 961 3351 lusum
970 3295 999 3352 et
1037 3295 1112 3356 bulo
1126 3296 1247 3354 liebraeo
1260 3293 1355 3364 Zoba,
1368 3297 1447 3353 Cava
1456 3295 1549 3367 Syria,
1561 3300 1590 3354 et
1600 3298 1733 3356 eGraecis
1743 3299 1830 3370 Coele,

204 3385 390 3442 vexationem
410 3378 515 3450 isaaci,
537 3393 608 3435 cum
628 3377 721 3435 domo
740 3377 866 3436 libralia
888 3378 997 3448 ejectus
1038 3381 1080 3441 ob
1098 3380 1258 3438 demissam
1279 3395 1298 3436 a
1320 3377 1484 3435 decivitate
1509 3380 1657 3437 montium
1677 3382 1831 3454 planitiem
1916 3417 1920 3430 ·

203 3473 293 3539 esset,
315 3467 487 3524 mentemst
507 3463 599 3520 vitam
619 3467 763 3534 mutasse,
777 3466 854 3520 recte
873 3462 995 3533 vixisse,
1037 3466 1089 3540 (id
1101 3465 1185 3540 quod
1198 3462 1326 3520 liebraeis
1338 3466 1425 3518 sonat
1437 3462 1542 3534 iuba),
1557 3463 1637 3521 dicta
1650 3469 1704 3521 est.

203 3551 332 3625 ideoque
344 3549 492 3606 salvatum
504 3562 578 3604 esse.
592 3545 665 3602 Vide
678 3545 757 3602 dicta
769 3561 846 3601 vers.
860 3548 889 3602 8.
1075 3553 1179 3614 Tertio,
1203 3553 1297 3610 litim
1319 3555 1385 3607 biit
1400 3547 1487 3602 Aram
1506 3547 1665 3614 anteruim,
1678 3548 1711 3606 id
1724 3553 1768 3608 est
1780 3551 1832 3624 Sy·

86 3637 191 3688 vnis.
238 3637 284 3692 i8.
305 3629 567 3701 marma-Regio
588 3632 650 3699 est,
672 3641 734 3684 nou
754 3627 927 3699 radiasset
941 3626 997 3686 sile
1036 3632 1082 3693 ria
1092 3633 1222 3690 duorum
1234 3629 1412 3700 fluviorum,
1426 3633 1470 3686 est
1482 3631 1709 3704 Mesopotamia,
1723 3649 1791 3706 quae
1803 3637 1832 3690 et

202 3731 297 3792 prope
320 3717 470 3773 desertum
488 3714 555 3782 Sub
568 3712 644 3768 inter
656 3713 815 3783 AESyPiUffl
825 3751 836 3780 ι
848 3709 997 3783 Assyriam
1037 3716 1208 3774 interamnis
1231 3714 1355 3784 dicitur,
1377 3713 1450 3787 quia
1466 3712 1541 3770 inter
1554 3713 1733 3787 Euphratem
1748 3720 1777 3772 et
1788 3716 1832 3773 ri-

204 3804 233 3860 at
252 3800 449 3869 Palaestinam
468 3797 506 3854 de
519 3811 582 3869 qua
593 3809 660 3868 cap.
675 3809 713 3862 ιι,
734 3807 810 3850 vers.
827 3794 873 3849 ii.
887 3791 996 3850 Posteri
1037 3802 1114 3873 grim
1126 3801 1246 3856 sitaest,
1263 3798 1373 3856 Eadem
1394 3797 1501 3854 dicitur
1520 3805 1577 3878 'aa
1594 3806 1661 3859 biit
1679 3799 1766 3856 Aram
1780 3816 1832 3872 pa.

203 3897 275 3955 ergo
292 3883 396 3940 ismael
412 3895 535 3938 omnem
556 3878 643 3935 illum
661 3881 805 3947 uectum,
822 3875 909 3950 quia
927 3875 996 3934 sinu
1037 3885 1110 3950 don,
1124 3883 1211 3957 quasi
1232 3883 1329 3950 dieas,
1351 3881 1434 3954 Syria
1447 3881 1628 3953 campestria.
1643 3884 1740 3938 Parion
1751 3883 1830 3939 euim
1844 3894 1950 3947 aurisia

204 3967 318 4027 Persico
326 3964 471 4040 usquead
482 3962 632 4035 Assyriam
644 3961 842 4034 protenditur,
855 3960 996 4034 possode·
1036 3966 1140 4038 lingua
1149 3965 1321 4038 ismaelitica
1332 3963 1478 4035 significat
1489 3979 1606 4034 agrum,
1619 3965 1830 4038 seuregionem
1845 3966 1876 4004 ⁰⁸²
1894 3972 1951 4004 Μ’

203 4055 288 4122 runt,
303 4065 370 4124 qum
384 4047 474 4105 bodie
486 4048 608 4120 putatur
622 4043 817 4108 dici'Gabana.
1037 4053 1231 4123 campestrem
1247 4049 1293 4118 (6).
1319 4049 1400 4106 Unde
1417 4051 1447 4104 et
1459 4047 1548 4104 italiae
1562 4047 1670 4104 fluvius
1684 4049 1832 4106 nobilissi·
1844 4021 1928 4078 ΡΜ·

239 4137 336 4194 Gonia
355 4143 473 4191 cureris
485 4128 784 4202 arianista-quia
800 4125 905 4185 lsmael
921 4127 997 4184 inter
1037 4149 1119 4203 mus,
1133 4132 1230 4189 Padus
1241 4130 1358 4201 dicitur,
1369 4131 1503 4203 quiaper
1513 4130 1619 4204 pianes
1631 4132 1766 4203 regiones
1778 4133 1830 4190 diu

1036 4219 1111 4276 fluit.
1126 4217 1171 4274 Sic
1184 4214 1304 4272 Baihucl
1317 4215 1365 4272 bic
1377 4213 1483 4271 dieitur
1499 4215 1601 4288 Syrus,
1615 4215 1687 4288 quio
1699 4218 1830 4290 biesopc·

234 4278 273 4346 (t)
283 4279 404 4343 versit,
414 4276 671 4342 progeneratoribus
687 4273 731 4326 aiii
741 4278 858 4338 vertunt,
867 4273 995 4322 armatum
1036 4302 1161 4372 tamus,
1183 4304 1255 4374 puta
1278 4298 1423 4356 oriundus
1438 4313 1476 4354 ex
1488 4301 1600 4369 flam,
1612 4297 1687 4355 urbe
1700 4301 1832 4373 Mesopo.

203 4353 322 4406 matrem,
337 4363 388 4414 quc
402 4348 458 4400 scil.
470 4348 564 4412 singuli
576 4347 628 4398 sint
638 4346 702 4398 nati.
1101 4385 1106 4398 ,

233 4419 272 4484 (ἱ)
289 4435 304 4467 α
320 4419 351 4470 lli
375 4419 484 4484 (omues
506 4419 617 4470 ismaelis
636 4417 704 4481 iiiii)
725 4424 821 4468 terram
842 4428 944 4465 omnam
963 4415 996 4466 ab
1037 4391 1144 4444 tamlae·
1339 4464 1345 4477 ‚
1526 4465 1531 4476 ,
1603 4463 1608 4474 ,

203 4487 460 4553 inpurissimae
479 4491 593 4540 auarum
607 4488 791 4552 perungentem
804 4485 936 4547 ιιιιιιιι,
956 4499 996 4535 ιι-
1075 4470 1196 4534 Quarto,
1218 4469 1263 4522 esc
1282 4464 1832 4538 Syrreiiaecha31iamctaestauaa-

202 4559 304 4624 gionem
321 4561 471 4612 Νιιιιιιιιαιι
483 4560 669 4623 appellantes.»
684 4560 723 4609 ιιι
734 4557 865 4620 iosaphat,
876 4558 993 4607 arctoos.
1040 4552 1109 4621 cha,
1124 4549 1187 4608 iilio
1200 4548 1361 4608 Nachorcx
1373 4548 1468 4606 Roma
1480 4561 1584 4619 uxore,
1601 4547 1665 4606 Gen.
1676 4563 1741 4622 cap.
1752 4563 1829 4620 xxii,

202 4631 248 4682 lib.
260 4631 622 4696 i,cap.1u,§t.irrienusin
634 4631 731 4690 periplo
742 4630 840 4694 regiam
848 4627 996 4679 Nabatbaeo·
1039 4651 1115 4692 vers·
1131 4633 1185 4690 ult,

202 4713 261 4753 ram
275 4705 373 4754 Petram
384 4705 474 4753 urbem
486 4715 537 4752 esse
546 4708 641 4765 narrat,
651 4714 709 4765 qum
718 4699 786 4752 inter
796 4701 880 4751 laeum
889 4698 995 4762 Aspbal-

204 4771 269 4824 titen
281 4781 307 4824 et
321 4775 407 4824 annm
419 4773 556 4825 Arabicum
572 4773 622 4823 sita
634 4773 676 4824 sit.
922 4813 926 4818 .

233 4843 270 4908 (a)
282 4851 447 4906 ningnsunt
458 4847 660 4906 malperianus
674 4842 835 4904 Nomadum,
849 4839 886 4891 alt
900 4841 996 4891 Rosea-
1069 4833 1101 4898 (i)
1118 4831 1156 4883 lta
1172 4836 1200 4882 et
1221 4828 1424 4911 Rosenniuiierus
1442 4831 1498 4892 post
1517 4823 1652 4906 clericum.
1673 4811 1730 4888 ιω]
1744 4824 1829 4892 eninr,

202 4913 336 4978 mullerus,
357 4914 474 4964 tentoriis
493 4913 521 4964 in
543 4915 632 4964 orbem
653 4912 741 4978 positis
760 4916 916 4974 constantes,
933 4923 996 4973 quos
1037 4905 1125 4968 aiunt,
1140 4915 1192 4952 non
1209 4899 1274 4982 solet
1288 4913 1336 4949 nisi
1349 4899 1381 4950 de
1396 4902 1549 4980 praematura
1560 4902 1606 4948 ant
1622 4893 1733 4946 violenta
1746 4902 1828 4946 morte

202 4983 330 5034 Tartarico
343 4985 466 5035 vocabulo
477 4985 652 5035 Hortedicere
665 4983 782 5034 solemus.
798 4989 888 5042 mnan
907 4985 995 5030 comas
1037 4973 1154 5038 usurpari
1159 4989 1169 5038 3
1182 4979 1255 5037 atqui
1259 5009 1269 5036 ‚
1279 4983 1342 5022 vers.
1364 4969 1517 5034 li,d1c1tur
1528 4967 1619 5020 banael
1636 4968 1750 5029 &etcum
1766 4979 1830 5018 nor·

201 5054 355 5118 postomia,
367 5055 395 5105 iu
412 5055 506 5119 quibus
521 5061 580 5106 suut
593 5054 684 5118 pabula
692 5090 700 5116 ‚
712 5051 907 5102 eme-sidentur.
921 5050 996 5101 Vide·
1039 5060 1094 5100 tuus
1105 5062 1165 5096 esec.

203 5121 262 5172 linet
275 5123 413 5188 Nomades,
430 5127 518 5190 quales
537 5125 669 5176 ismaelita
684 5125 805 5182 luerunt,
818 5133 877 5171 suos
892 5119 996 5183 quidem
1071 5094 1339 5184 (mitereturffitn
1347 5107 1699 5190 ble‚utsuprau‚t,etintba
1706 5111 1830 5171 munst,

202 5203 291 5256 greges
303 5207 347 5258 per
360 5196 413 5246 elta
425 5196 525 5248 timeris
537 5198 585 5246 sub
600 5195 643 5246 dio
659 5193 807 5258 pascebant,
818 5191 937 5241 videntur
954 5197 998 5240 ta-
1038 5203 1090 5241 uon
1107 5188 1182 5238 modo
1201 5188 1395 5246 generationem,
1406 5183 1450 5233 sed
1464 5183 1542 5232 etiam
1555 5181 1686 5231 historiam
1701 5183 1728 5228 et
1740 5190 1831 5230 narra·

202 5274 262 5313 men
275 5270 302 5314 et
319 5265 456 5330 aliquanda
469 5280 537 5318 casas
551 5280 610 5316 eum
629 5265 735 5316 subtilis
750 5261 881 5324 babuisse,
896 5261 923 5310 in
939 5273 997 5324 quaa
1039 5260 1135 5310 tionem
1156 5257 1187 5307 de
1208 5256 1241 5306 iis
1260 5267 1317 5318 quaa
1337 5259 1477 5306 evenerunt
1497 5254 1592 5315 baare,
1605 5251 1718 5302 denotat.
1746 5319 1751 5332 ι

201 5344 290 5397 greges
308 5339 474 5402 cogebantur,
488 5337 599 5388 maxime
617 5335 723 5399 quidem
742 5345 802 5384 cum
819 5332 995 5395 tonderentur,
1070 5331 1104 5392 (6)
1114 5336 1216 5388 campos
1225 5319 1779 5386 Mesopotamiacartiuemommieautib.
1786 5318 1829 5383 iii,

203 5400 397 5460 ”dietmar
410 5406 551 5460 maritatis
562 5417 645 5456 musa.
1038 5403 1064 5463 ¹,
1080 5405 1107 5462 ες
1121 5411 1177 5461 cap.
1191 5410 1252 5460 vui,
1268 5400 1292 5460 i,
1305 5402 1354 5447 etc.
