4020 6026
237 241 260 306 ll

239 351 426 440 violaretur,
449 350 614 442 efferebat,
635 377 673 424 ec
692 353 853 447 heiparae,
872 373 969 444 qnam
986 361 1061 423 voto
1078 361 1263 444 noncupato
1275 347 1487 442 implorabat,
1502 372 1562 443 opc
1571 405 1581 440 ,
1595 339 1773 442 periculum
1789 367 1854 424 non

213 489 217 500 ·
239 459 308 528 sine
329 461 476 530 miraculi
497 461 646 550 opinione
663 461 842 530 dimussum
855 471 918 546 est;
934 460 1002 548 ipse
1022 460 1103 528 miro
1122 458 1323 550 providentie
1336 469 1475 528 serretus
1493 460 1674 528 incolumis.
1699 461 1854 530 mierum

239 587 335 657 quem
352 584 517 657 nonquam
529 565 578 638 illi
592 563 744 638 exciderit
759 565 877 658 cupido
890 561 1050 655 martyrii,
1065 566 1140 634 setis
1154 584 1192 634 ee
1208 559 1308 636 rerba
1317 563 1494 653 deotemnt,
1507 565 1625 658 quihus
1639 575 1764 636 sanctos
1777 587 1856 657 qua-

238 683 312 742 tuor
334 673 519 763 Prophetas,
545 673 690 743 absoluto
708 674 743 740 in
764 689 877 741 corum
897 668 1049 739 vaticinia
1069 669 1317 758 Commentario,
1337 671 1382 739 lte
1400 669 1568 762 compellat
1591 693 1599 740 ε
1622 672 1853 764 oOProphetre

240 781 380 866 Domini,
395 781 516 850 lecistis
529 801 581 848 me
600 781 774 870 prophetice
792 788 904 848 restrae
923 790 954 846 et
972 777 1141 847 doctoralis
1162 778 1279 847 lanrcae
1303 779 1491 868 participem
1502 805 1512 866 ;
1536 779 1647 866 facite,
1671 801 1794 870 queso,
1821 790 1854 848 et

241 887 398 977 martyrii,
418 897 456 956 nt
477 897 510 956 et
530 907 592 976 ego
609 886 792 971 veritatem,
813 907 908 976 quom
924 907 943 952 a
957 881 1152 953 vobisheusi
1165 886 1307 974 aliosque
1320 883 1430 970 docui,
1447 894 1478 953 et
1489 887 1679 976 conscripsi,
1698 888 1854 976 sanguine

240 1013 312 1062 meo
324 992 503 1082 obsignem.
525 994 588 1060 Nec
607 991 694 1060 enim
711 1002 784 1060 ante
798 991 956 1080 perlectus
973 1003 1004 1058 ct
1017 1001 1258 1060 consummatus
1269 991 1330 1059 erit
1342 990 1522 1060 doctoratus
1535 1011 1643 1079 meus,
1665 995 1727 1062 nisi
1739 993 1799 1062 hoc
1812 993 1855 1063 si-

238 1099 315 1187 gillo
334 1099 453 1190 pariter
473 1097 655 1178 claudatur,
678 1119 698 1166 s
718 1098 849 1186 triginta
873 1117 972 1186 prope
993 1097 1085 1166 annis
1098 1096 1265 1166 vobiscum
1287 1109 1320 1168 et
1337 1115 1397 1186 pro
1418 1097 1511 1167 robis
1531 1099 1663 1186 lubens,
1684 1100 1854 1190 volensque

239 1207 424 1274 conhnuum
437 1203 536 1272 subeo
547 1205 739 1294 martyrium
753 1202 909 1293 religiose
921 1203 1009 1288 vite,
1024 1214 1056 1272 et
1067 1204 1258 1292 mcnyrium
1269 1203 1515 1292 egritudinum,
1529 1206 1721 1296 modum
1732 1205 1854 1274 toedio

238 1332 312 1382 rum
332 1320 365 1380 ct
381 1309 562 1400 scriptionis
577 1333 586 1380 s
601 1312 785 1402 impetrate,
801 1308 952 1395 obsecro,
968 1307 1050 1378 mihi
1061 1329 1121 1399 pro
1140 1310 1289 1380 coronide
1306 1318 1339 1378 ct
1351 1315 1500 1400 quartum
1523 1311 1712 1401 mntpdurn
1724 1312 1854 1401 sangn-

239 1419 300 1487 nie.
316 1417 456 1486 llahausi
467 1436 527 1507 pro
539 1415 630 1486 echis
643 1417 774 1507 spiritus
787 1415 900 1486 sitclee
912 1425 945 1484 et
962 1416 1132 1502 enimeles;
1148 1416 1333 1486 exhauriam
1346 1426 1379 1484 et
1398 1417 1599 1505 sanguinem.
1615 1417 1725 1489 Omnis
1737 1417 1855 1488 leborle

238 1524 303 1594 mei
321 1542 378 1612 per
397 1533 478 1593 totos
500 1543 601 1592 annos
620 1524 787 1608 exantlati,
806 1543 870 1612 qno
891 1543 948 1592 sos
967 1521 1138 1610 deigratia
1149 1521 1304 1611 explicui,
1321 1522 1495 1610 illustrari,
1510 1534 1542 1592 et
1553 1545 1636 1594 noso
1649 1543 1796 1596 sermone
1807 1526 1855 1598 lo·

238 1639 371 1720 quentm
381 1639 414 1698 et
426 1630 649 1720 prophetantes
668 1630 774 1713 effeci,
789 1649 826 1697 sc
844 1629 1010 1698 vobiscum
1024 1628 1116 1718 quasi
1127 1629 1328 1717 prophetavi,
1340 1639 1482 1698 restrum
1495 1629 1575 1698 mihi
1588 1630 1681 1720 quasi
1692 1632 1854 1722 propheo

237 1737 449 1828 stipendium,
470 1737 659 1826 martyrium
679 1737 767 1822 dico,
782 1739 905 1806 sPutre
919 1735 1080 1804 luminum
1098 1755 1188 1824 eque
1201 1755 1238 1803 ac
1256 1735 1507 1804 misericordem
1520 1735 1672 1810 obtinete.
1690 1761 1708 1804 s
1728 1741 1800 1808 llos
1812 1739 1853 1810 sd

238 1841 454 1912 beatissimam
474 1843 531 1911 Dei
551 1844 681 1912 llatretn
701 1861 890 1926 conserens,
910 1842 963 1910 cui
979 1863 1013 1910 se
1033 1861 1155 1932 suaque
1174 1841 1281 1910 omnia
1294 1840 1443 1929 deberat,
1459 1858 1555 1933 aqua
1573 1845 1688 1914 inisset
1701 1845 1853 1937 indignus

239 1949 279 2020 ed
297 1959 438 2018 nucum
457 1947 531 2018 Filii
543 1950 615 2037 ejus
636 1949 823 2046 Societatem
841 1959 986 2032 recatus,
1006 1948 1041 2016 in
1062 1967 1099 2016 ea
1115 1948 1198 2016 miro
1216 1947 1311 2016 modu
1329 1947 1484 2036 directus,
1504 1951 1647 2039 adjutus,
1663 1953 1853 2041 instructus,

239 2055 384 2145 martyrii
400 2075 435 2125 se
455 2076 514 2145 per
529 2075 600 2123 eam
617 2067 794 2144 compotem
812 2053 882 2122 fieri
893 2055 1047 2144 postulat;
1064 2055 1179 2122 deinde
1192 2055 1361 2124 hominum
1373 2057 1499 2141 mum,
1515 2075 1656 2126 amorem
1670 2068 1781 2146 tunna,
1797 2079 1855 2151 per

238 2162 404 2232 Genitricis
416 2171 449 2232 et
461 2163 690 2251 Prophetarum
706 2161 879 2250 pmmerite
898 2161 1014 2230 obnixe
1033 2159 1202 2248 efflagitet,
1216 2179 1258 2227 ne
1279 2160 1416 2228 inertem
1436 2173 1511 2250 egat
1526 2161 1643 2252 dmm,
1659 2183 1700 2234 ne
1718 2167 1854 2238 inertem

240 2269 273 2340 in
292 2269 374 2338 lecto
390 2281 543 2353 mortem,
559 2267 615 2337 sed
628 2269 718 2356 ligno
730 2268 867 2355 illatam,
884 2279 939 2336 aut
956 2267 1053 2335 lerro.
1068 2267 1125 2334 llis
1140 2273 1351 2336 conmutanee
1364 2267 1454 2335 lucra
1472 2279 1657 2338 ceterarum
1670 2284 1855 2344 ornaments

240 2376 414 2458 virtutum,
430 2395 501 2464 que
516 2373 643 2462 longius
655 2373 805 2464 prosequi
817 2393 882 2444 non
896 2385 944 2442 est
956 2373 1055 2462 hujus
1070 2389 1187 2462 opere.

284 2481 369 2552 ttihit
381 2481 437 2550 illo
450 2479 551 2550 videri
563 2480 669 2570 potuit
678 2480 803 2566 mitius,
825 2479 906 2549 nihil
920 2478 1108 2566 modestius,
1124 2479 1205 2548 nihil
1218 2482 1455 2570 nmpmsntios.
1471 2487 1547 2552 'lem
1560 2485 1676 2556 humill
1688 2499 1756 2558 emt
1766 2489 1807 2559 ds
1821 2511 1855 2560 se

239 2607 335 2660 sensu
347 2587 381 2656 in
394 2597 483 2656 tenta
494 2585 646 2656 doctrino
659 2597 756 2677 atque
769 2589 874 2656 omnis
886 2587 1036 2656 hnmsnae
1048 2586 1226 2677 divineque
1246 2588 1638 2680 sapientissimorum
1655 2595 1852 2666 affirmaret:

243 2721 263 2762 s
273 2695 353 2764 tere
367 2703 400 2764 et
413 2692 448 2760 in
461 2693 654 2764 conscientie
670 2715 759 2779 raes,
774 2693 980 2763 stultissimus
997 2693 1142 2764 virorum
1156 2713 1216 2782 ego
1228 2713 1319 2780 sum,
1334 2704 1367 2763 et
1379 2695 1533 2786 sepientis
1545 2699 1715 2772 hominum
1728 2715 1856 2775 nonest

96 2819 104 2834 ¹
241 2819 382 2887 mecom3
396 2819 470 2870 eum
480 2819 562 2889 puer
572 2799 724 2890 parvulus
736 2801 880 2870 nesciens
892 2800 1059 2868 mucium
1072 2810 1104 2868 et
1117 2799 1236 2868 exitum
1248 2819 1370 2872 meam
1384 2803 1500 2871 stlibl
1512 2825 1641 2896 qnoque
1653 2809 1699 2876 lts
1711 2829 1854 2898 pronun·

240 2907 297 2980 fist
314 2927 323 2976 ο
343 2907 625 2995 «temperante
638 2907 730 2976 annis
742 2927 832 2976 sacro
843 2906 921 2974 huic
934 2905 1043 2976 studio
1054 2903 1225 2991 incumbo,
1241 2905 1318 2976 asu
1330 2908 1425 2976 anuis
1436 2909 1519 2977 nihil
1532 2911 1620 2980 alind
1636 2932 1714 3003 spo,
1731 2917 1808 3006 quin
1822 2931 1855 2986 st

241 3013 392 3086 mounuo
405 3033 510 3082 sueres
522 3011 642 3082 litteras
661 3011 778 3099 doceo,
793 3025 825 3081 et
837 3023 945 3080 umen
957 3011 1076 3098 senno,
1093 3029 1189 3100 quam
1202 3032 1317 3102 perum
1330 3013 1365 3082 in
1378 3014 1425 3084 eie
1437 3017 1636 3106 pmieccrim.
1653 3040 1670 3082 s
1690 3022 1855 3110 ltellgiosc

241 3119 418 3192 severitatis
430 3119 510 3188 edeo
523 3129 616 3188 tenax
626 3117 702 3204 luit,
717 3131 754 3188 nt
765 3138 807 3188 ns
819 3118 899 3210 quid
910 3117 968 3187 illa
979 3127 1106 3206 caperet
1116 3139 1176 3187 sus
1186 3139 1282 3190 cause
1294 3119 1494 3208 detrimenti,
1506 3125 1604 3192 nollet
1614 3119 1678 3195 sibi
1689 3129 1854 3218 qutdpiatn

242 3227 395 3298 eximium
407 3227 449 3296 ad
461 3225 579 3296 victum
592 3227 742 3315 proponi,
756 3227 882 3296 temetsi
898 3226 1078 3294 reletudine
1095 3245 1222 3314 semper
1238 3236 1321 3294 emet
1340 3225 1564 3315 imbecillima,
1580 3233 1671 3300 annis
1684 3233 1852 3323 impedite,

242 3333 354 3404 studiis
367 3331 512 3402 llecleeie
523 3331 579 3400 ltei
591 3332 763 3422 profuturis
775 3333 934 3420 impense,
949 3351 1009 3400 nee
1021 3341 1127 3420 posset
1140 3330 1264 3416 edulie,
1280 3351 1353 3420 quse
1365 3332 1486 3402 cetui·
1498 3336 1758 3424 epponehentur,
1780 3357 1856 3410 son-

89 3445 98 3474 '
243 3440 347 3513 ficem.
370 3437 557 3507 Ohedientie
572 3437 622 3506 illi
644 3456 787 3527 semper,
805 3448 839 3507 at
853 3437 996 3507 tentatis
1012 3438 1257 3526 amorprnrita
1270 3438 1343 3506 true
1359 3441 1445 3506 lianc
1458 3439 1493 3506 in
1507 3443 1595 3512 omni
1608 3445 1778 3534 scriptione
1791 3445 1856 3537 prl-

243 3565 327 3620 msm
341 3543 471 3628 habuit,
484 3543 572 3614 illam
594 3563 670 3613 rem
693 3543 866 3614 ductricem
885 3543 928 3613 ed
948 3542 1153 3633 proferendas
1173 3543 1359 3632 scriptiones
1381 3543 1422 3614 ed
1442 3545 1604 3634 publicam
1626 3549 1753 3638 lucem,
1778 3571 1854 3642 quas

242 3651 384 3742 alioquin
405 3659 521 3720 eterno
540 3649 643 3720 luerat
661 3650 869 3720 damnaturus
890 3650 1028 3720 silentio.
1052 3649 1108 3719 llis
1128 3649 1183 3718 ille
1206 3647 1320 3718 studiis
1340 3651 1556 3720 monuments
1572 3653 1732 3743 intentus,
1754 3679 1855 3748 quum

245 3759 288 3830 70
300 3767 477 3846 superasset
489 3777 589 3826 onnus
602 3757 717 3840 etatis,
729 3754 873 3826 debitum
885 3756 1015 3825 tandem
1029 3766 1150 3824 natura
1162 3753 1270 3840 solvit,
1284 3756 1319 3823 in
1333 3755 1417 3824 Urbe
1428 3769 1549 3838 emota,
1562 3759 1620 3828 ubi
1631 3777 1757 3852 semper
1768 3777 1857 3854 epta-

243 3875 296 3937 rat
307 3873 485 3936 sanctorum
501 3861 625 3934 ossibus
637 3882 696 3932 sue
708 3862 856 3948 miscere,
872 3861 924 3931 die
939 3863 980 3932 ti
994 3861 1119 3948 martii,
1134 3881 1219 3930 anno
1235 3861 1332 3932 1637.
1348 3861 1486 3931 Cadaver
1502 3866 1686 3935 auctoritate
1699 3871 1856 3958 msjmnm

245 3969 373 4061 proprio
387 3969 546 4038 inclusum
559 3968 679 4056 loculo,
696 3979 732 4038 ut
745 3967 821 4038 olim
836 3969 1010 4038 internosci
1027 3978 1149 4057 posset,
1164 3967 1334 4037 humatum
1346 3979 1404 4036 est.
1425 3969 1591 4058 culmus
1611 3971 1712 4063 ipsius
1724 3993 1855 4066 operum

245 4087 307 4162 est,
323 4077 379 4165 qui
391 4077 533 4165 sequitur
557 4103 565 4144 ι
586 4075 815 4146 Commentario
835 4077 873 4144 in
891 4075 1136 4146 Pmtoteuchum
1159 4073 1276 4152 nore,
1291 4073 1474 4164 Antnerpiee
1496 4077 1601 4164 1616,
1619 4099 1749 4149 rursum
1772 4084 1856 4154 toas

246 4182 387 4268 iu-iolio;
410 4182 445 4250 in
466 4181 566 4250 libros
586 4181 695 4259 sucu,
719 4179 882 4259 ludiosis,
906 4181 1015 4259 Ruth,
1039 4181 1175 4270 mpetu,
1190 4180 1467 4268 Purolipootmors,
1487 4183 1669 4274 snuerpie
1688 4187 1789 4276 1612,
1808 4191 1858 4259 in-

247 4289 337 4375 folio,
353 4288 388 4356 in
400 4287 499 4358 libros
512 4288 642 4367 Erico.
657 4287 834 4374 dichorio,
849 4286 964 4364 Tobiae.
978 4287 1104 4366 iudith,
1120 4286 1252 4366 nosse,
1267 4285 1535 4368 llocleodocrsert,
1557 4293 1737 4382 Antuerpte
1752 4291 1855 4384 ldtt;

246 4395 283 4464 in
301 4393 472 4466 Propertio
490 4392 681 4479 Solomonis,
704 4393 888 4482 Antuerpie
906 4405 937 4462 et
953 4392 1082 4463 Parisiis
1099 4391 1183 4481 apud
1202 4391 1363 4482 Gramoisy
1378 4392 1481 4480 1636;
1497 4394 1533 4462 in
1550 4395 1778 4481 Ecdicium,
1794 4406 1858 4474 dn·

250 4500 381 4588 tuerpise
395 4498 492 4584 1638,
505 4499 630 4570 Parisiis
644 4498 746 4584 1639;
759 4499 794 4566 in
807 4498 1021 4586 Sapientiores
1035 4499 1070 4568 in
1084 4497 1250 4569 Contineo
1262 4497 1530 4580 Gmuicoromrin
1543 4501 1858 4588 Emissicetieeertcln

250 4613 386 4695 quotuor
397 4603 569 4691 Prophetas
581 4603 742 4691 Meieresr
755 4604 791 4672 in
803 4603 970 4676 duodecim
983 4605 1156 4692 Prophetes
1168 4605 1330 4683 Miserere
1343 4603 1377 4672 in
1392 4611 1527 4695 quatuor
1538 4610 1611 4676 lma
1626 4609 1740 4678 Christi
1752 4613 1859 4683 Eue-

249 4711 354 4799 pelior
366 4709 496 4778 iudom
508 4711 749 4796 spectatorem·
761 4711 797 4778 in
809 4729 919 4780 omnes
931 4711 971 4780 D.
988 4710 1084 4780 Posti
1096 4709 1242 4796 Apostoli
1252 4709 1479 4797 Epietelmin
1492 4711 1654 4800 Epistula
1666 4715 1858 4802 (ἔωοοοοοος

249 4816 286 4886 1ο
297 4815 521 4903 Apocalypsin
533 4811 567 4885 S.
583 4815 716 4888 tooooo
728 4816 883 4903 Apostoli.

293 4919 872 5011 umpmtimpertccoiuttbrostut.
885 4922 1140 4996 ceruleum

898 5151 1214 5200 m
