4134 6056
665 269 959 332 communiant
976 268 1135 341 abbatili,
1152 281 1216 330 car.
1234 273 1267 330 u.
1746 269 1782 332 ab

135 375 193 436 'vel
209 392 267 450 per
287 374 483 448 creationem,
498 373 533 434 ut
550 371 617 434 vult
631 375 665 433 o.
679 375 822 447 mama,
832 374 880 434 vel
892 389 947 450 po-
986 374 1068 434 unde
1082 375 1291 434 convenienter
1308 387 1345 434 ex
1359 373 1426 434 viro
1444 373 1573 434 formata
1589 377 1633 434 est
1651 372 1781 444 lamina,

140 460 206 517 tius
220 463 349 518 exterra
366 463 396 516 et
411 475 478 517 aere
488 457 695 517 circumstante
709 459 794 532 (nam
806 463 875 534 post
887 457 948 533 pri·
987 458 1064 517 sicat
1076 474 1113 517 ex
1126 474 1182 517 sno
1193 457 1350 534 principio.

140 558 233 602 mam
243 541 593 602 vcramcreatiouemsex
605 541 732 615 dierum,
743 545 819 601 aeus
832 541 948 600 nullam
1024 542 1163 609 »Qumtc
1180 557 1250 600 vero
1267 543 1310 598 est
1326 540 1401 599 ratio
1419 541 1649 600 sacramentalis.
1663 540 1783 615 rigara—
1795 554 1882 607 caua

140 627 282 686 materiae
295 631 410 701 partem
423 627 461 684 de
474 640 556 685 novo
567 626 724 701 produxit)
738 623 868 684 mirabili
880 625 948 686 arti·
987 627 1037 682 tur
1048 626 1130 684 enim
1142 642 1197 700 per
1208 627 1282 697 boc,
1296 625 1381 699 qaod
1393 625 1520 684 Ecclesia
1533 644 1551 685 a
1564 627 1677 684 Christo
1693 628 1782 688 sumit

141 711 221 768 ticio
233 712 390 769 mulierem
404 709 571 769 efformavit
580 751 589 782 ,
603 709 688 769 sicuti
707 726 744 768 ex
762 711 826 770 luto
838 709 948 768 torma·
987 711 1184 784 principium
1204 710 1286 770 nude
1299 710 1457 785 Apostolus
1480 711 1551 770 dicit
1574 711 1611 768 ad
1631 714 1725 785 Epltes.
1738 728 1757 770 ι
1772 731 1780 770 :

142 794 188 851 rit
202 795 365 852 adamum.
383 794 465 852 Unde
483 791 626 853 Arabicus
639 793 740 866 verbi,
754 809 868 853 aescae
880 796 948 864 tecit
987 794 1206 853 Sacramentum
1216 794 1276 852 hoo
1288 810 1432 867 magnum
1445 797 1489 852 est
1498 837 1508 867 ,
1518 810 1573 867 ego
1585 799 1685 854 autem
1697 795 1781 868 dico,

144 884 254 936 costam
268 881 404 936 sublatam
416 878 450 934 de
462 879 555 936 acam
567 879 721 946 mutuam,
736 877 768 937 id
781 882 824 936 est
837 878 869 937 in
881 892 948 938 mu·
988 876 1020 934 in
1032 876 1145 936 Christo
1159 881 1188 936 et
1200 879 1231 936 in
1243 876 1378 936 Ecclesia.
1394 896 1408 933 a

143 961 255 1021 liorem
262 983 273 1035 3
297 978 360 1021 non
382 965 427 1020 est
449 961 671 1032 barbarismus,
694 962 747 1021 sed
768 960 946 1021 arabismus.
1024 962 1058 1018 at
1081 961 1112 1019 in
1132 965 1188 1019 art.
1210 963 1227 1020 3
1252 980 1260 1021 :
1283 961 1513 1033 «conveniens,
1527 963 1584 1035 ait,
1600 963 1656 1022 luit
1677 963 1782 1023 mulie·
1795 970 1882 1026 urba.

144 1045 263 1104 Arabes
280 1047 360 1105 enim
375 1049 475 1104 carent
488 1045 697 1119 praepositione
709 1049 755 1111 ta,
769 1061 838 1120 quaa
852 1048 948 1104 mute·
987 1058 1052 1102 rem
1064 1041 1189 1103 formari
1205 1045 1243 1102 dc
1256 1047 1337 1103 costa
1349 1045 1414 1103 viri.
1428 1047 1522 1103 Primo
1537 1047 1675 1120 quidem,
1689 1049 1729 1106 ad
1744 1046 1782 1107 si·

143 1129 265 1188 tionem
278 1129 326 1189 vel
339 1132 455 1187 motum
468 1128 508 1186 ad
523 1128 624 1186 locum
639 1127 792 1200 significat.
807 1128 889 1186 Unde
903 1127 948 1186 di·
987 1125 1209 1200 gnificandnm,
1224 1127 1308 1202 quod
1321 1127 1397 1185 inter
1408 1127 1507 1186 virum
1520 1132 1549 1186 ct
1563 1131 1718 1189 mulierem
1732 1132 1782 1191 de·

145 1214 416 1280 cantriciturbem,
425 1212 457 1269 id
468 1211 681 1269 estinurbem.
695 1211 834 1270 concutit
847 1227 947 1285 macae
987 1210 1057 1269 beat
1074 1226 1137 1270 esse
1155 1210 1272 1269 socialis
1292 1211 1470 1284 conjunctio.
1494 1215 1593 1287 Neque
1615 1213 1695 1272 enim
1715 1230 1783 1273 mu·

144 1300 264 1363 uuum,
275 1296 308 1353 id
325 1300 368 1353 est
380 1296 412 1352 in
423 1294 538 1353 vinum.
559 1295 667 1353 Castam
679 1310 794 1353 crescere
807 1297 875 1365 [ecit
888 1311 948 1353 mu·
987 1294 1041 1354 lier
1063 1294 1152 1355 debet
1175 1293 1323 1353 dominari
1342 1295 1374 1352 in
1395 1295 1509 1366 virum,
1531 1300 1560 1353 et
1576 1295 1643 1354 ideo
1661 1303 1782 1358 nonest

145 1383 266 1448 baem,
279 1379 367 1438 idest
381 1380 413 1437 in
427 1379 592 1438 mulierem.
988 1377 1115 1438 formata
1138 1378 1175 1436 de
1193 1379 1307 1452 capite3
1325 1393 1423 1454 neque
1446 1377 1533 1437 debet
1551 1393 1569 1435 a
1586 1379 1650 1437 viro
1668 1381 1782 1455 despici

184 1463 258 1522 iiico
278 1468 377 1536 quarto
392 1481 401 1519 r
415 1463 458 1520 Ex
468 1461 527 1520 hoe
540 1476 608 1536 cap.
623 1478 659 1534 u,
673 1479 750 1522 vers.
764 1466 816 1537 ἥ,
830 1465 947 1524 videtur
989 1465 1133 1536 tauquam
1147 1461 1289 1520 serviliter
1302 1461 1451 1533 subjecta,
1466 1465 1495 1520 et
1507 1460 1576 1519 ideo
1588 1477 1649 1520 non
1664 1467 1708 1521 est
1722 1465 1782 1523 ior·

146 1546 269 1621 colligi,
282 1546 453 1620 watissaus
466 1549 579 1605 eostam
591 1546 670 1606 hanc
683 1547 715 1605 in
727 1547 820 1606 mum
833 1548 946 1622 locum,
989 1547 1070 1602 mata
1090 1544 1127 1603 de
1151 1544 1291 1620 pedibus.
1311 1545 1446 1613 Secundo,
1469 1549 1591 1620 propter
1615 1547 1785 1606 Sacramen-

147 1632 189 1692 ab
206 1632 322 1690 adamo
340 1630 503 1688 dormiente
522 1645 632 1704 parum
650 1635 820 1705 separatam
832 1633 945 1705 tulerit,
989 1631 1054 1685 tum
1070 1645 1077 1684 r
1092 1629 1164 1701 quia
1183 1629 1221 1688 dc
1239 1629 1328 1687 latere
1344 1629 1450 1687 Christi
1465 1628 1640 1686 dormientis
1654 1629 1685 1686 in
1697 1646 1784 1690 cruce

145 1715 303 1790 ibiqaeex
315 1729 351 1772 ea
363 1717 454 1772 Evam
468 1712 673 1786 aedificaverit,
687 1731 813 1791 eamque
827 1717 948 1776 scientia
989 1711 1138 1770 tinxerunt
1158 1713 1359 1784 sacramente,
1377 1713 1410 1771 id
1430 1716 1473 1770 est
1496 1712 1617 1784 sanguis
1637 1716 1665 1770 et
1687 1727 1784 1788 aqua,

146 1804 177 1856 at
185 1799 282 1871 gratia
290 1797 455 1871 repleverit,
464 1797 549 1856 sicuti
558 1798 721 1873 repleverat
727 1798 886 1873 adamum,
895 1799 947 1858 ibi·
989 1793 1101 1869 quibus
1118 1800 1162 1854 est
1172 1796 1299 1854 Ecclesia
1310 1797 1482 1855 institute.»

146 1898 212 1958 que
222 1898 292 1939 cam
305 1885 365 1938 lira
378 1880 543 1940 collocutus
554 1880 606 1953 sit3
622 1881 730 1940 deinde
743 1883 947 1956 expergefacto
1024 1880 1129 1938 Adde:
1144 1879 1242 1938 Voluit
1255 1883 1330 1939 beas
1344 1880 1376 1938 ia
1386 1879 1582 1954 productione
1594 1880 1664 1939 Adae
1678 1884 1706 1939 et
1720 1883 1786 1942 aaa

146 1966 281 2037 adamo,
295 1967 386 2022 livam
403 1965 445 2024 ad
461 1979 545 2036 eum,
560 1967 647 2040 qussi
665 1966 705 2024 ad
719 1981 880 2040 sponsum,
894 1969 949 2027 ad·
989 1962 1097 2022 imitari
1117 1978 1203 2022 suam
1218 1963 1438 2036 generationem
1457 1966 1486 2020 et
1498 1963 1690 2037 spirationem
1703 1967 1788 2022 eter-

145 2049 285 2118 duxerit,
299 2052 332 2106 ut
345 2048 535 2107 matrimonio
549 2047 750 2108 indissolubili
764 2049 848 2124 iilos,
862 2050 947 2110 idest
988 2060 1075 2118 nam3
1089 2046 1256 2105 sicutenim
1270 2047 1309 2106 ab
1323 2052 1432 2105 eterno
1445 2047 1595 2119 generavit
1616 2047 1740 2118 Filium,
1755 2051 1784 2106 et

10 2148 13 2243 p
146 2149 246 2192 unum
268 2137 297 2189 et
315 2145 408 2190 unam
431 2131 600 2206 copularet,
621 2147 802 2206 omnemque
822 2133 948 2208 polyga·
989 2145 1026 2188 ex
1047 2130 1119 2188 Filio
1139 2131 1261 2204 spiravit
1278 2131 1417 2204 Spiritum
1436 2131 1593 2200 Sanctum,
1607 2130 1647 2188 ita
1665 2131 1697 2189 in
1711 2135 1786 2190 tem·

12 2262 13 2277 ,
146 2216 359 2290 miam,aequc
377 2230 413 2274 ac
429 2214 591 2274 divorbum
607 2215 733 2274 tolleret.
753 2217 833 2274 Unde
851 2217 946 2275 admi·
989 2228 1062 2289 pore
1075 2215 1218 2289 produxit
1227 2215 1321 2274 ndum
1335 2216 1376 2273 ad
1388 2215 1548 2286 imaginem
1561 2216 1782 2290 saam‚iteque

10 2298 13 2382 l
145 2315 219 2358 rans
236 2300 331 2358 Adam
350 2299 437 2374 quasi
455 2299 488 2357 in
509 2301 598 2374 raptu
615 2298 674 2358 sibi
689 2303 802 2358 costam
821 2300 947 2374 aufferri,
988 2313 1058 2356 eum
1075 2297 1161 2374 quasi
1178 2298 1273 2356 fllium
1291 2297 1408 2370 genuit3
1422 2301 1511 2374 atquc
1524 2314 1561 2356 cr
1581 2315 1617 2357 eo
1638 2299 1783 2373 produxit

12 2385 13 2416 l
147 2387 178 2440 et
197 2399 235 2441 ex
254 2399 290 2441 ea
307 2385 399 2440 Evam
418 2382 540 2443 {ormari
554 2383 695 2454 vidisset,
710 2385 887 2444 exclamavit
901 2385 946 2444 di·
988 2383 1090 2454 Evam,
1103 2398 1172 2458 qna
1185 2386 1260 2442 esset
1272 2398 1358 2441 amor
1371 2381 1460 2454 ade,
1473 2382 1549 2439 sicut
1561 2382 1683 2456 Spiritus
1697 2385 1784 2442 Sanc·

10 2421 14 2562 i
148 2481 239 2524 oens:
256 2468 340 2526 «ilco
352 2480 432 2524 nunc
445 2481 480 2526 os
490 2482 528 2525 ex
539 2467 657 2526 ossibus
670 2469 782 2541 meis,»
796 2487 824 2542 q.
840 2469 869 2526 d.
881 2471 947 2528 llaec
988 2468 1037 2524 tus
1050 2470 1094 2525 est
1107 2482 1192 2525 amor
1204 2466 1266 2524 Dei.
1819 2466 1822 2470 ’

10 2574 13 2610 ι
151 2551 302 2610 Evatacta
314 2554 407 2610 estex
420 2567 482 2611 uno
494 2552 607 2612 ossium
620 2567 767 2626 meorum,
777 2558 810 2612 ut
823 2553 860 2612 sit
872 2553 947 2614 mihi
1024 2550 1154 2624 Denique
1167 2551 1259 2609 Evam
1276 2549 1308 2607 in
1325 2549 1465 2624 paradiso
1483 2547 1633 2611 conditam
1651 2568 1715 2611 esse
1729 2553 1841 2612 doun
1855 2577 1902 2614 aa·

46 2637 141 2746 2²⁹
151 2635 449 2777 sponsalcharissima
460 2639 489 2694 et
502 2635 750 2777 coujupctissima.
763 2637 946 2734 censuerim
987 2637 1079 2776 effi
1088 2634 1225 2776 Basilius,
1238 2634 1431 2777 ιιιὶιιιὴιριὶιιξ,
1447 2637 1479 2692 Ι).
1493 2635 1636 2732 Thomas,
1650 2637 1783 2733 berarius
1794 2627 1903 2746 ξὲῑῑμὲξ

149 2720 947 2879 attattttfftqlbtlatltrliat
987 2721 1849 2875 aututinilittaeidistillat:‘u

147 2887 331 2958 conjugum,
345 2889 373 2945 et
386 2902 478 2961 quam
494 2889 630 2946 sanctum
637 2927 649 2958 ,
663 2891 778 2946 arctum
792 2891 820 2946 et
833 2888 948 2946 insola·
988 2883 1064 2942 latus
1077 2885 1167 2944 fuisse
1179 2887 1211 2944 in
1221 2887 1412 2960 paradisum3
1428 2892 1457 2944 et
1470 2888 1561 2962 paulo
1577 2891 1646 2962 post
1665 2905 1701 2947 ex
1719 2891 1783 2963 ejns

146 2969 209 3027 bile
220 2969 328 3028 debeat
338 2984 401 3027 essa
413 2969 636 3028 matrimonium
642 2988 651 3041 ;
665 2969 774 3029 scilicet
784 2973 945 3044 conjuges,
988 2971 1070 3026 costa
1087 2967 1214 3028 formata
1229 2975 1272 3029 est
1292 2973 1361 3028 Eva.
1379 2970 1461 3028 Unde
1479 2975 1508 3028 et
1521 2972 1613 3028 Moses
1631 2987 1701 3030 mor
1714 2979 1785 3048 post

146 3051 193 3110 uti
214 3052 302 3128 quasi
321 3067 417 3110 unum
437 3057 521 3126 sant,
543 3069 578 3112 os
601 3057 631 3112 et
648 3069 744 3112 unum
763 3069 890 3128 corpas,
905 3057 946 3116 ita
986 3052 1066 3110 hanc
1079 3053 1300 3113 translationem
1315 3053 1397 3126 uda,
1412 3052 1559 3112 subnectit
1575 3052 1783 3116 formationem

146 3149 242 3193 unam
257 3135 342 3209 qnasi
359 3135 466 3195 debere
481 3135 592 3196 babere
609 3137 742 3196 animam
759 3141 788 3197 et
806 3137 945 3197 volunta·
987 3137 1055 3194 ave
1067 3151 1104 3194 ex
1116 3137 1243 3198 adama

145 3223 226 3290 um,
249 3224 283 3276 at
299 3234 361 3280 una
384 3221 471 3295 quasi
492 3217 626 3295 utrisque
645 3220 685 3279 sit
703 3219 818 3292 anima,
832 3236 895 3280 non
913 3221 945 3280 in
1024 3223 1107 3282 Errat
1122 3237 1194 3295 ergo
1212 3222 1403 3294 camerinus,
1417 3222 1471 3299 qui
1488 3225 1580 3283 Evam
1598 3239 1661 3283 non
1681 3230 1782 3298 serto,

147 3302 272 3361 duobus
289 3302 479 3378 corporibus,
493 3303 547 3362 sed
563 3303 596 3361 in
611 3317 675 3362 uno
693 3305 859 3379 eodemque
879 3320 946 3365 osse
988 3307 1042 3366 sed
1052 3307 1178 3381 septimo
1192 3305 1240 3365 dia
1253 3305 1429 3380 productam
1442 3307 1553 3365 asserit.
1568 3309 1650 3366 Errat
1663 3313 1691 3366 et
1704 3309 1783 3382 caic-

149 3389 179 3444 et
193 3402 318 3460 corpore
331 3388 363 3444 in
376 3387 451 3446 duas
464 3391 562 3462 partes
574 3387 710 3446 dissecto.
989 3394 1093 3461 tanus,
1112 3391 1166 3464 qui
1187 3391 1282 3450 Adam
1298 3394 1327 3449 et
1346 3393 1437 3449 Evam
1456 3391 1564 3448 eodem
1582 3391 1724 3466 temporis
1738 3392 1782 3450 in·

75 3476 138 3546 aaa
186 3474 264 3532 Audi
277 3475 305 3532 S.
319 3474 479 3546 Thomam,
494 3477 504 3532 t
516 3480 607 3548 para,
621 3476 724 3546 Queat.
737 3477 818 3548 xcii,
833 3482 888 3538 art.
900 3480 920 3538 2
934 3496 943 3536 r
989 3475 1092 3547 stanti,
1106 3474 1195 3532 umal
1208 3489 1272 3532 esse
1283 3475 1446 3549 productos
1461 3479 1569 3533 censet.

54 3539 99 3584 Ψ*
152 3557 293 3630 «becalt,
309 3557 364 3630 ait,
384 3559 539 3618 mulierem
558 3575 595 3617 er
610 3559 676 3619 viro
692 3559 830 3633 formari,
849 3562 945 3636 magis
1024 3560 1070 3616 ιθ.
1084 3561 1143 3616 lloc
1156 3572 1229 3616 uuuc
1240 3572 1289 3630 os,
1303 3587 1340 3603 -
1351 3576 1379 3631 q.
1394 3559 1423 3616 d.
1438 3561 1539 3633 Apage
1552 3573 1572 3616 a
1583 3575 1632 3619 me
1646 3559 1782 3620 animan·
1795 3568 1855 3614 ven.
1866 3571 1899 3616 ra

148 3658 243 3720 mam
261 3643 293 3700 in
314 3641 380 3700 aliis
396 3643 584 3701 animalibus.
604 3645 696 3701 Pramo
713 3643 852 3719 quidem,
868 3650 901 3704 ut
913 3647 945 3705 in
989 3642 1030 3701 tia
1045 3642 1129 3715 prius
1146 3642 1290 3713 adducta,
1308 3657 1371 3699 non
1388 3641 1523 3717 placent,
1534 3657 1597 3700 non
1614 3649 1783 3716 congruunt

148 3729 208 3787 boc
221 3727 361 3802 qaudam
375 3726 503 3799 dignitas
517 3727 615 3801 primo
628 3725 743 3785 homini
756 3732 920 3789 servaretur
935 3747 943 3789 r
989 3725 1079 3796 mibi,
1099 3724 1171 3799 quia
1190 3726 1285 3800 specie
1305 3725 1460 3786 dissimilia
1473 3730 1501 3785 et
1513 3742 1611 3800 prono
1630 3729 1738 3787 vortice
1750 3729 1782 3788 in

148 3811 357 3870 utsecundam
366 3811 415 3871 [tei
427 3809 651 3870 similitudinem
661 3815 745 3882 esset,
755 3811 946 3887 etipseprin-
990 3811 1097 3868 terram
1110 3809 1268 3881 vergentia,
1282 3809 1410 3884 loquelae
1422 3826 1506 3884 oeque
1520 3825 1555 3868 ac
1568 3810 1700 3878 rationis,
1714 3817 1784 3870 sant

148 3897 263 3970 cipium
275 3895 366 3953 totius
379 3911 441 3953 suaa
457 3894 582 3969 speciei,
596 3893 671 3952 sicut
685 3897 760 3953 licus
776 3899 821 3953 est
837 3896 947 3969 priuci-
990 3894 1140 3968 expertia:
1155 3893 1218 3952 haec
1236 3897 1295 3952 Eva
1310 3895 1385 3953 mihi
1399 3894 1550 3954 simillima
1567 3898 1625 3968 est,
1636 3897 1782 3972 particeps

147 3979 236 4056 pium
250 3979 340 4038 totius
355 3979 500 4050 universi3
515 3978 596 4037 uude
617 3982 646 4036 et
663 3978 771 4036 Paulus
791 3979 879 4050 dicit,
893 3981 947 4038 Ac·
989 3977 1122 4048 rationis,
1135 3975 1265 4048 consilii,
1279 3977 1423 4052 colloquii
1434 3981 1462 4036 ct
1474 3977 1637 4046 sermonis,
1654 3979 1783 4056 denique

149 4069 205 4122 tor.
225 4078 300 4134 rvu,
311 4062 397 4137 quod
417 4065 492 4120 licus
509 4058 577 4119 iecit
593 4076 630 4120 ex
642 4075 703 4120 uuo
716 4060 837 4119 bomine
850 4077 945 4134 genus
990 4059 1086 4119 amnis
1097 4064 1127 4119 et
1140 4059 1214 4118 ossis
1228 4059 1287 4117 mei
1301 4060 1409 4134 portio.
1422 4063 1464 4120 lte
1476 4060 1582 4119 tielrio.

148 4146 319 4206 hominum.
1025 4143 1207 4206 Fabulantar
1242 4145 1447 4219 Talmudistae,
1471 4148 1556 4221 apud
1584 4149 1782 4221 abulensem,

58 4228 134 4281 ἰώ-
187 4233 352 4302 »semma
365 4238 399 4293 ut
416 4233 462 4292 vir
475 4233 571 4307 magis
586 4231 719 4308 diligeret
732 4232 903 4309 mulierem,
918 4239 947 4296 et
989 4231 1085 4290 Adam
1106 4233 1173 4288 ante
1196 4232 1286 4288 Evam
1308 4229 1398 4288 aliam
1419 4228 1559 4291 habuisse
1581 4249 1724 4309 uxorem,
1747 4253 1784 4294 ex

150 4315 414 4394 eiinseparabilius
427 4319 589 4389 inhereret,
600 4319 673 4376 dum
682 4324 870 4391 cognosceret
878 4333 946 4380 eam
989 4313 1063 4374 limo
1083 4315 1166 4373 tara
1186 4315 1379 4388 productam,
1398 4316 1520 4374 nomina
1541 4317 1627 4390 Lilis‚
1646 4335 1715 4379 cum
1737 4336 1786 4381 ea·

149 4421 189 4464 ex
210 4421 242 4462 se
260 4419 323 4461 esse
340 4402 517 4477 productam
522 4419 532 4474 3
547 4399 628 4459 unde
648 4401 755 4460 dicitur
776 4402 883 4461 Genesis
897 4419 944 4462 u:
990 4414 1050 4476 quc
1062 4398 1169 4458 vixisse
1190 4399 1243 4458 130
1256 4398 1342 4458 annis
1351 4440 1361 4470 ,
1376 4399 1488 4474 quibus
1508 4400 1564 4461 tuit
1582 4405 1785 4463 excommuni-

148 4493 191 4548 De
203 4495 264 4548 ciro
276 4494 387 4562 sumpta
399 4493 439 4546 est
453 4508 462 4544 r
476 4487 646 4560 ommobrcm
659 4488 795 4560 relinquet
807 4487 883 4546 tomo
893 4505 945 4560 pa·
989 4489 1072 4544 catus
1089 4481 1130 4542 ob
1150 4498 1233 4542 esum
1252 4482 1337 4558 pomi
1349 4484 1448 4557 vetiti;
1463 4489 1552 4560 atque
1568 4491 1631 4546 toto
1646 4488 1697 4546 illo
1713 4492 1784 4546 tem·

149 4583 219 4634 trem
236 4581 263 4633 et
284 4581 412 4641 matrem,
435 4578 461 4631 et
481 4572 629 4630 adherebit
650 4575 732 4629 urcrt
746 4586 813 4630 sace.
832 4573 866 4630 nt
887 4572 946 4631 hoc
988 4584 1077 4645 pore,
1091 4569 1230 4644 inquiunt
1239 4610 1249 4641 ,
1264 4584 1301 4628 ex
1314 4584 1349 4628 ee
1362 4584 1425 4628 non
1438 4569 1591 4643 homines,
1605 4574 1659 4631 sed
1673 4572 1784 4631 daemo-

147 4661 278 4718 maxime
296 4658 494 4717 necessariam
511 4655 568 4715 tait
584 4654 616 4714 in
628 4655 725 4731 specie
744 4655 893 4730 hamana,
913 4657 945 4716 in
989 4667 1042 4712 nes
1064 4653 1178 4726 geuuit;
1203 4653 1311 4712 deinde
1333 4653 1446 4728 accepit
1467 4657 1557 4714 Evam
1572 4672 1609 4714 er
1627 4661 1709 4716 costa
1729 4672 1785 4715 sua

147 4759 212 4820 qua
222 4759 288 4802 mas
302 4747 331 4802 et
343 4740 453 4802 femina
464 4745 655 4800 commanent
666 4755 720 4814 per
733 4743 826 4801 totam
835 4741 942 4815 vitnm3
988 4735 1180 4814 prodactam,
1191 4740 1278 4812 atque
1289 4754 1327 4796 ex
1341 4738 1784 4815 eahorninesprocreavit.1loec

148 4829 235 4903 quod
249 4842 311 4887 non
321 4826 466 4899 contingit
479 4825 511 4884 in
522 4823 588 4884 aliis
602 4824 792 4884 animalibus.
989 4827 1059 4882 sunt
1073 4835 1178 4880 corum
1191 4821 1310 4894 dalbia,
1324 4823 1435 4898 quibus
1453 4823 1510 4898 ipsi
1529 4830 1677 4898 coguntur
1689 4826 1784 4885 conti·

10 4961 11 4964 ,
54 4895 114 4966 ’tie'
184 4917 332 4983 elatio,
346 4915 434 4991 qaia,
458 4917 493 4973 ut
516 4912 715 4988 Philosophus
741 4911 811 4973 dicit
831 4913 864 4973 in
886 4915 944 4974 viu
988 4907 1044 4967 teri
1057 4921 1088 4966 se
1102 4921 1165 4966 esse
1180 4902 1282 4964 iratres
1296 4907 1483 4981 demonum,
1497 4923 1567 4966 cam
1581 4914 1784 4984 patereorum

10 5011 12 5022 ’
147 4999 240 5058 utu.
256 5017 266 5054 r
281 4999 342 5058 llas
355 5003 385 5057 et
398 4998 749 5076 feminacan'anguntur
766 4997 798 5057 in
816 4997 945 5057 homini·
988 4991 1083 5051 Adam
1097 4990 1247 5050 doemones
1260 4991 1404 5064 tenuerit·

147 5081 222 5156 bas,
236 5097 299 5142 non
312 5081 412 5142 solam
425 5085 546 5158 propter
565 5083 768 5142 necessitatem
780 5082 944 5156 generatio·
1024 5080 1087 5138 Vox
1100 5095 1171 5152 ergo
1187 5096 1269 5148 aurae,
1282 5095 1344 5138 aon
1357 5081 1488 5156 priorem
1501 5097 1637 5157 uxorem,
1651 5083 1706 5144 sed
1715 5099 1784 5160 par·

147 5166 211 5239 ais,
224 5171 259 5225 ut
275 5165 309 5225 in
329 5165 395 5224 aliis
414 5165 612 5240 animalibus3
636 5165 691 5226 sed
713 5165 802 5226 etiam
822 5170 943 5242 propter
986 5159 1042 5223 tim
1061 5161 1240 5237 animantia,
1253 5167 1287 5223 ut
1307 5165 1384 5238 diri,
1405 5163 1514 5241 partim
1537 5169 1628 5226 Evam
1646 5169 1782 5243 respicit,

149 5249 343 5312 domesticam
367 5249 478 5322 vitam,
500 5249 532 5309 in
553 5263 615 5325 qua
637 5252 707 5310 sunt
729 5248 832 5326 aliqua
852 5264 944 5324 opera
988 5267 1016 5324 a.
1028 5249 1058 5309 d.
1073 5251 1138 5309 ilua
1151 5249 1260 5309 mulier
1271 5265 1362 5322 nuno,
1376 5248 1410 5308 id
1422 5253 1465 5310 est
1477 5253 1534 5311 hac
1543 5253 1642 5328 prima
1654 5253 1729 5324 vice,
1740 5253 1782 5310 sio

147 5331 391 5422 ructamine,
404 5333 478 5398 etin
497 5347 560 5411 qna
571 5332 619 5398 vit·
630 5336 676 5394 eet
689 5336 779 5412 caput
792 5329 940 5396 mulieris:
986 5332 1114 5396 formata
1123 5336 1184 5410 est,
1196 5347 1233 5394 ex
1245 5331 1311 5393 viro
1324 5331 1434 5394 ecdicu
1448 5349 1457 5395 r
1469 5349 1544 5411 ¹nara
1562 5353 1630 5412 que
1642 5335 1781 5410 deinceps
