<?xml version="1.0" encoding="UTF-8"?>
<!DOCTYPE html PUBLIC "-//W3C//DTD XHTML 1.0 Transitional//EN"
    "http://www.w3.org/TR/xhtml1/DTD/xhtml1-transitional.dtd">
<html xmlns="http://www.w3.org/1999/xhtml" xml:lang="en" lang="en">
 <head>
  <title>
</title>
<meta http-equiv="Content-Type" content="text/html;charset=utf-8" />
  <meta name='ocr-system' content='tesseract 3.04.00' />
  <meta name='ocr-capabilities' content='ocr_page ocr_carea ocr_par ocr_line ocrx_word'/>
</head>
<body>
  <div class='ocr_page' id='page_1' title='image "./commentariainsc00lapigoog/commentariainsc00lapigoog_0212.png"; bbox 0 0 4100 6024; ppageno 0'>
   <div class='ocr_carea' id='block_1_1' title="bbox 686 267 1772 330">
    <p class='ocr_par' dir='ltr' id='par_1_1' title="bbox 686 267 1772 330">
     <span class='ocr_line' id='line_1_1' title="bbox 686 267 1772 330; baseline 0.003 -4"><span class='ocrx_word' id='word_1_1' title='bbox 686 267 860 328; x_wconf 76' lang='lat' dir='ltr'><strong>sueonibus</strong></span> <span class='ocrx_word' id='word_1_2' title='bbox 873 267 998 328; x_wconf 72' lang='lat' dir='ltr'><strong>¹SiCiiAE</strong></span> <span class='ocrx_word' id='word_1_3' title='bbox 1018 267 1222 329; x_wconf 72' lang='lat' dir='ltr'><strong>scamnum.</strong></span> <span class='ocrx_word' id='word_1_4' title='bbox 1735 269 1772 330; x_wconf 65' lang='lat' dir='ltr'><strong>id</strong></span> 
     </span>
    </p>
   </div>
   <div class='ocr_carea' id='block_1_2' title="bbox 28 371 1894 5403">
    <p class='ocr_par' dir='ltr' id='par_1_2' title="bbox 28 371 1894 5403">
     <span class='ocr_line' id='line_1_2' title="bbox 141 371 1772 450; baseline 0.001 -18"><span class='ocrx_word' id='word_1_5' title='bbox 141 377 272 432; x_wconf 80' lang='grc' dir='ltr'>ιιιιιιιιιιι</span> <span class='ocrx_word' id='word_1_6' title='bbox 283 372 366 433; x_wconf 83' lang='lat' dir='ltr'><strong>velut</strong></span> <span class='ocrx_word' id='word_1_7' title='bbox 373 371 546 432; x_wconf 77' lang='lat' dir='ltr'><strong>astumtitm</strong></span> <span class='ocrx_word' id='word_1_8' title='bbox 553 371 696 446; x_wconf 88' lang='lat' dir='ltr'><strong>incipiant</strong></span> <span class='ocrx_word' id='word_1_9' title='bbox 704 373 930 448; x_wconf 77' lang='lat' dir='ltr'><strong>contemplari.»</strong></span> <span class='ocrx_word' id='word_1_10' title='bbox 977 375 1053 434; x_wconf 88' lang='lat' dir='ltr'><strong>dunt</strong></span> <span class='ocrx_word' id='word_1_11' title='bbox 1075 390 1210 446; x_wconf 79' lang='lat' dir='ltr'><strong>seusum3</strong></span> <span class='ocrx_word' id='word_1_12' title='bbox 1226 371 1425 446; x_wconf 67' lang='lat' dir='ltr'><strong>Augustinus,</strong></span> <span class='ocrx_word' id='word_1_13' title='bbox 1440 373 1689 450; x_wconf 72' lang='grc' dir='ltr'>ιιιιηεοιιοιιιιιι,</span> <span class='ocrx_word' id='word_1_14' title='bbox 1704 371 1772 434; x_wconf 86' lang='lat' dir='ltr'><strong>iiie·</strong></span> 
     </span>
     <span class='ocr_line' id='line_1_3' title="bbox 141 455 1772 533; baseline 0.004 -17"><span class='ocrx_word' id='word_1_15' title='bbox 141 459 210 516; x_wconf 86' lang='lat' dir='ltr'><strong>Saus</strong></span> <span class='ocrx_word' id='word_1_16' title='bbox 233 458 297 516; x_wconf 76' lang='lat' dir='ltr'><strong>haec</strong></span> <span class='ocrx_word' id='word_1_17' title='bbox 318 458 386 514; x_wconf 84' lang='lat' dir='ltr'><strong>vitm</strong></span> <span class='ocrx_word' id='word_1_18' title='bbox 408 457 545 514; x_wconf 86' lang='lat' dir='ltr'><strong>sauctitas</strong></span> <span class='ocrx_word' id='word_1_19' title='bbox 565 455 753 527; x_wconf 70' lang='lat' dir='ltr'><strong>bracciacus,</strong></span> <span class='ocrx_word' id='word_1_20' title='bbox 771 457 932 532; x_wconf 62' lang='lat' dir='ltr'><strong>Antonios,</strong></span> <span class='ocrx_word' id='word_1_21' title='bbox 973 457 1676 533; x_wconf 82' lang='lat' dir='ltr'><strong>sonymusetcoeteriPatrumnunchistoricum,</strong></span> <span class='ocrx_word' id='word_1_22' title='bbox 1690 473 1772 522; x_wconf 81' lang='lat' dir='ltr'><strong>nune</strong></span> 
     </span>
     <span class='ocr_line' id='line_1_4' title="bbox 141 539 1772 616; baseline 0.001 -16"><span class='ocrx_word' id='word_1_23' title='bbox 141 539 781 614; x_wconf 84' lang='lat' dir='ltr'><strong>Paulos,illitteratesaltissimaeloquiorum</strong></span> <span class='ocrx_word' id='word_1_24' title='bbox 793 542 932 614; x_wconf 82' lang='lat' dir='ltr'><strong>Deirnys·</strong></span> <span class='ocrx_word' id='word_1_25' title='bbox 976 543 1135 615; x_wconf 88' lang='lat' dir='ltr'><strong>mysticum</strong></span> <span class='ocrx_word' id='word_1_26' title='bbox 1156 543 1262 601; x_wconf 87' lang='lat' dir='ltr'><strong>eadem</strong></span> <span class='ocrx_word' id='word_1_27' title='bbox 1284 543 1425 602; x_wconf 87' lang='lat' dir='ltr'><strong>orationis</strong></span> <span class='ocrx_word' id='word_1_28' title='bbox 1446 545 1519 600; x_wconf 85' lang='lat' dir='ltr'><strong>serie</strong></span> <span class='ocrx_word' id='word_1_29' title='bbox 1543 547 1716 616; x_wconf 77' lang='lat' dir='ltr'><strong>perierunt,</strong></span> <span class='ocrx_word' id='word_1_30' title='bbox 1738 543 1772 602; x_wconf 88' lang='lat' dir='ltr'><strong>ut</strong></span> 
     </span>
     <span class='ocr_line' id='line_1_5' title="bbox 138 624 1770 703; baseline 0.001 -22"><span class='ocrx_word' id='word_1_31' title='bbox 138 625 209 682; x_wconf 86' lang='lat' dir='ltr'><strong>teria</strong></span> <span class='ocrx_word' id='word_1_32' title='bbox 222 629 251 681; x_wconf 90' lang='lat' dir='ltr'><strong>et</strong></span> <span class='ocrx_word' id='word_1_33' title='bbox 261 640 346 682; x_wconf 86' lang='lat' dir='ltr'><strong>sensa</strong></span> <span class='ocrx_word' id='word_1_34' title='bbox 356 624 475 680; x_wconf 78' lang='lat' dir='ltr'><strong>edocuit</strong></span> <span class='ocrx_word' id='word_1_35' title='bbox 485 624 534 680; x_wconf 83' lang='lat' dir='ltr'><strong>vel</strong></span> <span class='ocrx_word' id='word_1_36' title='bbox 545 625 684 682; x_wconf 81' lang='lat' dir='ltr'><strong>maxime.</strong></span> <span class='ocrx_word' id='word_1_37' title='bbox 694 627 789 692; x_wconf 84' lang='lat' dir='ltr'><strong>Quare</strong></span> <span class='ocrx_word' id='word_1_38' title='bbox 798 625 823 680; x_wconf 89' lang='lat' dir='ltr'><strong>si</strong></span> <span class='ocrx_word' id='word_1_39' title='bbox 833 629 934 682; x_wconf 84' lang='lat' dir='ltr'><strong>sancta</strong></span> <span class='ocrx_word' id='word_1_40' title='bbox 976 627 1137 701; x_wconf 80' lang='lat' dir='ltr'><strong>plusquam</strong></span> <span class='ocrx_word' id='word_1_41' title='bbox 1150 625 1245 700; x_wconf 88' lang='lat' dir='ltr'><strong>Lydio</strong></span> <span class='ocrx_word' id='word_1_42' title='bbox 1258 641 1336 700; x_wconf 88' lang='lat' dir='ltr'><strong>opus</strong></span> <span class='ocrx_word' id='word_1_43' title='bbox 1348 627 1386 684; x_wconf 90' lang='lat' dir='ltr'><strong>sit</strong></span> <span class='ocrx_word' id='word_1_44' title='bbox 1397 627 1511 702; x_wconf 90' lang='lat' dir='ltr'><strong>lapide,</strong></span> <span class='ocrx_word' id='word_1_45' title='bbox 1527 628 1566 684; x_wconf 89' lang='lat' dir='ltr'><strong>ad</strong></span> <span class='ocrx_word' id='word_1_46' title='bbox 1579 625 1751 683; x_wconf 88' lang='lat' dir='ltr'><strong>historicum</strong></span> <span class='ocrx_word' id='word_1_47' title='bbox 1759 669 1770 703; x_wconf 89' lang='lat'><strong>,</strong></span> 
     </span>
     <span class='ocr_line' id='line_1_6' title="bbox 141 707 1772 786; baseline 0.001 -22"><span class='ocrx_word' id='word_1_48' title='bbox 141 708 253 778; x_wconf 87' lang='lat' dir='ltr'><strong>anima,</strong></span> <span class='ocrx_word' id='word_1_49' title='bbox 267 707 293 764; x_wconf 88' lang='lat' dir='ltr'><strong>si</strong></span> <span class='ocrx_word' id='word_1_50' title='bbox 305 707 444 780; x_wconf 87' lang='lat' dir='ltr'><strong>precibus</strong></span> <span class='ocrx_word' id='word_1_51' title='bbox 460 707 564 777; x_wconf 82' lang='lat' dir='ltr'><strong>nixus,</strong></span> <span class='ocrx_word' id='word_1_52' title='bbox 580 711 698 780; x_wconf 81' lang='lat' dir='ltr'><strong>lteoque</strong></span> <span class='ocrx_word' id='word_1_53' title='bbox 711 707 802 766; x_wconf 87' lang='lat' dir='ltr'><strong>iratus</strong></span> <span class='ocrx_word' id='word_1_54' title='bbox 814 709 873 764; x_wconf 89' lang='lat' dir='ltr'><strong>huc</strong></span> <span class='ocrx_word' id='word_1_55' title='bbox 886 723 934 764; x_wconf 87' lang='lat' dir='ltr'><strong>ee·</strong></span> <span class='ocrx_word' id='word_1_56' title='bbox 976 711 1030 786; x_wconf 94' lang='lat' dir='ltr'><strong>qui</strong></span> <span class='ocrx_word' id='word_1_57' title='bbox 1049 711 1235 770; x_wconf 84' lang='lat' dir='ltr'><strong>fundamenti</strong></span> <span class='ocrx_word' id='word_1_58' title='bbox 1255 712 1350 770; x_wconf 75' lang='lat' dir='ltr'><strong>neem</strong></span> <span class='ocrx_word' id='word_1_59' title='bbox 1368 713 1465 780; x_wconf 87' lang='lat' dir='ltr'><strong>tenet,</strong></span> <span class='ocrx_word' id='word_1_60' title='bbox 1480 711 1511 767; x_wconf 91' lang='lat' dir='ltr'><strong>in</strong></span> <span class='ocrx_word' id='word_1_61' title='bbox 1532 709 1665 767; x_wconf 82' lang='lat' dir='ltr'><strong>Patribus</strong></span> <span class='ocrx_word' id='word_1_62' title='bbox 1686 709 1772 766; x_wconf 84' lang='lat' dir='ltr'><strong>vesti·</strong></span> 
     </span>
     <span class='ocr_line' id='line_1_7' title="bbox 141 789 1771 869; baseline 0.001 -21"><span class='ocrx_word' id='word_1_63' title='bbox 141 791 243 860; x_wconf 88' lang='lat' dir='ltr'><strong>cedas,</strong></span> <span class='ocrx_word' id='word_1_64' title='bbox 255 791 437 863; x_wconf 90' lang='lat' dir='ltr'><strong>sedulusque</strong></span> <span class='ocrx_word' id='word_1_65' title='bbox 453 790 531 846; x_wconf 89' lang='lat' dir='ltr'><strong>adsit</strong></span> <span class='ocrx_word' id='word_1_66' title='bbox 546 789 647 862; x_wconf 88' lang='lat' dir='ltr'><strong>labor,</strong></span> <span class='ocrx_word' id='word_1_67' title='bbox 661 795 693 847; x_wconf 92' lang='lat' dir='ltr'><strong>ut</strong></span> <span class='ocrx_word' id='word_1_68' title='bbox 709 790 793 848; x_wconf 88' lang='lat' dir='ltr'><strong>nulla</strong></span> <span class='ocrx_word' id='word_1_69' title='bbox 805 793 933 848; x_wconf 88' lang='lat' dir='ltr'><strong>transeat</strong></span> <span class='ocrx_word' id='word_1_70' title='bbox 977 795 1120 866; x_wconf 86' lang='lat' dir='ltr'><strong>gendum.</strong></span> <span class='ocrx_word' id='word_1_71' title='bbox 1130 799 1194 852; x_wconf 84' lang='lat' dir='ltr'><strong>tam</strong></span> <span class='ocrx_word' id='word_1_72' title='bbox 1208 809 1300 869; x_wconf 88' lang='lat' dir='ltr'><strong>qaam</strong></span> <span class='ocrx_word' id='word_1_73' title='bbox 1312 807 1426 867; x_wconf 86' lang='lat' dir='ltr'><strong>paucos</strong></span> <span class='ocrx_word' id='word_1_74' title='bbox 1437 796 1629 866; x_wconf 72' lang='lat' dir='ltr'><strong>interpretum</strong></span> <span class='ocrx_word' id='word_1_75' title='bbox 1639 793 1771 850; x_wconf 84' lang='lat' dir='ltr'><strong>invenire</strong></span> 
     </span>
     <span class='ocr_line' id='line_1_8' title="bbox 142 874 1771 952; baseline 0 -19"><span class='ocrx_word' id='word_1_76' title='bbox 142 876 216 946; x_wconf 83' lang='lat' dir='ltr'><strong>dies,</strong></span> <span class='ocrx_word' id='word_1_77' title='bbox 239 890 300 947; x_wconf 91' lang='lat' dir='ltr'><strong>qua</strong></span> <span class='ocrx_word' id='word_1_78' title='bbox 318 875 419 948; x_wconf 85' lang='lat' dir='ltr'><strong>(quod</strong></span> <span class='ocrx_word' id='word_1_79' title='bbox 440 875 477 932; x_wconf 89' lang='lat' dir='ltr'><strong>de</strong></span> <span class='ocrx_word' id='word_1_80' title='bbox 498 874 647 948; x_wconf 82' lang='lat' dir='ltr'><strong>cypriano</strong></span> <span class='ocrx_word' id='word_1_81' title='bbox 667 874 878 932; x_wconf 81' lang='lat' dir='ltr'><strong>Tertullianum</strong></span> <span class='ocrx_word' id='word_1_82' title='bbox 900 874 934 932; x_wconf 92' lang='lat' dir='ltr'><strong>iu</strong></span> <span class='ocrx_word' id='word_1_83' title='bbox 977 882 1037 949; x_wconf 89' lang='lat' dir='ltr'><strong>est,</strong></span> <span class='ocrx_word' id='word_1_84' title='bbox 1052 879 1105 952; x_wconf 89' lang='lat' dir='ltr'><strong>qui</strong></span> <span class='ocrx_word' id='word_1_85' title='bbox 1124 879 1229 936; x_wconf 74' lang='lat' dir='ltr'><strong>Graecis</strong></span> <span class='ocrx_word' id='word_1_86' title='bbox 1248 883 1276 936; x_wconf 88' lang='lat' dir='ltr'><strong>et</strong></span> <span class='ocrx_word' id='word_1_87' title='bbox 1295 877 1421 936; x_wconf 81' lang='lat' dir='ltr'><strong>Hebraeis</strong></span> <span class='ocrx_word' id='word_1_88' title='bbox 1439 876 1547 934; x_wconf 84' lang='lat' dir='ltr'><strong>imbuti</strong></span> <span class='ocrx_word' id='word_1_89' title='bbox 1561 875 1709 946; x_wconf 89' lang='lat' dir='ltr'><strong>tontibus,</strong></span> <span class='ocrx_word' id='word_1_90' title='bbox 1722 889 1771 948; x_wconf 88' lang='lat' dir='ltr'><strong>ge·</strong></span> 
     </span>
     <span class='ocr_line' id='line_1_9' title="bbox 141 957 1770 1034; baseline 0.001 -18"><span class='ocrx_word' id='word_1_91' title='bbox 141 958 200 1016; x_wconf 87' lang='lat' dir='ltr'><strong>dies</strong></span> <span class='ocrx_word' id='word_1_92' title='bbox 213 957 369 1024; x_wconf 79' lang='lat' dir='ltr'><strong>lectitante,</strong></span> <span class='ocrx_word' id='word_1_93' title='bbox 379 959 560 1014; x_wconf 87' lang='lat' dir='ltr'><strong>memoratS.</strong></span> <span class='ocrx_word' id='word_1_94' title='bbox 574 958 780 1030; x_wconf 81' lang='lat' dir='ltr'><strong>Hieronymus)</strong></span> <span class='ocrx_word' id='word_1_95' title='bbox 792 972 854 1014; x_wconf 91' lang='lat' dir='ltr'><strong>uon</strong></span> <span class='ocrx_word' id='word_1_96' title='bbox 863 973 933 1030; x_wconf 85' lang='lat' dir='ltr'><strong>pos·</strong></span> <span class='ocrx_word' id='word_1_97' title='bbox 976 961 1100 1018; x_wconf 90' lang='lat' dir='ltr'><strong>nuinam</strong></span> <span class='ocrx_word' id='word_1_98' title='bbox 1118 962 1293 1018; x_wconf 89' lang='lat' dir='ltr'><strong>eorumdem</strong></span> <span class='ocrx_word' id='word_1_99' title='bbox 1305 961 1428 1034; x_wconf 78' lang='lat' dir='ltr'><strong>phrasin</strong></span> <span class='ocrx_word' id='word_1_100' title='bbox 1444 960 1644 1029; x_wconf 85' lang='lat' dir='ltr'><strong>reddiderint,</strong></span> <span class='ocrx_word' id='word_1_101' title='bbox 1659 973 1770 1032; x_wconf 87' lang='lat' dir='ltr'><strong>eosque</strong></span> 
     </span>
     <span class='ocr_line' id='line_1_10' title="bbox 141 1039 1772 1118; baseline 0.002 -20"><span class='ocrx_word' id='word_1_102' title='bbox 141 1042 213 1098; x_wconf 88' lang='lat' dir='ltr'><strong>tales</strong></span> <span class='ocrx_word' id='word_1_103' title='bbox 224 1060 232 1096; x_wconf 79' lang='grc' dir='ltr'><strong>ι</strong></span> <span class='ocrx_word' id='word_1_104' title='bbox 242 1060 257 1096; x_wconf 86' lang='grc' dir='ltr'><strong>ι</strong></span> <span class='ocrx_word' id='word_1_105' title='bbox 267 1043 307 1096; x_wconf 85' lang='lat' dir='ltr'><strong>ila</strong></span> <span class='ocrx_word' id='word_1_106' title='bbox 314 1040 483 1112; x_wconf 83' lang='lat' dir='ltr'><strong>liegistrurn</strong></span> <span class='ocrx_word' id='word_1_107' title='bbox 492 1059 526 1109; x_wconf 72' lang='lat'><strong>3»</strong></span> <span class='ocrx_word' id='word_1_108' title='bbox 539 1040 696 1112; x_wconf 86' lang='lat' dir='ltr'><strong>superabis</strong></span> <span class='ocrx_word' id='word_1_109' title='bbox 703 1041 789 1098; x_wconf 85' lang='lat' dir='ltr'><strong>celeri</strong></span> <span class='ocrx_word' id='word_1_110' title='bbox 796 1039 933 1100; x_wconf 86' lang='lat' dir='ltr'><strong>facilitate</strong></span> <span class='ocrx_word' id='word_1_111' title='bbox 976 1047 1085 1101; x_wconf 77' lang='lat' dir='ltr'><strong>nostrae</strong></span> <span class='ocrx_word' id='word_1_112' title='bbox 1101 1043 1223 1102; x_wconf 90' lang='lat' dir='ltr'><strong>editioni</strong></span> <span class='ocrx_word' id='word_1_113' title='bbox 1239 1059 1294 1118; x_wconf 89' lang='lat' dir='ltr'><strong>per</strong></span> <span class='ocrx_word' id='word_1_114' title='bbox 1307 1043 1408 1100; x_wconf 87' lang='lat' dir='ltr'><strong>omnia</strong></span> <span class='ocrx_word' id='word_1_115' title='bbox 1420 1039 1624 1099; x_wconf 84' lang='lat' dir='ltr'><strong>conciliarintt</strong></span> <span class='ocrx_word' id='word_1_116' title='bbox 1635 1042 1713 1111; x_wconf 86' lang='lat' dir='ltr'><strong>Quid</strong></span> <span class='ocrx_word' id='word_1_117' title='bbox 1727 1057 1772 1101; x_wconf 86' lang='lat' dir='ltr'><strong>er·</strong></span> 
     </span>
     <span class='ocr_line' id='line_1_11' title="bbox 141 1122 1771 1201; baseline 0.001 -19"><span class='ocrx_word' id='word_1_118' title='bbox 141 1125 287 1200; x_wconf 89' lang='lat' dir='ltr'><strong>quidquid</strong></span> <span class='ocrx_word' id='word_1_119' title='bbox 298 1125 346 1182; x_wconf 90' lang='lat' dir='ltr'><strong>hic</strong></span> <span class='ocrx_word' id='word_1_120' title='bbox 360 1129 404 1184; x_wconf 88' lang='lat' dir='ltr'><strong>est</strong></span> <span class='ocrx_word' id='word_1_121' title='bbox 420 1122 620 1195; x_wconf 81' lang='lat' dir='ltr'><strong>difficultatis,</strong></span> <span class='ocrx_word' id='word_1_122' title='bbox 634 1124 837 1198; x_wconf 87' lang='lat' dir='ltr'><strong>recreabitque</strong></span> <span class='ocrx_word' id='word_1_123' title='bbox 848 1125 934 1198; x_wconf 91' lang='lat' dir='ltr'><strong>quod</strong></span> <span class='ocrx_word' id='word_1_124' title='bbox 977 1129 1256 1201; x_wconf 81' lang='lat' dir='ltr'><strong>gotdesudandum</strong></span> <span class='ocrx_word' id='word_1_125' title='bbox 1265 1127 1314 1184; x_wconf 90' lang='lat' dir='ltr'><strong>hio</strong></span> <span class='ocrx_word' id='word_1_126' title='bbox 1324 1127 1396 1184; x_wconf 89' lang='lat' dir='ltr'><strong>mihi</strong></span> <span class='ocrx_word' id='word_1_127' title='bbox 1413 1126 1515 1186; x_wconf 82' lang='lat' dir='ltr'><strong>video:</strong></span> <span class='ocrx_word' id='word_1_128' title='bbox 1528 1125 1771 1200; x_wconf 83' lang='lat' dir='ltr'><strong>enitendumque,</strong></span> 
     </span>
     <span class='ocr_line' id='line_1_12' title="bbox 139 1205 1894 1284; baseline -0.002 -16"><span class='ocrx_word' id='word_1_129' title='bbox 139 1209 230 1282; x_wconf 90' lang='lat' dir='ltr'><strong>iulget</strong></span> <span class='ocrx_word' id='word_1_130' title='bbox 248 1211 280 1268; x_wconf 91' lang='lat' dir='ltr'><strong>in</strong></span> <span class='ocrx_word' id='word_1_131' title='bbox 300 1211 407 1268; x_wconf 87' lang='lat' dir='ltr'><strong>cortice</strong></span> <span class='ocrx_word' id='word_1_132' title='bbox 429 1209 597 1283; x_wconf 81' lang='lat' dir='ltr'><strong>sapientia,</strong></span> <span class='ocrx_word' id='word_1_133' title='bbox 618 1210 671 1268; x_wconf 84' lang='lat' dir='ltr'><strong>sed</strong></span> <span class='ocrx_word' id='word_1_134' title='bbox 691 1215 792 1284; x_wconf 88' lang='lat' dir='ltr'><strong>pascet</strong></span> <span class='ocrx_word' id='word_1_135' title='bbox 812 1210 935 1267; x_wconf 86' lang='lat' dir='ltr'><strong>suarius</strong></span> <span class='ocrx_word' id='word_1_136' title='bbox 976 1212 1241 1282; x_wconf 70' lang='lat' dir='ltr'><strong>armaturarum,</strong></span> <span class='ocrx_word' id='word_1_137' title='bbox 1256 1211 1351 1268; x_wconf 84' lang='lat' dir='ltr'><strong>multa</strong></span> <span class='ocrx_word' id='word_1_138' title='bbox 1365 1209 1547 1284; x_wconf 81' lang='lat' dir='ltr'><strong>disquirens,</strong></span> <span class='ocrx_word' id='word_1_139' title='bbox 1561 1205 1772 1283; x_wconf 85' lang='lat' dir='ltr'><strong>apiculasimi-</strong></span> <span class='ocrx_word' id='word_1_140' title='bbox 1886 1227 1894 1240; x_wconf 93' lang='lat'><em>·</em></span> 
     </span>
     <span class='ocr_line' id='line_1_13' title="bbox 140 1292 1770 1370; baseline -0.004 -16"><span class='ocrx_word' id='word_1_141' title='bbox 140 1293 222 1370; x_wconf 85' lang='lat' dir='ltr'><strong>quod</strong></span> <span class='ocrx_word' id='word_1_142' title='bbox 240 1293 272 1352; x_wconf 91' lang='lat' dir='ltr'><strong>iu</strong></span> <span class='ocrx_word' id='word_1_143' title='bbox 289 1293 423 1352; x_wconf 88' lang='lat' dir='ltr'><strong>medulla</strong></span> <span class='ocrx_word' id='word_1_144' title='bbox 439 1297 484 1352; x_wconf 88' lang='lat' dir='ltr'><strong>est</strong></span> <span class='ocrx_word' id='word_1_145' title='bbox 500 1293 625 1354; x_wconf 79' lang='lat' dir='ltr'><strong>ccelesiis</strong></span> <span class='ocrx_word' id='word_1_146' title='bbox 638 1293 735 1368; x_wconf 79' lang='lat' dir='ltr'><strong>adipis</strong></span> <span class='ocrx_word' id='word_1_147' title='bbox 752 1312 760 1350; x_wconf 83' lang='grc' dir='ltr'><strong>ι</strong></span> <span class='ocrx_word' id='word_1_148' title='bbox 774 1306 872 1367; x_wconf 88' lang='lat' dir='ltr'><strong>neque</strong></span> <span class='ocrx_word' id='word_1_149' title='bbox 884 1307 935 1352; x_wconf 85' lang='lat' dir='ltr'><strong>ue·</strong></span> <span class='ocrx_word' id='word_1_150' title='bbox 976 1299 1031 1365; x_wconf 90' lang='lat' dir='ltr'><strong>ter,</strong></span> <span class='ocrx_word' id='word_1_151' title='bbox 1047 1297 1075 1352; x_wconf 90' lang='lat' dir='ltr'><strong>et</strong></span> <span class='ocrx_word' id='word_1_152' title='bbox 1095 1295 1287 1367; x_wconf 90' lang='lat' dir='ltr'><strong>mallilegium</strong></span> <span class='ocrx_word' id='word_1_153' title='bbox 1306 1309 1322 1351; x_wconf 89' lang='lat' dir='ltr'><strong>e</strong></span> <span class='ocrx_word' id='word_1_154' title='bbox 1340 1293 1466 1350; x_wconf 90' lang='lat' dir='ltr'><strong>iloribus</strong></span> <span class='ocrx_word' id='word_1_155' title='bbox 1484 1293 1571 1350; x_wconf 88' lang='lat' dir='ltr'><strong>adid</strong></span> <span class='ocrx_word' id='word_1_156' title='bbox 1589 1292 1770 1366; x_wconf 85' lang='lat' dir='ltr'><strong>aptioribus,</strong></span> 
     </span>
     <span class='ocr_line' id='line_1_14' title="bbox 140 1372 1770 1452; baseline 0.001 -20"><span class='ocrx_word' id='word_1_157' title='bbox 140 1372 239 1432; x_wconf 84' lang='lat' dir='ltr'><strong>rubere</strong></span> <span class='ocrx_word' id='word_1_158' title='bbox 252 1373 373 1432; x_wconf 87' lang='lat' dir='ltr'><strong>taudem</strong></span> <span class='ocrx_word' id='word_1_159' title='bbox 385 1374 524 1446; x_wconf 76' lang='lat' dir='ltr'><strong>quamvis</strong></span> <span class='ocrx_word' id='word_1_160' title='bbox 536 1377 727 1432; x_wconf 83' lang='lat' dir='ltr'><strong>veternosum</strong></span> <span class='ocrx_word' id='word_1_161' title='bbox 743 1373 933 1443; x_wconf 81' lang='lat' dir='ltr'><strong>hereticum,</strong></span> <span class='ocrx_word' id='word_1_162' title='bbox 976 1377 1052 1438; x_wconf 77' lang='lat' dir='ltr'><strong>beto</strong></span> <span class='ocrx_word' id='word_1_163' title='bbox 1074 1378 1209 1436; x_wconf 84' lang='lat' dir='ltr'><strong>examine</strong></span> <span class='ocrx_word' id='word_1_164' title='bbox 1229 1377 1385 1434; x_wconf 85' lang='lat' dir='ltr'><strong>conficiam</strong></span> <span class='ocrx_word' id='word_1_165' title='bbox 1399 1380 1458 1434; x_wconf 86' lang='lat' dir='ltr'><strong>:ut</strong></span> <span class='ocrx_word' id='word_1_166' title='bbox 1478 1376 1650 1433; x_wconf 89' lang='lat' dir='ltr'><strong>historicum</strong></span> <span class='ocrx_word' id='word_1_167' title='bbox 1672 1377 1770 1452; x_wconf 88' lang='lat' dir='ltr'><strong>primo</strong></span> 
     </span>
     <span class='ocr_line' id='line_1_15' title="bbox 140 1457 1771 1534; baseline -0.001 -16"><span class='ocrx_word' id='word_1_168' title='bbox 140 1459 251 1518; x_wconf 88' lang='lat' dir='ltr'><strong>etiamsi</strong></span> <span class='ocrx_word' id='word_1_169' title='bbox 270 1474 360 1520; x_wconf 85' lang='lat' dir='ltr'><strong>omne</strong></span> <span class='ocrx_word' id='word_1_170' title='bbox 382 1457 529 1518; x_wconf 80' lang='lat' dir='ltr'><strong>biblicum</strong></span> <span class='ocrx_word' id='word_1_171' title='bbox 549 1474 627 1532; x_wconf 89' lang='lat' dir='ltr'><strong>opus</strong></span> <span class='ocrx_word' id='word_1_172' title='bbox 649 1459 794 1518; x_wconf 86' lang='lat' dir='ltr'><strong>memoria</strong></span> <span class='ocrx_word' id='word_1_173' title='bbox 810 1458 931 1518; x_wconf 80' lang='lat' dir='ltr'><strong>calleat:</strong></span> <span class='ocrx_word' id='word_1_174' title='bbox 977 1477 1113 1534; x_wconf 85' lang='lat' dir='ltr'><strong>sensum,</strong></span> <span class='ocrx_word' id='word_1_175' title='bbox 1128 1466 1228 1520; x_wconf 74' lang='lat' dir='ltr'><strong>euecta</strong></span> <span class='ocrx_word' id='word_1_176' title='bbox 1251 1459 1433 1519; x_wconf 88' lang='lat' dir='ltr'><strong>discussions</strong></span> <span class='ocrx_word' id='word_1_177' title='bbox 1453 1459 1611 1532; x_wconf 77' lang='lat' dir='ltr'><strong>vestigem3</strong></span> <span class='ocrx_word' id='word_1_178' title='bbox 1631 1459 1726 1517; x_wconf 86' lang='lat' dir='ltr'><strong>sicubi</strong></span> <span class='ocrx_word' id='word_1_179' title='bbox 1745 1461 1771 1518; x_wconf 91' lang='lat' dir='ltr'><strong>is</strong></span> 
     </span>
     <span class='ocr_line' id='line_1_16' title="bbox 138 1541 1771 1620; baseline -0.001 -18"><span class='ocrx_word' id='word_1_180' title='bbox 138 1543 194 1604; x_wconf 86' lang='lat' dir='ltr'><strong>hoc</strong></span> <span class='ocrx_word' id='word_1_181' title='bbox 207 1542 289 1602; x_wconf 88' lang='lat' dir='ltr'><strong>enim</strong></span> <span class='ocrx_word' id='word_1_182' title='bbox 300 1541 359 1600; x_wconf 90' lang='lat' dir='ltr'><strong>iere</strong></span> <span class='ocrx_word' id='word_1_183' title='bbox 372 1545 416 1602; x_wconf 89' lang='lat' dir='ltr'><strong>est</strong></span> <span class='ocrx_word' id='word_1_184' title='bbox 428 1557 518 1602; x_wconf 87' lang='lat' dir='ltr'><strong>omne</strong></span> <span class='ocrx_word' id='word_1_185' title='bbox 532 1557 638 1600; x_wconf 87' lang='lat' dir='ltr'><strong>eorum</strong></span> <span class='ocrx_word' id='word_1_186' title='bbox 649 1542 793 1612; x_wconf 85' lang='lat' dir='ltr'><strong>studium,</strong></span> <span class='ocrx_word' id='word_1_187' title='bbox 803 1555 867 1615; x_wconf 88' lang='lat' dir='ltr'><strong>quo</strong></span> <span class='ocrx_word' id='word_1_188' title='bbox 876 1555 933 1600; x_wconf 85' lang='lat' dir='ltr'><strong>nos</strong></span> <span class='ocrx_word' id='word_1_189' title='bbox 977 1547 1060 1620; x_wconf 90' lang='lat' dir='ltr'><strong>apud</strong></span> <span class='ocrx_word' id='word_1_190' title='bbox 1072 1545 1170 1604; x_wconf 82' lang='lat' dir='ltr'><strong>varios</strong></span> <span class='ocrx_word' id='word_1_191' title='bbox 1180 1547 1235 1606; x_wconf 86' lang='lat' dir='ltr'><strong>erit</strong></span> <span class='ocrx_word' id='word_1_192' title='bbox 1248 1546 1358 1616; x_wconf 83' lang='lat' dir='ltr'><strong>varius,</strong></span> <span class='ocrx_word' id='word_1_193' title='bbox 1370 1544 1511 1602; x_wconf 87' lang='lat' dir='ltr'><strong>indicabo</strong></span> <span class='ocrx_word' id='word_1_194' title='bbox 1523 1561 1531 1600; x_wconf 81' lang='grc' dir='ltr'><strong>ι</strong></span> <span class='ocrx_word' id='word_1_195' title='bbox 1545 1547 1634 1616; x_wconf 89' lang='lat' dir='ltr'><strong>atque</strong></span> <span class='ocrx_word' id='word_1_196' title='bbox 1647 1543 1679 1600; x_wconf 90' lang='lat' dir='ltr'><strong>in</strong></span> <span class='ocrx_word' id='word_1_197' title='bbox 1688 1545 1771 1601; x_wconf 79' lang='lat' dir='ltr'><strong>muta</strong></span> 
     </span>
     <span class='ocr_line' id='line_1_17' title="bbox 138 1625 1770 1707; baseline 0.001 -24"><span class='ocrx_word' id='word_1_198' title='bbox 138 1628 284 1700; x_wconf 86' lang='lat' dir='ltr'><strong>impetunt</strong></span> <span class='ocrx_word' id='word_1_199' title='bbox 298 1643 306 1684; x_wconf 78' lang='grc' dir='ltr'><strong>ι</strong></span> <span class='ocrx_word' id='word_1_200' title='bbox 320 1625 432 1707; x_wconf 84' lang='lat' dir='ltr'><strong>quibus</strong></span> <span class='ocrx_word' id='word_1_201' title='bbox 450 1639 507 1687; x_wconf 86' lang='lat' dir='ltr'><strong>nos</strong></span> <span class='ocrx_word' id='word_1_202' title='bbox 526 1625 632 1686; x_wconf 88' lang='lat' dir='ltr'><strong>iisdem</strong></span> <span class='ocrx_word' id='word_1_203' title='bbox 653 1627 743 1682; x_wconf 86' lang='lat' dir='ltr'><strong>armis</strong></span> <span class='ocrx_word' id='word_1_204' title='bbox 761 1639 932 1694; x_wconf 76' lang='lat' dir='ltr'><strong>eminuere,</strong></span> <span class='ocrx_word' id='word_1_205' title='bbox 977 1629 1154 1704; x_wconf 86' lang='lat' dir='ltr'><strong>opinionum</strong></span> <span class='ocrx_word' id='word_1_206' title='bbox 1168 1629 1375 1699; x_wconf 86' lang='lat' dir='ltr'><strong>multitudine,</strong></span> <span class='ocrx_word' id='word_1_207' title='bbox 1390 1643 1458 1704; x_wconf 82' lang='lat' dir='ltr'><strong>qua</strong></span> <span class='ocrx_word' id='word_1_208' title='bbox 1477 1627 1582 1686; x_wconf 73' lang='lat' dir='ltr'><strong>andos</strong></span> <span class='ocrx_word' id='word_1_209' title='bbox 1600 1639 1678 1700; x_wconf 80' lang='lat' dir='ltr'><strong>sepe</strong></span> <span class='ocrx_word' id='word_1_210' title='bbox 1695 1625 1770 1685; x_wconf 81' lang='lat' dir='ltr'><strong>ituc-</strong></span> 
     </span>
     <span class='ocr_line' id='line_1_18' title="bbox 64 1707 1771 1787; baseline -0.001 -19"><span class='ocrx_word' id='word_1_211' title='bbox 64 1749 72 1756; x_wconf 73' lang='lat'><strong>·-</strong></span> <span class='ocrx_word' id='word_1_212' title='bbox 138 1709 285 1783; x_wconf 88' lang='lat' dir='ltr'><strong>uobisque</strong></span> <span class='ocrx_word' id='word_1_213' title='bbox 299 1713 400 1771; x_wconf 72' lang='lat' dir='ltr'><strong>nosue</strong></span> <span class='ocrx_word' id='word_1_214' title='bbox 413 1708 453 1768; x_wconf 90' lang='lat' dir='ltr'><strong>ab</strong></span> <span class='ocrx_word' id='word_1_215' title='bbox 466 1708 584 1780; x_wconf 82' lang='lat' dir='ltr'><strong>iniustis</strong></span> <span class='ocrx_word' id='word_1_216' title='bbox 596 1707 821 1782; x_wconf 84' lang='lat' dir='ltr'><strong>possessoribus</strong></span> <span class='ocrx_word' id='word_1_217' title='bbox 830 1707 934 1766; x_wconf 85' lang='lat' dir='ltr'><strong>vendi·</strong></span> <span class='ocrx_word' id='word_1_218' title='bbox 976 1716 1151 1787; x_wconf 73' lang='lat' dir='ltr'><strong>manusque</strong></span> <span class='ocrx_word' id='word_1_219' title='bbox 1165 1717 1244 1771; x_wconf 88' lang='lat' dir='ltr'><strong>tenet</strong></span> <span class='ocrx_word' id='word_1_220' title='bbox 1258 1719 1287 1772; x_wconf 91' lang='lat' dir='ltr'><strong>et</strong></span> <span class='ocrx_word' id='word_1_221' title='bbox 1300 1713 1442 1770; x_wconf 86' lang='lat' dir='ltr'><strong>obturbat</strong></span> <span class='ocrx_word' id='word_1_222' title='bbox 1454 1713 1620 1781; x_wconf 90' lang='lat' dir='ltr'><strong>auditores,</strong></span> <span class='ocrx_word' id='word_1_223' title='bbox 1634 1723 1703 1768; x_wconf 88' lang='lat' dir='ltr'><strong>eum</strong></span> <span class='ocrx_word' id='word_1_224' title='bbox 1717 1710 1771 1785; x_wconf 89' lang='lat' dir='ltr'><strong>qul</strong></span> 
     </span>
     <span class='ocr_line' id='line_1_19' title="bbox 133 1791 1772 1868; baseline -0.001 -14"><span class='ocrx_word' id='word_1_225' title='bbox 133 1810 203 1854; x_wconf 79' lang='lat' dir='ltr'><strong>‚care</strong></span> <span class='ocrx_word' id='word_1_226' title='bbox 215 1795 316 1864; x_wconf 88' lang='lat' dir='ltr'><strong>deeet;</strong></span> <span class='ocrx_word' id='word_1_227' title='bbox 332 1799 365 1851; x_wconf 89' lang='grc' dir='ltr'><strong>ιιι</strong></span> <span class='ocrx_word' id='word_1_228' title='bbox 377 1793 519 1855; x_wconf 85' lang='lat' dir='ltr'><strong>audacter</strong></span> <span class='ocrx_word' id='word_1_229' title='bbox 534 1793 594 1850; x_wconf 90' lang='lat' dir='ltr'><strong>hoo</strong></span> <span class='ocrx_word' id='word_1_230' title='bbox 611 1809 718 1864; x_wconf 89' lang='lat' dir='ltr'><strong>genere</strong></span> <span class='ocrx_word' id='word_1_231' title='bbox 738 1807 808 1852; x_wconf 87' lang='lat' dir='ltr'><strong>cum</strong></span> <span class='ocrx_word' id='word_1_232' title='bbox 821 1791 857 1850; x_wconf 89' lang='lat' dir='ltr'><strong>iis</strong></span> <span class='ocrx_word' id='word_1_233' title='bbox 870 1806 936 1850; x_wconf 85' lang='lat' dir='ltr'><strong>ma·</strong></span> <span class='ocrx_word' id='word_1_234' title='bbox 977 1797 1106 1855; x_wconf 83' lang='lat' dir='ltr'><strong>maxime</strong></span> <span class='ocrx_word' id='word_1_235' title='bbox 1121 1799 1212 1854; x_wconf 77' lang='grc' dir='ltr'>ιειιιιιι</span> <span class='ocrx_word' id='word_1_236' title='bbox 1233 1811 1382 1854; x_wconf 86' lang='lat' dir='ltr'><strong>consonus</strong></span> <span class='ocrx_word' id='word_1_237' title='bbox 1405 1801 1449 1853; x_wconf 87' lang='lat' dir='ltr'><strong>est</strong></span> <span class='ocrx_word' id='word_1_238' title='bbox 1458 1835 1467 1866; x_wconf 90' lang='lat'><strong>,</strong></span> <span class='ocrx_word' id='word_1_239' title='bbox 1481 1794 1636 1868; x_wconf 79' lang='lat' dir='ltr'><strong>proteram</strong></span> <span class='ocrx_word' id='word_1_240' title='bbox 1656 1798 1685 1852; x_wconf 88' lang='lat' dir='ltr'><strong>et</strong></span> <span class='ocrx_word' id='word_1_241' title='bbox 1705 1793 1772 1852; x_wconf 87' lang='lat' dir='ltr'><strong>seli·</strong></span> 
     </span>
     <span class='ocr_line' id='line_1_20' title="bbox 91 1875 1772 1953; baseline -0.001 -14"><span class='ocrx_word' id='word_1_242' title='bbox 91 1887 96 1894; x_wconf 86' lang='lat'>&#39;</span> <span class='ocrx_word' id='word_1_243' title='bbox 137 1895 193 1940; x_wconf 83' lang='lat' dir='ltr'><strong>uos</strong></span> <span class='ocrx_word' id='word_1_244' title='bbox 213 1882 419 1947; x_wconf 86' lang='lat' dir='ltr'><strong>conserentes,</strong></span> <span class='ocrx_word' id='word_1_245' title='bbox 433 1878 495 1936; x_wconf 89' lang='lat' dir='ltr'><strong>suis</strong></span> <span class='ocrx_word' id='word_1_246' title='bbox 514 1893 566 1938; x_wconf 89' lang='lat' dir='ltr'><strong>eos</strong></span> <span class='ocrx_word' id='word_1_247' title='bbox 584 1878 650 1935; x_wconf 86' lang='lat' dir='ltr'><strong>telis</strong></span> <span class='ocrx_word' id='word_1_248' title='bbox 663 1875 862 1936; x_wconf 83' lang='lat' dir='ltr'><strong>debilitamus.</strong></span> <span class='ocrx_word' id='word_1_249' title='bbox 880 1879 948 1934; x_wconf 73' lang='lat' dir='ltr'><strong>Ne·</strong></span> <span class='ocrx_word' id='word_1_250' title='bbox 977 1895 1056 1951; x_wconf 83' lang='lat' dir='ltr'><strong>gam.</strong></span> <span class='ocrx_word' id='word_1_251' title='bbox 1067 1882 1172 1949; x_wconf 83' lang='lat' dir='ltr'><strong>Quaiu</strong></span> <span class='ocrx_word' id='word_1_252' title='bbox 1183 1897 1215 1938; x_wconf 91' lang='lat' dir='ltr'><strong>re</strong></span> <span class='ocrx_word' id='word_1_253' title='bbox 1229 1882 1381 1952; x_wconf 86' lang='lat' dir='ltr'><strong>Vulgatam</strong></span> <span class='ocrx_word' id='word_1_254' title='bbox 1396 1895 1523 1953; x_wconf 88' lang='lat' dir='ltr'><strong>semper,</strong></span> <span class='ocrx_word' id='word_1_255' title='bbox 1538 1879 1654 1936; x_wconf 88' lang='lat' dir='ltr'><strong>decreto</strong></span> <span class='ocrx_word' id='word_1_256' title='bbox 1667 1878 1772 1937; x_wconf 83' lang='lat' dir='ltr'><strong>Conci·</strong></span> 
     </span>
     <span class='ocr_line' id='line_1_21' title="bbox 137 1959 1771 2038; baseline 0.001 -18"><span class='ocrx_word' id='word_1_257' title='bbox 137 1978 196 2038; x_wconf 88' lang='lat' dir='ltr'><strong>que</strong></span> <span class='ocrx_word' id='word_1_258' title='bbox 206 1977 326 2020; x_wconf 90' lang='lat' dir='ltr'><strong>rursum</strong></span> <span class='ocrx_word' id='word_1_259' title='bbox 341 1961 512 2020; x_wconf 86' lang='lat' dir='ltr'><strong>cathedram</strong></span> <span class='ocrx_word' id='word_1_260' title='bbox 530 1961 720 2030; x_wconf 81' lang='lat' dir='ltr'><strong>extimescas,</strong></span> <span class='ocrx_word' id='word_1_261' title='bbox 732 1959 800 2018; x_wconf 91' lang='lat' dir='ltr'><strong>licet</strong></span> <span class='ocrx_word' id='word_1_262' title='bbox 814 1959 934 2018; x_wconf 85' lang='lat' dir='ltr'><strong>doctam</strong></span> <span class='ocrx_word' id='word_1_263' title='bbox 976 1963 1008 2021; x_wconf 91' lang='lat' dir='ltr'><strong>lii</strong></span> <span class='ocrx_word' id='word_1_264' title='bbox 1021 1964 1199 2034; x_wconf 82' lang='lat' dir='ltr'><strong>Tridentini,</strong></span> <span class='ocrx_word' id='word_1_265' title='bbox 1212 1965 1372 2022; x_wconf 89' lang='lat' dir='ltr'><strong>editionem</strong></span> <span class='ocrx_word' id='word_1_266' title='bbox 1391 1965 1532 2021; x_wconf 87' lang='lat' dir='ltr'><strong>tuendam</strong></span> <span class='ocrx_word' id='word_1_267' title='bbox 1552 1963 1634 2020; x_wconf 87' lang='lat' dir='ltr'><strong>duxi.</strong></span> <span class='ocrx_word' id='word_1_268' title='bbox 1651 1964 1771 2022; x_wconf 81' lang='lat' dir='ltr'><strong>ltebrose</strong></span> 
     </span>
     <span class='ocr_line' id='line_1_22' title="bbox 137 2041 1770 2122; baseline -0.006 -8"><span class='ocrx_word' id='word_1_269' title='bbox 137 2051 165 2104; x_wconf 64' lang='grc' dir='ltr'><strong>ιι</strong></span> <span class='ocrx_word' id='word_1_270' title='bbox 176 2045 405 2114; x_wconf 65' lang='grc' dir='ltr'>θθιθιιιθῑῐιιῦθᾶ</span> <span class='ocrx_word' id='word_1_271' title='bbox 417 2058 539 2104; x_wconf 64' lang='lat' dir='ltr'><strong>Silium</strong></span> <span class='ocrx_word' id='word_1_272' title='bbox 552 2044 727 2118; x_wconf 65' lang='lat' dir='ltr'><strong>fidemque,</strong></span> <span class='ocrx_word' id='word_1_273' title='bbox 739 2042 852 2102; x_wconf 60' lang='lat' dir='ltr'><strong>Effaiim</strong></span> <span class='ocrx_word' id='word_1_274' title='bbox 863 2041 934 2100; x_wconf 68' lang='lat'><strong>⁴1⁰0·</strong></span> <span class='ocrx_word' id='word_1_275' title='bbox 975 2063 1047 2107; x_wconf 84' lang='lat' dir='ltr'><strong>vero</strong></span> <span class='ocrx_word' id='word_1_276' title='bbox 1068 2049 1162 2108; x_wconf 89' lang='lat' dir='ltr'><strong>sicubi</strong></span> <span class='ocrx_word' id='word_1_277' title='bbox 1183 2049 1335 2108; x_wconf 87' lang='lat' dir='ltr'><strong>dissonare</strong></span> <span class='ocrx_word' id='word_1_278' title='bbox 1358 2050 1532 2118; x_wconf 84' lang='lat' dir='ltr'><strong>videantur,</strong></span> <span class='ocrx_word' id='word_1_279' title='bbox 1551 2063 1612 2122; x_wconf 92' lang='lat' dir='ltr'><strong>quo</strong></span> <span class='ocrx_word' id='word_1_280' title='bbox 1628 2047 1770 2106; x_wconf 76' lang='lat' dir='ltr'><strong>hereticis</strong></span> 
     </span>
     <span class='ocr_line' id='line_1_23' title="bbox 135 2125 1771 2206; baseline 0.002 -20"><span class='ocrx_word' id='word_1_281' title='bbox 135 2127 172 2186; x_wconf 86' lang='lat' dir='ltr'><strong>tis</strong></span> <span class='ocrx_word' id='word_1_282' title='bbox 188 2127 399 2202; x_wconf 86' lang='lat' dir='ltr'><strong>conceptibus,</strong></span> <span class='ocrx_word' id='word_1_283' title='bbox 415 2127 624 2201; x_wconf 84' lang='lat' dir='ltr'><strong>sententiisque</strong></span> <span class='ocrx_word' id='word_1_284' title='bbox 645 2127 736 2186; x_wconf 87' lang='lat' dir='ltr'><strong>sacris</strong></span> <span class='ocrx_word' id='word_1_285' title='bbox 753 2125 849 2184; x_wconf 89' lang='lat' dir='ltr'><strong>solide</strong></span> <span class='ocrx_word' id='word_1_286' title='bbox 866 2139 933 2197; x_wconf 79' lang='lat' dir='ltr'><strong>ger-</strong></span> <span class='ocrx_word' id='word_1_287' title='bbox 975 2133 1225 2206; x_wconf 88' lang='lat' dir='ltr'><strong>respondeamus,</strong></span> <span class='ocrx_word' id='word_1_288' title='bbox 1240 2136 1368 2206; x_wconf 81' lang='lat' dir='ltr'><strong>vulgate</strong></span> <span class='ocrx_word' id='word_1_289' title='bbox 1387 2134 1596 2190; x_wconf 87' lang='lat' dir='ltr'><strong>consentientia</strong></span> <span class='ocrx_word' id='word_1_290' title='bbox 1617 2131 1771 2190; x_wconf 86' lang='lat' dir='ltr'><strong>ostendere</strong></span> 
     </span>
     <span class='ocr_line' id='line_1_24' title="bbox 136 2209 1771 2291; baseline 0 -19"><span class='ocrx_word' id='word_1_291' title='bbox 136 2227 285 2286; x_wconf 85' lang='lat' dir='ltr'><strong>maneque</strong></span> <span class='ocrx_word' id='word_1_292' title='bbox 311 2213 487 2281; x_wconf 87' lang='lat' dir='ltr'><strong>instructus,</strong></span> <span class='ocrx_word' id='word_1_293' title='bbox 514 2210 706 2269; x_wconf 79' lang='lat' dir='ltr'><strong>Ecclesiasten</strong></span> <span class='ocrx_word' id='word_1_294' title='bbox 732 2223 812 2279; x_wconf 80' lang='lat' dir='ltr'><strong>agee.</strong></span> <span class='ocrx_word' id='word_1_295' title='bbox 840 2209 932 2266; x_wconf 78' lang='lat' dir='ltr'><strong>Porro</strong></span> <span class='ocrx_word' id='word_1_296' title='bbox 976 2215 1771 2291; x_wconf 77' lang='lat' dir='ltr'><strong>euitar30tsiquemalium,nostroetameunonudser·</strong></span> 
     </span>
     <span class='ocr_line' id='line_1_25' title="bbox 137 2291 1771 2373; baseline 0.001 -19"><span class='ocrx_word' id='word_1_297' title='bbox 137 2295 312 2354; x_wconf 86' lang='lat' dir='ltr'><strong>Scholastica</strong></span> <span class='ocrx_word' id='word_1_298' title='bbox 331 2295 506 2366; x_wconf 80' lang='lat' dir='ltr'><strong>neutiquam</strong></span> <span class='ocrx_word' id='word_1_299' title='bbox 526 2294 558 2350; x_wconf 93' lang='lat' dir='ltr'><strong>id</strong></span> <span class='ocrx_word' id='word_1_300' title='bbox 579 2293 637 2352; x_wconf 86' lang='lat' dir='ltr'><strong>sibi</strong></span> <span class='ocrx_word' id='word_1_301' title='bbox 654 2309 741 2352; x_wconf 81' lang='lat' dir='ltr'><strong>noue</strong></span> <span class='ocrx_word' id='word_1_302' title='bbox 759 2291 935 2359; x_wconf 67' lang='lat' dir='ltr'><strong>deceased</strong></span> <span class='ocrx_word' id='word_1_303' title='bbox 976 2300 1147 2373; x_wconf 72' lang='lat' dir='ltr'><strong>sumptum</strong></span> <span class='ocrx_word' id='word_1_304' title='bbox 1162 2302 1320 2358; x_wconf 78' lang='lat' dir='ltr'><strong>doctumve</strong></span> <span class='ocrx_word' id='word_1_305' title='bbox 1331 2298 1689 2372; x_wconf 86' lang='lat' dir='ltr'><strong>suggeruatiatellaotum,</strong></span> <span class='ocrx_word' id='word_1_306' title='bbox 1700 2313 1771 2357; x_wconf 88' lang='lat' dir='ltr'><strong>eum</strong></span> 
     </span>
     <span class='ocr_line' id='line_1_26' title="bbox 136 2373 1772 2454; baseline 0.002 -17"><span class='ocrx_word' id='word_1_307' title='bbox 136 2378 243 2436; x_wconf 81' lang='lat' dir='ltr'><strong>lubeas</strong></span> <span class='ocrx_word' id='word_1_308' title='bbox 255 2421 264 2448; x_wconf 93' lang='lat'><strong>,</strong></span> <span class='ocrx_word' id='word_1_309' title='bbox 277 2378 364 2452; x_wconf 86' lang='lat' dir='ltr'><strong>quasi</strong></span> <span class='ocrx_word' id='word_1_310' title='bbox 377 2393 526 2450; x_wconf 84' lang='lat' dir='ltr'><strong>germanae</strong></span> <span class='ocrx_word' id='word_1_311' title='bbox 546 2392 609 2436; x_wconf 81' lang='lat' dir='ltr'><strong>sua</strong></span> <span class='ocrx_word' id='word_1_312' title='bbox 627 2376 841 2436; x_wconf 76' lang='lat' dir='ltr'><strong>attuitiatriuem</strong></span> <span class='ocrx_word' id='word_1_313' title='bbox 859 2373 934 2434; x_wconf 78' lang='lat' dir='ltr'><strong>usui·</strong></span> <span class='ocrx_word' id='word_1_314' title='bbox 977 2381 1098 2440; x_wconf 87' lang='lat' dir='ltr'><strong>aiieram</strong></span> <span class='ocrx_word' id='word_1_315' title='bbox 1106 2399 1115 2454; x_wconf 82' lang='lat' dir='ltr'><strong>i</strong></span> <span class='ocrx_word' id='word_1_316' title='bbox 1130 2384 1182 2440; x_wconf 86' lang='lat' dir='ltr'><strong>sed</strong></span> <span class='ocrx_word' id='word_1_317' title='bbox 1196 2384 1250 2453; x_wconf 93' lang='lat' dir='ltr'><strong>ita,</strong></span> <span class='ocrx_word' id='word_1_318' title='bbox 1268 2389 1299 2440; x_wconf 88' lang='lat' dir='ltr'><strong>ut</strong></span> <span class='ocrx_word' id='word_1_319' title='bbox 1312 2381 1421 2442; x_wconf 76' lang='lat' dir='ltr'><strong>Latinis</strong></span> <span class='ocrx_word' id='word_1_320' title='bbox 1436 2383 1556 2440; x_wconf 82' lang='lat' dir='ltr'><strong>hebraea</strong></span> <span class='ocrx_word' id='word_1_321' title='bbox 1568 2381 1692 2439; x_wconf 86' lang='lat' dir='ltr'><strong>reddam</strong></span> <span class='ocrx_word' id='word_1_322' title='bbox 1706 2397 1772 2440; x_wconf 85' lang='lat' dir='ltr'><strong>ver·</strong></span> 
     </span>
     <span class='ocr_line' id='line_1_27' title="bbox 136 2457 1769 2540; baseline 0.004 -22"><span class='ocrx_word' id='word_1_323' title='bbox 136 2459 197 2532; x_wconf 87' lang='lat' dir='ltr'><strong>piet</strong></span> <span class='ocrx_word' id='word_1_324' title='bbox 216 2457 359 2536; x_wconf 86' lang='lat' dir='ltr'><strong>dabitque</strong></span> <span class='ocrx_word' id='word_1_325' title='bbox 371 2461 522 2534; x_wconf 74' lang='lat' dir='ltr'><strong>desuem,</strong></span> <span class='ocrx_word' id='word_1_326' title='bbox 537 2476 572 2518; x_wconf 90' lang='lat' dir='ltr'><strong>ao</strong></span> <span class='ocrx_word' id='word_1_327' title='bbox 586 2460 728 2534; x_wconf 87' lang='lat' dir='ltr'><strong>partietur</strong></span> <span class='ocrx_word' id='word_1_328' title='bbox 744 2473 851 2532; x_wconf 85' lang='lat' dir='ltr'><strong>operae</strong></span> <span class='ocrx_word' id='word_1_329' title='bbox 863 2457 935 2518; x_wconf 89' lang='lat' dir='ltr'><strong>otri·</strong></span> <span class='ocrx_word' id='word_1_330' title='bbox 976 2464 1042 2523; x_wconf 74' lang='lat' dir='ltr'><strong>bist</strong></span> <span class='ocrx_word' id='word_1_331' title='bbox 1057 2470 1091 2522; x_wconf 93' lang='lat' dir='ltr'><strong>ut</strong></span> <span class='ocrx_word' id='word_1_332' title='bbox 1103 2470 1132 2522; x_wconf 92' lang='lat' dir='ltr'><strong>et</strong></span> <span class='ocrx_word' id='word_1_333' title='bbox 1143 2467 1196 2540; x_wconf 88' lang='lat' dir='ltr'><strong>qui</strong></span> <span class='ocrx_word' id='word_1_334' title='bbox 1210 2467 1329 2524; x_wconf 81' lang='lat' dir='ltr'><strong>ttebras</strong></span> <span class='ocrx_word' id='word_1_335' title='bbox 1342 2467 1493 2537; x_wconf 90' lang='lat' dir='ltr'><strong>nesciunt,</strong></span> <span class='ocrx_word' id='word_1_336' title='bbox 1511 2481 1546 2523; x_wconf 90' lang='lat' dir='ltr'><strong>ea</strong></span> <span class='ocrx_word' id='word_1_337' title='bbox 1560 2469 1769 2540; x_wconf 71' lang='lat' dir='ltr'><strong>assequentem</strong></span> 
     </span>
     <span class='ocr_line' id='line_1_28' title="bbox 139 2543 1768 2624; baseline 0.002 -22"><span class='ocrx_word' id='word_1_338' title='bbox 139 2559 198 2617; x_wconf 81' lang='lat' dir='ltr'><strong>qtae</strong></span> <span class='ocrx_word' id='word_1_339' title='bbox 212 2543 394 2622; x_wconf 81' lang='lat' dir='ltr'><strong>pmtataras.</strong></span> <span class='ocrx_word' id='word_1_340' title='bbox 976 2554 1005 2607; x_wconf 90' lang='lat' dir='ltr'><strong>et</strong></span> <span class='ocrx_word' id='word_1_341' title='bbox 1024 2550 1076 2624; x_wconf 91' lang='lat' dir='ltr'><strong>qui</strong></span> <span class='ocrx_word' id='word_1_342' title='bbox 1096 2551 1208 2620; x_wconf 89' lang='lat' dir='ltr'><strong>sciunt,</strong></span> <span class='ocrx_word' id='word_1_343' title='bbox 1226 2550 1321 2608; x_wconf 84' lang='lat' dir='ltr'><strong>leutos</strong></span> <span class='ocrx_word' id='word_1_344' title='bbox 1341 2551 1495 2608; x_wconf 87' lang='lat' dir='ltr'><strong>consulere</strong></span> <span class='ocrx_word' id='word_1_345' title='bbox 1514 2549 1645 2623; x_wconf 80' lang='lat' dir='ltr'><strong>possint3</strong></span> <span class='ocrx_word' id='word_1_346' title='bbox 1665 2563 1768 2607; x_wconf 77' lang='lat' dir='ltr'><strong>verram</strong></span> 
     </span>
     <span class='ocr_line' id='line_1_29' title="bbox 51 2629 1697 2708; baseline 0.004 -24"><span class='ocrx_word' id='word_1_347' title='bbox 51 2642 82 2684; x_wconf 87' lang='grc' dir='ltr'><strong>ιι.</strong></span> <span class='ocrx_word' id='word_1_348' title='bbox 174 2631 220 2689; x_wconf 79' lang='lat' dir='ltr'><strong>sd</strong></span> <span class='ocrx_word' id='word_1_349' title='bbox 232 2646 281 2688; x_wconf 90' lang='lat' dir='ltr'><strong>me</strong></span> <span class='ocrx_word' id='word_1_350' title='bbox 294 2631 378 2703; x_wconf 91' lang='lat' dir='ltr'><strong>quod</strong></span> <span class='ocrx_word' id='word_1_351' title='bbox 388 2629 500 2700; x_wconf 85' lang='lat' dir='ltr'><strong>attinet,</strong></span> <span class='ocrx_word' id='word_1_352' title='bbox 514 2630 575 2687; x_wconf 83' lang='lat' dir='ltr'><strong>scio</strong></span> <span class='ocrx_word' id='word_1_353' title='bbox 588 2631 742 2702; x_wconf 88' lang='lat' dir='ltr'><strong>seutioque</strong></span> <span class='ocrx_word' id='word_1_354' title='bbox 757 2629 832 2703; x_wconf 89' lang='lat' dir='ltr'><strong>quid</strong></span> <span class='ocrx_word' id='word_1_355' title='bbox 846 2629 935 2690; x_wconf 87' lang='lat' dir='ltr'><strong>molis</strong></span> <span class='ocrx_word' id='word_1_356' title='bbox 975 2633 1151 2692; x_wconf 82' lang='lat' dir='ltr'><strong>haecomnia</strong></span> <span class='ocrx_word' id='word_1_357' title='bbox 1163 2647 1266 2708; x_wconf 88' lang='lat' dir='ltr'><strong>parce,</strong></span> <span class='ocrx_word' id='word_1_358' title='bbox 1281 2639 1310 2691; x_wconf 92' lang='lat' dir='ltr'><strong>et</strong></span> <span class='ocrx_word' id='word_1_359' title='bbox 1322 2649 1384 2691; x_wconf 90' lang='lat' dir='ltr'><strong>uon</strong></span> <span class='ocrx_word' id='word_1_360' title='bbox 1397 2633 1453 2691; x_wconf 91' lang='lat' dir='ltr'><strong>nisi</strong></span> <span class='ocrx_word' id='word_1_361' title='bbox 1466 2633 1519 2691; x_wconf 91' lang='lat' dir='ltr'><strong>ubi</strong></span> <span class='ocrx_word' id='word_1_362' title='bbox 1532 2649 1579 2690; x_wconf 90' lang='lat' dir='ltr'><strong>res</strong></span> <span class='ocrx_word' id='word_1_363' title='bbox 1592 2634 1697 2704; x_wconf 84' lang='lat' dir='ltr'><strong>exiget.</strong></span> 
     </span>
     <span class='ocr_line' id='line_1_30' title="bbox 28 2698 1770 2806; baseline 0.001 -34"><span class='ocrx_word' id='word_1_364' title='bbox 28 2698 129 2806; x_wconf 39' lang='grc' dir='ltr'><em>ἃ</em></span> <span class='ocrx_word' id='word_1_365' title='bbox 140 2715 318 2785; x_wconf 73' lang='lat' dir='ltr'><strong>suminam,</strong></span> <span class='ocrx_word' id='word_1_366' title='bbox 330 2729 482 2788; x_wconf 87' lang='lat' dir='ltr'><strong>quamque</strong></span> <span class='ocrx_word' id='word_1_367' title='bbox 496 2714 576 2774; x_wconf 85' lang='lat' dir='ltr'><strong>invia</strong></span> <span class='ocrx_word' id='word_1_368' title='bbox 588 2715 730 2774; x_wconf 81' lang='lat' dir='ltr'><strong>haetenus</strong></span> <span class='ocrx_word' id='word_1_369' title='bbox 742 2713 885 2772; x_wconf 84' lang='lat' dir='ltr'><strong>calcanda</strong></span> <span class='ocrx_word' id='word_1_370' title='bbox 898 2713 936 2772; x_wconf 88' lang='lat' dir='ltr'><strong>eit</strong></span> <span class='ocrx_word' id='word_1_371' title='bbox 1012 2717 1099 2787; x_wconf 84' lang='lat' dir='ltr'><strong>Quod</strong></span> <span class='ocrx_word' id='word_1_372' title='bbox 1112 2717 1152 2775; x_wconf 87' lang='lat' dir='ltr'><strong>ad</strong></span> <span class='ocrx_word' id='word_1_373' title='bbox 1166 2718 1317 2776; x_wconf 86' lang='lat' dir='ltr'><strong>itabbinos</strong></span> <span class='ocrx_word' id='word_1_374' title='bbox 1332 2717 1447 2788; x_wconf 91' lang='lat' dir='ltr'><strong>attinet,</strong></span> <span class='ocrx_word' id='word_1_375' title='bbox 1461 2717 1545 2774; x_wconf 86' lang='lat' dir='ltr'><strong>nulla</strong></span> <span class='ocrx_word' id='word_1_376' title='bbox 1558 2717 1631 2774; x_wconf 87' lang='lat' dir='ltr'><strong>mihi</strong></span> <span class='ocrx_word' id='word_1_377' title='bbox 1645 2732 1713 2774; x_wconf 84' lang='lat' dir='ltr'><strong>cunr</strong></span> <span class='ocrx_word' id='word_1_378' title='bbox 1727 2717 1770 2775; x_wconf 91' lang='lat' dir='ltr'><strong>eis</strong></span> 
     </span>
     <span class='ocr_line' id='line_1_31' title="bbox 28 2797 1770 2875; baseline 0.001 -17"><span class='ocrx_word' id='word_1_379' title='bbox 28 2821 82 2863; x_wconf 62' lang='lat' dir='ltr'><strong>aa</strong></span> <span class='ocrx_word' id='word_1_380' title='bbox 139 2798 393 2861; x_wconf 78' lang='lat' dir='ltr'><strong>riezaliudenim</strong></span> <span class='ocrx_word' id='word_1_381' title='bbox 404 2798 546 2870; x_wconf 78' lang='lat' dir='ltr'><strong>longeest</strong></span> <span class='ocrx_word' id='word_1_382' title='bbox 558 2798 692 2871; x_wconf 82' lang='lat' dir='ltr'><strong>prolixos</strong></span> <span class='ocrx_word' id='word_1_383' title='bbox 705 2797 934 2856; x_wconf 83' lang='lat' dir='ltr'><strong>evolvereoom·</strong></span> <span class='ocrx_word' id='word_1_384' title='bbox 977 2801 1032 2859; x_wconf 87' lang='lat' dir='ltr'><strong>erit</strong></span> <span class='ocrx_word' id='word_1_385' title='bbox 1048 2801 1235 2872; x_wconf 82' lang='lat' dir='ltr'><strong>communl03</strong></span> <span class='ocrx_word' id='word_1_386' title='bbox 1260 2802 1316 2858; x_wconf 86' lang='lat' dir='ltr'><strong>alsi</strong></span> <span class='ocrx_word' id='word_1_387' title='bbox 1338 2817 1400 2875; x_wconf 87' lang='lat' dir='ltr'><strong>qua</strong></span> <span class='ocrx_word' id='word_1_388' title='bbox 1421 2805 1504 2874; x_wconf 89' lang='lat' dir='ltr'><strong>parte</strong></span> <span class='ocrx_word' id='word_1_389' title='bbox 1527 2817 1595 2858; x_wconf 89' lang='lat' dir='ltr'><strong>cum</strong></span> <span class='ocrx_word' id='word_1_390' title='bbox 1614 2799 1770 2859; x_wconf 85' lang='lat' dir='ltr'><strong>Catholicis</strong></span> 
     </span>
     <span class='ocr_line' id='line_1_32' title="bbox 138 2879 1771 2958; baseline 0 -16"><span class='ocrx_word' id='word_1_391' title='bbox 138 2880 469 2954; x_wconf 56' lang='lat' dir='ltr'><strong>messanensibus</strong></span> <span class='ocrx_word' id='word_1_392' title='bbox 483 2897 560 2954; x_wconf 74' lang='lat' dir='ltr'><strong>saepe</strong></span> <span class='ocrx_word' id='word_1_393' title='bbox 578 2879 695 2950; x_wconf 80' lang='lat' dir='ltr'><strong>tructu3</strong></span> <span class='ocrx_word' id='word_1_394' title='bbox 710 2879 793 2939; x_wconf 89' lang='lat' dir='ltr'><strong>aliud</strong></span> <span class='ocrx_word' id='word_1_395' title='bbox 807 2879 936 2938; x_wconf 77' lang='lat' dir='ltr'><strong>breuiter</strong></span> <span class='ocrx_word' id='word_1_396' title='bbox 977 2884 1149 2940; x_wconf 89' lang='lat' dir='ltr'><strong>doctoribus</strong></span> <span class='ocrx_word' id='word_1_397' title='bbox 1168 2887 1353 2958; x_wconf 81' lang='lat' dir='ltr'><strong>conspirant,</strong></span> <span class='ocrx_word' id='word_1_398' title='bbox 1376 2889 1428 2942; x_wconf 87' lang='lat' dir='ltr'><strong>sut</strong></span> <span class='ocrx_word' id='word_1_399' title='bbox 1450 2883 1646 2954; x_wconf 87' lang='lat' dir='ltr'><strong>Christianos,</strong></span> <span class='ocrx_word' id='word_1_400' title='bbox 1662 2889 1690 2941; x_wconf 90' lang='lat' dir='ltr'><strong>et</strong></span> <span class='ocrx_word' id='word_1_401' title='bbox 1709 2899 1771 2942; x_wconf 81' lang='lat' dir='ltr'><strong>ma·</strong></span> 
     </span>
     <span class='ocr_line' id='line_1_33' title="bbox 136 2963 1771 3044; baseline -0.001 -18"><span class='ocrx_word' id='word_1_402' title='bbox 136 2981 260 3026; x_wconf 63' lang='lat' dir='ltr'><strong>masam</strong></span> <span class='ocrx_word' id='word_1_403' title='bbox 277 2981 294 3024; x_wconf 91' lang='lat' dir='ltr'><strong>e</strong></span> <span class='ocrx_word' id='word_1_404' title='bbox 314 2965 449 3024; x_wconf 82' lang='lat' dir='ltr'><strong>Patribus</strong></span> <span class='ocrx_word' id='word_1_405' title='bbox 460 2965 586 3044; x_wconf 77' lang='lat' dir='ltr'><strong>¹reddere</strong></span> <span class='ocrx_word' id='word_1_406' title='bbox 594 3001 605 3035; x_wconf 90' lang='lat'><strong>,</strong></span> <span class='ocrx_word' id='word_1_407' title='bbox 618 2964 851 3036; x_wconf 87' lang='lat' dir='ltr'><strong>historicumque</strong></span> <span class='ocrx_word' id='word_1_408' title='bbox 864 2963 937 3023; x_wconf 89' lang='lat' dir='ltr'><strong>alle·</strong></span> <span class='ocrx_word' id='word_1_409' title='bbox 975 2969 1055 3026; x_wconf 82' lang='lat' dir='ltr'><strong>xime</strong></span> <span class='ocrx_word' id='word_1_410' title='bbox 1069 2970 1096 3025; x_wconf 88' lang='lat' dir='ltr'><strong>S.</strong></span> <span class='ocrx_word' id='word_1_411' title='bbox 1109 2969 1332 3043; x_wconf 82' lang='lat' dir='ltr'><strong>hieronymum,</strong></span> <span class='ocrx_word' id='word_1_412' title='bbox 1346 2971 1379 3024; x_wconf 92' lang='lat' dir='ltr'><strong>ut</strong></span> <span class='ocrx_word' id='word_1_413' title='bbox 1391 2969 1422 3025; x_wconf 94' lang='lat' dir='ltr'><strong>iu</strong></span> <span class='ocrx_word' id='word_1_414' title='bbox 1435 2968 1537 3025; x_wconf 88' lang='lat' dir='ltr'><strong>multis</strong></span> <span class='ocrx_word' id='word_1_415' title='bbox 1552 2967 1771 3040; x_wconf 86' lang='lat' dir='ltr'><strong>deprehensum</strong></span> 
     </span>
     <span class='ocr_line' id='line_1_34' title="bbox 136 3047 1771 3126; baseline 0 -18"><span class='ocrx_word' id='word_1_416' title='bbox 136 3051 239 3124; x_wconf 89' lang='lat' dir='ltr'><strong>garico</strong></span> <span class='ocrx_word' id='word_1_417' title='bbox 255 3051 397 3122; x_wconf 82' lang='lat' dir='ltr'><strong>jungere,</strong></span> <span class='ocrx_word' id='word_1_418' title='bbox 412 3052 441 3106; x_wconf 88' lang='lat' dir='ltr'><strong>et</strong></span> <span class='ocrx_word' id='word_1_419' title='bbox 458 3049 584 3108; x_wconf 88' lang='lat' dir='ltr'><strong>alterum</strong></span> <span class='ocrx_word' id='word_1_420' title='bbox 605 3048 645 3110; x_wconf 88' lang='lat' dir='ltr'><strong>ab</strong></span> <span class='ocrx_word' id='word_1_421' title='bbox 665 3047 757 3106; x_wconf 88' lang='lat' dir='ltr'><strong>altero</strong></span> <span class='ocrx_word' id='word_1_422' title='bbox 772 3059 933 3106; x_wconf 85' lang='lat' dir='ltr'><strong>secernere.</strong></span> <span class='ocrx_word' id='word_1_423' title='bbox 976 3058 1034 3123; x_wconf 85' lang='lat' dir='ltr'><strong>est,</strong></span> <span class='ocrx_word' id='word_1_424' title='bbox 1050 3053 1138 3110; x_wconf 87' lang='lat' dir='ltr'><strong>tacito</strong></span> <span class='ocrx_word' id='word_1_425' title='bbox 1156 3054 1278 3109; x_wconf 89' lang='lat' dir='ltr'><strong>nomine</strong></span> <span class='ocrx_word' id='word_1_426' title='bbox 1297 3055 1464 3124; x_wconf 89' lang='lat' dir='ltr'><strong>sequuntur</strong></span> <span class='ocrx_word' id='word_1_427' title='bbox 1478 3068 1486 3107; x_wconf 80' lang='grc' dir='ltr'><strong>ι</strong></span> <span class='ocrx_word' id='word_1_428' title='bbox 1499 3051 1657 3126; x_wconf 79' lang='lat' dir='ltr'><strong>ceteroqui</strong></span> <span class='ocrx_word' id='word_1_429' title='bbox 1676 3065 1771 3122; x_wconf 90' lang='lat' dir='ltr'><strong>genus</strong></span> 
     </span>
     <span class='ocr_line' id='line_1_35' title="bbox 135 3131 1772 3206; baseline -0.002 -12"><span class='ocrx_word' id='word_1_430' title='bbox 135 3135 406 3204; x_wconf 65' lang='lat' dir='ltr'><strong>scemurensem</strong></span> <span class='ocrx_word' id='word_1_431' title='bbox 421 3133 507 3204; x_wconf 86' lang='lat' dir='ltr'><strong>duce,</strong></span> <span class='ocrx_word' id='word_1_432' title='bbox 520 3136 594 3192; x_wconf 88' lang='lat' dir='ltr'><strong>orat.</strong></span> <span class='ocrx_word' id='word_1_433' title='bbox 604 3135 624 3192; x_wconf 75' lang='lat' dir='ltr'><strong>t</strong></span> <span class='ocrx_word' id='word_1_434' title='bbox 633 3136 671 3188; x_wconf 80' lang='lat' dir='ltr'><strong>lle</strong></span> <span class='ocrx_word' id='word_1_435' title='bbox 684 3133 826 3196; x_wconf 72' lang='lat' dir='ltr'><strong>saciare.</strong></span> <span class='ocrx_word' id='word_1_436' title='bbox 836 3131 936 3190; x_wconf 84' lang='lat' dir='ltr'><strong>media</strong></span> <span class='ocrx_word' id='word_1_437' title='bbox 976 3138 1034 3196; x_wconf 86' lang='lat' dir='ltr'><strong>hoo</strong></span> <span class='ocrx_word' id='word_1_438' title='bbox 1047 3137 1204 3194; x_wconf 89' lang='lat' dir='ltr'><strong>hominum</strong></span> <span class='ocrx_word' id='word_1_439' title='bbox 1217 3134 1355 3206; x_wconf 79' lang='lat' dir='ltr'><strong>uulgare,</strong></span> <span class='ocrx_word' id='word_1_440' title='bbox 1370 3134 1530 3206; x_wconf 77' lang='lat' dir='ltr'><strong>abiectum,</strong></span> <span class='ocrx_word' id='word_1_441' title='bbox 1544 3133 1646 3202; x_wconf 86' lang='lat' dir='ltr'><strong>hebes,</strong></span> <span class='ocrx_word' id='word_1_442' title='bbox 1661 3133 1772 3191; x_wconf 89' lang='lat' dir='ltr'><strong>omnis-</strong></span> 
     </span>
     <span class='ocr_line' id='line_1_36' title="bbox 134 3214 1772 3296; baseline -0.001 -18"><span class='ocrx_word' id='word_1_443' title='bbox 134 3219 185 3278; x_wconf 79' lang='lat' dir='ltr'><strong>sie</strong></span> <span class='ocrx_word' id='word_1_444' title='bbox 198 3218 276 3278; x_wconf 87' lang='lat' dir='ltr'><strong>inter</strong></span> <span class='ocrx_word' id='word_1_445' title='bbox 288 3234 351 3290; x_wconf 88' lang='lat' dir='ltr'><strong>eos,</strong></span> <span class='ocrx_word' id='word_1_446' title='bbox 360 3217 413 3290; x_wconf 90' lang='lat' dir='ltr'><strong>qui</strong></span> <span class='ocrx_word' id='word_1_447' title='bbox 428 3217 570 3278; x_wconf 74' lang='grc' dir='ltr'>οιιιειοιο</span> <span class='ocrx_word' id='word_1_448' title='bbox 581 3215 699 3286; x_wconf 85' lang='lat' dir='ltr'><strong>iugenio</strong></span> <span class='ocrx_word' id='word_1_449' title='bbox 712 3215 814 3274; x_wconf 80' lang='lat' dir='ltr'><strong>littere</strong></span> <span class='ocrx_word' id='word_1_450' title='bbox 827 3214 934 3274; x_wconf 85' lang='lat' dir='ltr'><strong>imaro·</strong></span> <span class='ocrx_word' id='word_1_451' title='bbox 976 3237 1036 3296; x_wconf 89' lang='lat' dir='ltr'><strong>qua</strong></span> <span class='ocrx_word' id='word_1_452' title='bbox 1049 3220 1216 3277; x_wconf 77' lang='lat' dir='ltr'><strong>litteratura</strong></span> <span class='ocrx_word' id='word_1_453' title='bbox 1229 3231 1334 3291; x_wconf 83' lang='lat' dir='ltr'><strong>expers</strong></span> <span class='ocrx_word' id='word_1_454' title='bbox 1345 3217 1406 3288; x_wconf 85' lang='lat' dir='ltr'><strong>jam</strong></span> <span class='ocrx_word' id='word_1_455' title='bbox 1419 3216 1488 3272; x_wconf 91' lang='lat' dir='ltr'><strong>inde</strong></span> <span class='ocrx_word' id='word_1_456' title='bbox 1503 3216 1541 3272; x_wconf 90' lang='lat' dir='ltr'><strong>ab</strong></span> <span class='ocrx_word' id='word_1_457' title='bbox 1555 3217 1772 3291; x_wconf 79' lang='lat' dir='ltr'><strong>hierosolymo-</strong></span> 
     </span>
     <span class='ocr_line' id='line_1_37' title="bbox 134 3298 1771 3375; baseline -0.001 -15"><span class='ocrx_word' id='word_1_458' title='bbox 134 3305 256 3372; x_wconf 85' lang='lat' dir='ltr'><strong>rantnr,</strong></span> <span class='ocrx_word' id='word_1_459' title='bbox 271 3305 301 3357; x_wconf 88' lang='lat' dir='ltr'><strong>et</strong></span> <span class='ocrx_word' id='word_1_460' title='bbox 318 3315 386 3368; x_wconf 88' lang='lat' dir='ltr'><strong>eos,</strong></span> <span class='ocrx_word' id='word_1_461' title='bbox 401 3299 455 3370; x_wconf 91' lang='lat' dir='ltr'><strong>qui</strong></span> <span class='ocrx_word' id='word_1_462' title='bbox 476 3299 540 3355; x_wconf 87' lang='lat' dir='ltr'><strong>sola</strong></span> <span class='ocrx_word' id='word_1_463' title='bbox 558 3298 715 3369; x_wconf 88' lang='lat' dir='ltr'><strong>allegorica</strong></span> <span class='ocrx_word' id='word_1_464' title='bbox 732 3298 935 3372; x_wconf 84' lang='lat' dir='ltr'><strong>speculatione</strong></span> <span class='ocrx_word' id='word_1_465' title='bbox 976 3319 1043 3360; x_wconf 92' lang='lat' dir='ltr'><strong>rum</strong></span> <span class='ocrx_word' id='word_1_466' title='bbox 1057 3303 1205 3370; x_wconf 80' lang='lat' dir='ltr'><strong>vastitate,</strong></span> <span class='ocrx_word' id='word_1_467' title='bbox 1221 3315 1282 3375; x_wconf 90' lang='lat' dir='ltr'><strong>qua</strong></span> <span class='ocrx_word' id='word_1_468' title='bbox 1295 3304 1356 3357; x_wconf 88' lang='lat' dir='ltr'><strong>tota</strong></span> <span class='ocrx_word' id='word_1_469' title='bbox 1373 3314 1445 3372; x_wconf 90' lang='lat' dir='ltr'><strong>gens</strong></span> <span class='ocrx_word' id='word_1_470' title='bbox 1460 3313 1568 3372; x_wconf 91' lang='lat' dir='ltr'><strong>regno,</strong></span> <span class='ocrx_word' id='word_1_471' title='bbox 1582 3299 1713 3371; x_wconf 84' lang='lat' dir='ltr'><strong>civitate,</strong></span> <span class='ocrx_word' id='word_1_472' title='bbox 1724 3301 1771 3374; x_wconf 86' lang='lat' dir='ltr'><strong>ju·</strong></span> 
     </span>
     <span class='ocr_line' id='line_1_38' title="bbox 134 3381 1770 3462; baseline -0.001 -18"><span class='ocrx_word' id='word_1_473' title='bbox 134 3383 272 3462; x_wconf 82' lang='lat' dir='ltr'><strong>impense</strong></span> <span class='ocrx_word' id='word_1_474' title='bbox 288 3382 480 3454; x_wconf 86' lang='lat' dir='ltr'><strong>delectantur,</strong></span> <span class='ocrx_word' id='word_1_475' title='bbox 491 3381 840 3440; x_wconf 76' lang='lat' dir='ltr'><strong>incedendumsalierum</strong></span> <span class='ocrx_word' id='word_1_476' title='bbox 853 3381 934 3438; x_wconf 89' lang='lat' dir='ltr'><strong>euim</strong></span> <span class='ocrx_word' id='word_1_477' title='bbox 976 3385 1072 3456; x_wconf 90' lang='lat' dir='ltr'><strong>dicio,</strong></span> <span class='ocrx_word' id='word_1_478' title='bbox 1092 3385 1220 3459; x_wconf 88' lang='lat' dir='ltr'><strong>templo,</strong></span> <span class='ocrx_word' id='word_1_479' title='bbox 1240 3383 1341 3442; x_wconf 88' lang='lat' dir='ltr'><strong>litteris</strong></span> <span class='ocrx_word' id='word_1_480' title='bbox 1365 3387 1452 3441; x_wconf 87' lang='lat' dir='ltr'><strong>exuta</strong></span> <span class='ocrx_word' id='word_1_481' title='bbox 1470 3388 1500 3439; x_wconf 90' lang='lat' dir='ltr'><strong>et</strong></span> <span class='ocrx_word' id='word_1_482' title='bbox 1520 3383 1658 3440; x_wconf 89' lang='lat' dir='ltr'><strong>derelicta</strong></span> <span class='ocrx_word' id='word_1_483' title='bbox 1677 3383 1770 3456; x_wconf 76' lang='lat' dir='ltr'><strong>iacet,</strong></span> 
     </span>
     <span class='ocr_line' id='line_1_39' title="bbox 133 3466 1767 3542; baseline -0.001 -15"><span class='ocrx_word' id='word_1_484' title='bbox 133 3467 295 3529; x_wconf 78' lang='lat' dir='ltr'><strong>ludoicum</strong></span> <span class='ocrx_word' id='word_1_485' title='bbox 311 3473 355 3526; x_wconf 85' lang='lat' dir='ltr'><strong>est</strong></span> <span class='ocrx_word' id='word_1_486' title='bbox 371 3471 461 3542; x_wconf 88' lang='lat' dir='ltr'><strong>atque</strong></span> <span class='ocrx_word' id='word_1_487' title='bbox 481 3467 645 3539; x_wconf 84' lang='lat' dir='ltr'><strong>abjectum,</strong></span> <span class='ocrx_word' id='word_1_488' title='bbox 659 3468 786 3528; x_wconf 88' lang='lat' dir='ltr'><strong>alterum</strong></span> <span class='ocrx_word' id='word_1_489' title='bbox 799 3468 935 3540; x_wconf 88' lang='lat' dir='ltr'><strong>ineptum</strong></span> <span class='ocrx_word' id='word_1_490' title='bbox 973 3471 1058 3542; x_wconf 82' lang='lat' dir='ltr'><strong>juxta</strong></span> <span class='ocrx_word' id='word_1_491' title='bbox 1074 3471 1154 3528; x_wconf 77' lang='lat' dir='ltr'><strong>oseae</strong></span> <span class='ocrx_word' id='word_1_492' title='bbox 1168 3467 1357 3537; x_wconf 78' lang='lat' dir='ltr'><strong>raficlnium,</strong></span> <span class='ocrx_word' id='word_1_493' title='bbox 1371 3467 1434 3524; x_wconf 87' lang='lat' dir='ltr'><strong>sins</strong></span> <span class='ocrx_word' id='word_1_494' title='bbox 1447 3481 1531 3538; x_wconf 86' lang='lat' dir='ltr'><strong>rege,</strong></span> <span class='ocrx_word' id='word_1_495' title='bbox 1544 3466 1607 3523; x_wconf 87' lang='lat' dir='ltr'><strong>elne</strong></span> <span class='ocrx_word' id='word_1_496' title='bbox 1618 3467 1767 3541; x_wconf 89' lang='lat' dir='ltr'><strong>principe,</strong></span> 
     </span>
     <span class='ocr_line' id='line_1_40' title="bbox 133 3549 1773 3626; baseline -0.002 -14"><span class='ocrx_word' id='word_1_497' title='bbox 133 3569 171 3612; x_wconf 82' lang='lat' dir='ltr'><strong>ee</strong></span> <span class='ocrx_word' id='word_1_498' title='bbox 185 3551 375 3612; x_wconf 86' lang='lat' dir='ltr'><strong>somniorum</strong></span> <span class='ocrx_word' id='word_1_499' title='bbox 388 3551 565 3626; x_wconf 88' lang='lat' dir='ltr'><strong>interpretis,</strong></span> <span class='ocrx_word' id='word_1_500' title='bbox 576 3551 701 3625; x_wconf 88' lang='lat' dir='ltr'><strong>parique</strong></span> <span class='ocrx_word' id='word_1_501' title='bbox 716 3556 877 3624; x_wconf 78' lang='lat' dir='ltr'><strong>ulnamque</strong></span> <span class='ocrx_word' id='word_1_502' title='bbox 890 3565 936 3608; x_wconf 90' lang='lat' dir='ltr'><strong>re·</strong></span> <span class='ocrx_word' id='word_1_503' title='bbox 976 3555 1038 3610; x_wconf 90' lang='lat' dir='ltr'><strong>siue</strong></span> <span class='ocrx_word' id='word_1_504' title='bbox 1051 3552 1211 3621; x_wconf 84' lang='lat' dir='ltr'><strong>sacrificio,</strong></span> <span class='ocrx_word' id='word_1_505' title='bbox 1226 3552 1288 3610; x_wconf 89' lang='lat' dir='ltr'><strong>siue</strong></span> <span class='ocrx_word' id='word_1_506' title='bbox 1302 3551 1403 3622; x_wconf 80' lang='lat' dir='ltr'><strong>simul,</strong></span> <span class='ocrx_word' id='word_1_507' title='bbox 1417 3551 1479 3607; x_wconf 90' lang='lat' dir='ltr'><strong>sine</strong></span> <span class='ocrx_word' id='word_1_508' title='bbox 1494 3550 1610 3624; x_wconf 88' lang='lat' dir='ltr'><strong>ephod,</strong></span> <span class='ocrx_word' id='word_1_509' title='bbox 1630 3549 1692 3606; x_wconf 88' lang='lat' dir='ltr'><strong>siue</strong></span> <span class='ocrx_word' id='word_1_510' title='bbox 1710 3551 1773 3609; x_wconf 87' lang='lat' dir='ltr'><strong>the·</strong></span> 
     </span>
     <span class='ocr_line' id='line_1_41' title="bbox 132 3629 1772 3712; baseline -0.004 -16"><span class='ocrx_word' id='word_1_511' title='bbox 132 3637 333 3712; x_wconf 86' lang='lat' dir='ltr'><strong>prehensione</strong></span> <span class='ocrx_word' id='word_1_512' title='bbox 347 3636 491 3710; x_wconf 83' lang='lat' dir='ltr'><strong>dignum3</strong></span> <span class='ocrx_word' id='word_1_513' title='bbox 502 3637 624 3712; x_wconf 85' lang='lat' dir='ltr'><strong>siquod</strong></span> <span class='ocrx_word' id='word_1_514' title='bbox 635 3638 663 3696; x_wconf 81' lang='lat' dir='ltr'><strong>S.</strong></span> <span class='ocrx_word' id='word_1_515' title='bbox 673 3635 866 3707; x_wconf 76' lang='lat' dir='ltr'><strong>augustinus,</strong></span> <span class='ocrx_word' id='word_1_516' title='bbox 878 3633 933 3691; x_wconf 89' lang='lat' dir='ltr'><strong>lib.</strong></span> <span class='ocrx_word' id='word_1_517' title='bbox 975 3637 1103 3710; x_wconf 87' lang='lat' dir='ltr'><strong>raphim.</strong></span> <span class='ocrx_word' id='word_1_518' title='bbox 1116 3637 1267 3710; x_wconf 82' lang='lat' dir='ltr'><strong>hystlcam</strong></span> <span class='ocrx_word' id='word_1_519' title='bbox 1279 3647 1351 3691; x_wconf 79' lang='lat' dir='ltr'><strong>uero</strong></span> <span class='ocrx_word' id='word_1_520' title='bbox 1364 3633 1587 3705; x_wconf 86' lang='lat' dir='ltr'><strong>intelligentiam</strong></span> <span class='ocrx_word' id='word_1_521' title='bbox 1603 3629 1679 3690; x_wconf 86' lang='lat' dir='ltr'><strong>adso</strong></span> <span class='ocrx_word' id='word_1_522' title='bbox 1693 3645 1772 3690; x_wconf 89' lang='lat' dir='ltr'><strong>nun·</strong></span> 
     </span>
     <span class='ocr_line' id='line_1_42' title="bbox 132 3717 1772 3798; baseline -0.005 -15"><span class='ocrx_word' id='word_1_523' title='bbox 132 3727 204 3786; x_wconf 80' lang='lat' dir='ltr'><strong>xvh</strong></span> <span class='ocrx_word' id='word_1_524' title='bbox 216 3727 257 3786; x_wconf 85' lang='lat' dir='ltr'><strong>lte</strong></span> <span class='ocrx_word' id='word_1_525' title='bbox 274 3725 370 3792; x_wconf 71' lang='lat' dir='ltr'><strong>Gisia,</strong></span> <span class='ocrx_word' id='word_1_526' title='bbox 387 3738 454 3798; x_wconf 84' lang='lat' dir='ltr'><strong>cap.</strong></span> <span class='ocrx_word' id='word_1_527' title='bbox 470 3738 524 3794; x_wconf 85' lang='lat' dir='ltr'><strong>ru,</strong></span> <span class='ocrx_word' id='word_1_528' title='bbox 538 3721 640 3794; x_wconf 88' lang='lat' dir='ltr'><strong>docet,</strong></span> <span class='ocrx_word' id='word_1_529' title='bbox 654 3723 782 3782; x_wconf 89' lang='lat' dir='ltr'><strong>multum</strong></span> <span class='ocrx_word' id='word_1_530' title='bbox 796 3723 869 3782; x_wconf 88' lang='lat' dir='ltr'><strong>mihi</strong></span> <span class='ocrx_word' id='word_1_531' title='bbox 883 3739 936 3782; x_wconf 89' lang='lat' dir='ltr'><strong>aa·</strong></span> <span class='ocrx_word' id='word_1_532' title='bbox 975 3737 1068 3796; x_wconf 86' lang='lat' dir='ltr'><strong>quarn</strong></span> <span class='ocrx_word' id='word_1_533' title='bbox 1090 3722 1153 3795; x_wconf 89' lang='lat' dir='ltr'><strong>ipse</strong></span> <span class='ocrx_word' id='word_1_534' title='bbox 1180 3720 1398 3790; x_wconf 88' lang='lat' dir='ltr'><strong>comminiscar,</strong></span> <span class='ocrx_word' id='word_1_535' title='bbox 1423 3722 1457 3775; x_wconf 92' lang='lat' dir='ltr'><strong>ut</strong></span> <span class='ocrx_word' id='word_1_536' title='bbox 1478 3717 1539 3775; x_wconf 90' lang='lat' dir='ltr'><strong>suis</strong></span> <span class='ocrx_word' id='word_1_537' title='bbox 1564 3729 1681 3791; x_wconf 88' lang='lat' dir='ltr'><strong>semper</strong></span> <span class='ocrx_word' id='word_1_538' title='bbox 1704 3733 1772 3776; x_wconf 90' lang='lat' dir='ltr'><strong>eam</strong></span> 
     </span>
     <span class='ocr_line' id='line_1_43' title="bbox 132 3802 1771 3884; baseline -0.007 -14"><span class='ocrx_word' id='word_1_539' title='bbox 132 3810 206 3870; x_wconf 83' lang='lat' dir='ltr'><strong>dere</strong></span> <span class='ocrx_word' id='word_1_540' title='bbox 224 3809 375 3877; x_wconf 82' lang='lat' dir='ltr'><strong>videntru,</strong></span> <span class='ocrx_word' id='word_1_541' title='bbox 395 3807 448 3884; x_wconf 88' lang='lat' dir='ltr'><strong>qui</strong></span> <span class='ocrx_word' id='word_1_542' title='bbox 465 3805 497 3866; x_wconf 89' lang='lat' dir='ltr'><strong>iu</strong></span> <span class='ocrx_word' id='word_1_543' title='bbox 515 3808 669 3880; x_wconf 82' lang='lat' dir='ltr'><strong>scripturis</strong></span> <span class='ocrx_word' id='word_1_544' title='bbox 692 3808 794 3866; x_wconf 89' lang='lat' dir='ltr'><strong>omnia</strong></span> <span class='ocrx_word' id='word_1_545' title='bbox 810 3823 935 3880; x_wconf 77' lang='lat' dir='ltr'><strong>prorsus</strong></span> <span class='ocrx_word' id='word_1_546' title='bbox 975 3807 1104 3864; x_wconf 87' lang='lat' dir='ltr'><strong>tribuam</strong></span> <span class='ocrx_word' id='word_1_547' title='bbox 1122 3803 1307 3875; x_wconf 88' lang='lat' dir='ltr'><strong>auctoribus,</strong></span> <span class='ocrx_word' id='word_1_548' title='bbox 1321 3809 1349 3861; x_wconf 87' lang='lat' dir='ltr'><strong>et</strong></span> <span class='ocrx_word' id='word_1_549' title='bbox 1369 3803 1465 3860; x_wconf 90' lang='lat' dir='ltr'><strong>sicubi</strong></span> <span class='ocrx_word' id='word_1_550' title='bbox 1485 3817 1519 3860; x_wconf 88' lang='lat' dir='ltr'><strong>ea</strong></span> <span class='ocrx_word' id='word_1_551' title='bbox 1539 3802 1593 3859; x_wconf 92' lang='lat' dir='ltr'><strong>erit</strong></span> <span class='ocrx_word' id='word_1_552' title='bbox 1612 3802 1771 3874; x_wconf 87' lang='lat' dir='ltr'><strong>illustrior,</strong></span> 
     </span>
     <span class='ocr_line' id='line_1_44' title="bbox 132 3885 1772 3968; baseline -0.004 -17"><span class='ocrx_word' id='word_1_553' title='bbox 132 3889 405 3968; x_wconf 60' lang='grc' dir='ltr'>ἀειιιιιιιιιοιιιιιιιε</span> <span class='ocrx_word' id='word_1_554' title='bbox 418 3889 583 3962; x_wconf 82' lang='lat' dir='ltr'><strong>allegoricis</strong></span> <span class='ocrx_word' id='word_1_555' title='bbox 595 3890 730 3950; x_wconf 81' lang='lat' dir='ltr'><strong>involuta</strong></span> <span class='ocrx_word' id='word_1_556' title='bbox 740 3905 802 3948; x_wconf 87' lang='lat' dir='ltr'><strong>esse</strong></span> <span class='ocrx_word' id='word_1_557' title='bbox 815 3895 937 3948; x_wconf 87' lang='lat' dir='ltr'><strong>conten·</strong></span> <span class='ocrx_word' id='word_1_558' title='bbox 974 3891 1076 3963; x_wconf 86' lang='lat' dir='ltr'><strong>paucis</strong></span> <span class='ocrx_word' id='word_1_559' title='bbox 1090 3890 1270 3965; x_wconf 84' lang='lat' dir='ltr'><strong>complectar</strong></span> <span class='ocrx_word' id='word_1_560' title='bbox 1282 3905 1290 3944; x_wconf 81' lang='grc' dir='ltr'><strong>ι</strong></span> <span class='ocrx_word' id='word_1_561' title='bbox 1303 3887 1376 3944; x_wconf 86' lang='lat' dir='ltr'><strong>alias</strong></span> <span class='ocrx_word' id='word_1_562' title='bbox 1389 3887 1469 3944; x_wconf 88' lang='lat' dir='ltr'><strong>unde</strong></span> <span class='ocrx_word' id='word_1_563' title='bbox 1479 3887 1606 3959; x_wconf 88' lang='lat' dir='ltr'><strong>peteuda</strong></span> <span class='ocrx_word' id='word_1_564' title='bbox 1620 3887 1666 3956; x_wconf 88' lang='lat' dir='ltr'><strong>sit,</strong></span> <span class='ocrx_word' id='word_1_565' title='bbox 1678 3885 1772 3958; x_wconf 90' lang='lat' dir='ltr'><strong>digito</strong></span> 
     </span>
     <span class='ocr_line' id='line_1_45' title="bbox 131 3970 1773 4050; baseline -0.005 -14"><span class='ocrx_word' id='word_1_566' title='bbox 131 3977 225 4050; x_wconf 88' lang='lat' dir='ltr'><strong>dunt,</strong></span> <span class='ocrx_word' id='word_1_567' title='bbox 238 3976 282 4034; x_wconf 88' lang='lat' dir='ltr'><strong>uti</strong></span> <span class='ocrx_word' id='word_1_568' title='bbox 295 3976 328 4034; x_wconf 88' lang='lat' dir='ltr'><strong>in</strong></span> <span class='ocrx_word' id='word_1_569' title='bbox 340 3976 398 4032; x_wconf 86' lang='lat' dir='ltr'><strong>hoo</strong></span> <span class='ocrx_word' id='word_1_570' title='bbox 408 3977 574 4034; x_wconf 78' lang='lat' dir='ltr'><strong>exuemum</strong></span> <span class='ocrx_word' id='word_1_571' title='bbox 584 3973 688 4034; x_wconf 83' lang='lat' dir='ltr'><strong>devius</strong></span> <span class='ocrx_word' id='word_1_572' title='bbox 701 3972 769 4032; x_wconf 89' lang='lat' dir='ltr'><strong>iecit</strong></span> <span class='ocrx_word' id='word_1_573' title='bbox 782 3973 935 4044; x_wconf 79' lang='lat' dir='ltr'><strong>Origenes,</strong></span> <span class='ocrx_word' id='word_1_574' title='bbox 975 3975 1014 4032; x_wconf 90' lang='lat' dir='ltr'><strong>ad</strong></span> <span class='ocrx_word' id='word_1_575' title='bbox 1028 3975 1122 4030; x_wconf 78' lang='grc' dir='ltr'>ιοιιιιιι</span> <span class='ocrx_word' id='word_1_576' title='bbox 1137 3975 1248 4030; x_wconf 89' lang='lat' dir='ltr'><strong>intento</strong></span> <span class='ocrx_word' id='word_1_577' title='bbox 1261 3971 1514 4028; x_wconf 88' lang='lat' dir='ltr'><strong>commonstraho.</strong></span> <span class='ocrx_word' id='word_1_578' title='bbox 1527 3973 1618 4028; x_wconf 86' lang='lat' dir='ltr'><strong>Porro</strong></span> <span class='ocrx_word' id='word_1_579' title='bbox 1631 3970 1694 4028; x_wconf 79' lang='lat' dir='ltr'><strong>irasc</strong></span> <span class='ocrx_word' id='word_1_580' title='bbox 1707 3985 1773 4028; x_wconf 89' lang='lat' dir='ltr'><strong>cm·</strong></span> 
     </span>
     <span class='ocr_line' id='line_1_46' title="bbox 131 4053 1773 4132; baseline -0.007 -12"><span class='ocrx_word' id='word_1_581' title='bbox 131 4062 211 4122; x_wconf 88' lang='lat' dir='ltr'><strong>dum</strong></span> <span class='ocrx_word' id='word_1_582' title='bbox 221 4058 394 4122; x_wconf 84' lang='lat' dir='ltr'><strong>historicam</strong></span> <span class='ocrx_word' id='word_1_583' title='bbox 407 4055 534 4132; x_wconf 86' lang='lat' dir='ltr'><strong>fugiens,</strong></span> <span class='ocrx_word' id='word_1_584' title='bbox 546 4057 610 4118; x_wconf 87' lang='lat' dir='ltr'><strong>imo</strong></span> <span class='ocrx_word' id='word_1_585' title='bbox 623 4057 755 4126; x_wconf 83' lang='lat' dir='ltr'><strong>elidens,</strong></span> <span class='ocrx_word' id='word_1_586' title='bbox 770 4056 934 4126; x_wconf 83' lang='lat' dir='ltr'><strong>veritatem,</strong></span> <span class='ocrx_word' id='word_1_587' title='bbox 974 4055 1024 4113; x_wconf 90' lang='lat' dir='ltr'><strong>nia</strong></span> <span class='ocrx_word' id='word_1_588' title='bbox 1042 4056 1148 4128; x_wconf 87' lang='lat' dir='ltr'><strong>majori</strong></span> <span class='ocrx_word' id='word_1_589' title='bbox 1166 4056 1306 4112; x_wconf 85' lang='lat' dir='ltr'><strong>brevitate</strong></span> <span class='ocrx_word' id='word_1_590' title='bbox 1331 4053 1455 4124; x_wconf 85' lang='lat' dir='ltr'><strong>luciam,</strong></span> <span class='ocrx_word' id='word_1_591' title='bbox 1475 4069 1567 4127; x_wconf 89' lang='lat' dir='ltr'><strong>quam</strong></span> <span class='ocrx_word' id='word_1_592' title='bbox 1585 4053 1640 4110; x_wconf 88' lang='lat' dir='ltr'><strong>ieci</strong></span> <span class='ocrx_word' id='word_1_593' title='bbox 1658 4053 1690 4110; x_wconf 91' lang='lat' dir='ltr'><strong>in</strong></span> <span class='ocrx_word' id='word_1_594' title='bbox 1703 4053 1773 4127; x_wconf 83' lang='lat' dir='ltr'><strong>lipi-</strong></span> 
     </span>
     <span class='ocr_line' id='line_1_47' title="bbox 128 4137 1772 4219; baseline -0.005 -16"><span class='ocrx_word' id='word_1_595' title='bbox 128 4158 192 4219; x_wconf 87' lang='lat' dir='ltr'><strong>pro</strong></span> <span class='ocrx_word' id='word_1_596' title='bbox 211 4158 250 4204; x_wconf 80' lang='lat' dir='ltr'><strong>ee</strong></span> <span class='ocrx_word' id='word_1_597' title='bbox 266 4157 346 4216; x_wconf 69' lang='lat' dir='ltr'><strong>saepe</strong></span> <span class='ocrx_word' id='word_1_598' title='bbox 372 4139 529 4218; x_wconf 85' lang='lat' dir='ltr'><strong>quidpiam</strong></span> <span class='ocrx_word' id='word_1_599' title='bbox 553 4137 754 4214; x_wconf 86' lang='lat' dir='ltr'><strong>symbolicum</strong></span> <span class='ocrx_word' id='word_1_600' title='bbox 772 4139 933 4212; x_wconf 82' lang='lat' dir='ltr'><strong>supponit:</strong></span> <span class='ocrx_word' id='word_1_601' title='bbox 975 4139 1065 4198; x_wconf 86' lang='lat' dir='ltr'><strong>stolas</strong></span> <span class='ocrx_word' id='word_1_602' title='bbox 1079 4139 1224 4210; x_wconf 79' lang='lat' dir='ltr'><strong>Paulines,</strong></span> <span class='ocrx_word' id='word_1_603' title='bbox 1243 4143 1277 4196; x_wconf 88' lang='lat' dir='ltr'><strong>ut</strong></span> <span class='ocrx_word' id='word_1_604' title='bbox 1292 4139 1464 4196; x_wconf 88' lang='lat' dir='ltr'><strong>universum</strong></span> <span class='ocrx_word' id='word_1_605' title='bbox 1479 4138 1622 4196; x_wconf 80' lang='lat' dir='ltr'><strong>biblicum</strong></span> <span class='ocrx_word' id='word_1_606' title='bbox 1642 4139 1772 4196; x_wconf 87' lang='lat' dir='ltr'><strong>curricu-</strong></span> 
     </span>
     <span class='ocr_line' id='line_1_48' title="bbox 129 4221 1770 4310; baseline -0.003 -25"><span class='ocrx_word' id='word_1_607' title='bbox 129 4227 211 4286; x_wconf 84' lang='lat' dir='ltr'><strong>dum</strong></span> <span class='ocrx_word' id='word_1_608' title='bbox 224 4227 337 4286; x_wconf 71' lang='lat' dir='ltr'><strong>araas</strong></span> <span class='ocrx_word' id='word_1_609' title='bbox 350 4223 456 4282; x_wconf 82' lang='lat' dir='ltr'><strong>adami</strong></span> <span class='ocrx_word' id='word_1_610' title='bbox 469 4227 551 4284; x_wconf 88' lang='lat' dir='ltr'><strong>cosia</strong></span> <span class='ocrx_word' id='word_1_611' title='bbox 563 4223 781 4292; x_wconf 83' lang='lat' dir='ltr'><strong>formationem,</strong></span> <span class='ocrx_word' id='word_1_612' title='bbox 795 4221 934 4294; x_wconf 86' lang='lat' dir='ltr'><strong>spiritua·</strong></span> <span class='ocrx_word' id='word_1_613' title='bbox 975 4225 1039 4282; x_wconf 89' lang='lat' dir='ltr'><strong>lum</strong></span> <span class='ocrx_word' id='word_1_614' title='bbox 1059 4225 1161 4298; x_wconf 86' lang='lat' dir='ltr'><strong>paucis</strong></span> <span class='ocrx_word' id='word_1_615' title='bbox 1181 4223 1266 4281; x_wconf 87' lang='lat' dir='ltr'><strong>aunis</strong></span> <span class='ocrx_word' id='word_1_616' title='bbox 1289 4225 1318 4280; x_wconf 91' lang='lat' dir='ltr'><strong>et</strong></span> <span class='ocrx_word' id='word_1_617' title='bbox 1340 4221 1429 4279; x_wconf 89' lang='lat' dir='ltr'><strong>tomis</strong></span> <span class='ocrx_word' id='word_1_618' title='bbox 1443 4221 1493 4310; x_wconf 42' lang='lat' dir='ltr'><strong>&#39;ad</strong></span> <span class='ocrx_word' id='word_1_619' title='bbox 1514 4222 1624 4278; x_wconf 86' lang='lat' dir='ltr'><strong>calcem</strong></span> <span class='ocrx_word' id='word_1_620' title='bbox 1640 4221 1677 4294; x_wconf 89' lang='lat' dir='ltr'><strong>(si</strong></span> <span class='ocrx_word' id='word_1_621' title='bbox 1696 4223 1770 4280; x_wconf 82' lang='lat' dir='ltr'><strong>heus</strong></span> 
     </span>
     <span class='ocr_line' id='line_1_49' title="bbox 129 4303 1770 4384; baseline -0.001 -16"><span class='ocrx_word' id='word_1_622' title='bbox 129 4311 201 4372; x_wconf 91' lang='lat' dir='ltr'><strong>liter</strong></span> <span class='ocrx_word' id='word_1_623' title='bbox 214 4305 422 4382; x_wconf 84' lang='lat' dir='ltr'><strong>accipiendam</strong></span> <span class='ocrx_word' id='word_1_624' title='bbox 434 4309 536 4384; x_wconf 84' lang='lat' dir='ltr'><strong>putat:</strong></span> <span class='ocrx_word' id='word_1_625' title='bbox 552 4305 675 4366; x_wconf 86' lang='lat' dir='ltr'><strong>arbores</strong></span> <span class='ocrx_word' id='word_1_626' title='bbox 688 4303 830 4380; x_wconf 84' lang='lat' dir='ltr'><strong>paradisi,</strong></span> <span class='ocrx_word' id='word_1_627' title='bbox 846 4321 935 4378; x_wconf 81' lang='lat' dir='ltr'><strong>ange·</strong></span> <span class='ocrx_word' id='word_1_628' title='bbox 974 4311 1051 4366; x_wconf 83' lang='lat' dir='ltr'><strong>vires</strong></span> <span class='ocrx_word' id='word_1_629' title='bbox 1069 4315 1099 4367; x_wconf 89' lang='lat' dir='ltr'><strong>et</strong></span> <span class='ocrx_word' id='word_1_630' title='bbox 1114 4309 1238 4382; x_wconf 86' lang='lat' dir='ltr'><strong>gratiam</strong></span> <span class='ocrx_word' id='word_1_631' title='bbox 1256 4306 1384 4380; x_wconf 86' lang='lat' dir='ltr'><strong>dederit)</strong></span> <span class='ocrx_word' id='word_1_632' title='bbox 1407 4307 1579 4382; x_wconf 88' lang='lat' dir='ltr'><strong>perducam.</strong></span> <span class='ocrx_word' id='word_1_633' title='bbox 1593 4309 1688 4376; x_wconf 85' lang='lat' dir='ltr'><strong>Quam</strong></span> <span class='ocrx_word' id='word_1_634' title='bbox 1702 4321 1770 4366; x_wconf 83' lang='lat' dir='ltr'><strong>vero</strong></span> 
     </span>
     <span class='ocr_line' id='line_1_50' title="bbox 128 4387 1770 4466; baseline -0.002 -14"><span class='ocrx_word' id='word_1_635' title='bbox 128 4394 224 4454; x_wconf 80' lang='lat' dir='ltr'><strong>licam</strong></span> <span class='ocrx_word' id='word_1_636' title='bbox 244 4387 449 4450; x_wconf 85' lang='lat' dir='ltr'><strong>fortitudinem</strong></span> <span class='ocrx_word' id='word_1_637' title='bbox 468 4407 476 4446; x_wconf 83' lang='grc' dir='ltr'><strong>ι</strong></span> <span class='ocrx_word' id='word_1_638' title='bbox 495 4390 609 4450; x_wconf 87' lang='lat' dir='ltr'><strong>tunicas</strong></span> <span class='ocrx_word' id='word_1_639' title='bbox 630 4389 787 4466; x_wconf 83' lang='lat' dir='ltr'><strong>pelliceae,</strong></span> <span class='ocrx_word' id='word_1_640' title='bbox 808 4405 935 4464; x_wconf 88' lang='lat' dir='ltr'><strong>corpora</strong></span> <span class='ocrx_word' id='word_1_641' title='bbox 973 4392 1023 4451; x_wconf 92' lang='lat' dir='ltr'><strong>hic</strong></span> <span class='ocrx_word' id='word_1_642' title='bbox 1035 4393 1199 4450; x_wconf 78' lang='lat' dir='ltr'><strong>indefessus</strong></span> <span class='ocrx_word' id='word_1_643' title='bbox 1217 4393 1385 4466; x_wconf 85' lang='lat' dir='ltr'><strong>requiratur</strong></span> <span class='ocrx_word' id='word_1_644' title='bbox 1398 4392 1486 4449; x_wconf 89' lang='lat' dir='ltr'><strong>labor</strong></span> <span class='ocrx_word' id='word_1_645' title='bbox 1505 4393 1533 4448; x_wconf 92' lang='lat' dir='ltr'><strong>et</strong></span> <span class='ocrx_word' id='word_1_646' title='bbox 1552 4389 1685 4449; x_wconf 89' lang='lat' dir='ltr'><strong>studium</strong></span> <span class='ocrx_word' id='word_1_647' title='bbox 1702 4407 1770 4450; x_wconf 83' lang='lat' dir='ltr'><strong>curn</strong></span> 
     </span>
     <span class='ocr_line' id='line_1_51' title="bbox 127 4473 1770 4552; baseline -0.004 -14"><span class='ocrx_word' id='word_1_648' title='bbox 127 4481 285 4540; x_wconf 79' lang='lat' dir='ltr'><strong>humana:</strong></span> <span class='ocrx_word' id='word_1_649' title='bbox 302 4482 331 4538; x_wconf 87' lang='lat' dir='ltr'><strong>et</strong></span> <span class='ocrx_word' id='word_1_650' title='bbox 345 4473 434 4552; x_wconf 85' lang='lat' dir='ltr'><strong>plura</strong></span> <span class='ocrx_word' id='word_1_651' title='bbox 451 4476 561 4536; x_wconf 86' lang='lat' dir='ltr'><strong>similia</strong></span> <span class='ocrx_word' id='word_1_652' title='bbox 578 4476 702 4551; x_wconf 83' lang='lat' dir='ltr'><strong>mystice</strong></span> <span class='ocrx_word' id='word_1_653' title='bbox 716 4477 934 4550; x_wconf 84' lang='lat' dir='ltr'><strong>iuterpretatur,</strong></span> <span class='ocrx_word' id='word_1_654' title='bbox 975 4478 1035 4536; x_wconf 86' lang='lat' dir='ltr'><strong>acri</strong></span> <span class='ocrx_word' id='word_1_655' title='bbox 1043 4475 1156 4549; x_wconf 79' lang='lat' dir='ltr'><strong>iudicio</strong></span> <span class='ocrx_word' id='word_1_656' title='bbox 1165 4515 1175 4547; x_wconf 95' lang='lat'><strong>,</strong></span> <span class='ocrx_word' id='word_1_657' title='bbox 1193 4480 1226 4532; x_wconf 90' lang='lat' dir='ltr'><strong>ut</strong></span> <span class='ocrx_word' id='word_1_658' title='bbox 1241 4475 1356 4545; x_wconf 82' lang='lat' dir='ltr'><strong>Graeca,</strong></span> <span class='ocrx_word' id='word_1_659' title='bbox 1370 4474 1530 4546; x_wconf 84' lang='lat' dir='ltr'><strong>hebraica,</strong></span> <span class='ocrx_word' id='word_1_660' title='bbox 1551 4475 1670 4546; x_wconf 87' lang='lat' dir='ltr'><strong>Latina,</strong></span> <span class='ocrx_word' id='word_1_661' title='bbox 1684 4475 1770 4548; x_wconf 81' lang='lat' dir='ltr'><strong>Syra,</strong></span> 
     </span>
     <span class='ocr_line' id='line_1_52' title="bbox 127 4558 1769 4638; baseline -0.003 -19"><span class='ocrx_word' id='word_1_662' title='bbox 127 4565 225 4638; x_wconf 87' lang='lat' dir='ltr'><strong>atque</strong></span> <span class='ocrx_word' id='word_1_663' title='bbox 241 4559 425 4632; x_wconf 77' lang='lat' dir='ltr'><strong>«ingenium</strong></span> <span class='ocrx_word' id='word_1_664' title='bbox 443 4575 577 4632; x_wconf 85' lang='lat' dir='ltr'><strong>suum,n</strong></span> <span class='ocrx_word' id='word_1_665' title='bbox 591 4559 680 4618; x_wconf 85' lang='lat' dir='ltr'><strong>nimis</strong></span> <span class='ocrx_word' id='word_1_666' title='bbox 696 4560 799 4632; x_wconf 90' lang='lat' dir='ltr'><strong>utique</strong></span> <span class='ocrx_word' id='word_1_667' title='bbox 815 4558 935 4632; x_wconf 80' lang='lat' dir='ltr'><strong>precel·</strong></span> <span class='ocrx_word' id='word_1_668' title='bbox 975 4561 1128 4630; x_wconf 82' lang='lat' dir='ltr'><strong>Chaldeu,</strong></span> <span class='ocrx_word' id='word_1_669' title='bbox 1144 4559 1283 4616; x_wconf 88' lang='lat' dir='ltr'><strong>lectiones</strong></span> <span class='ocrx_word' id='word_1_670' title='bbox 1301 4558 1439 4616; x_wconf 89' lang='lat' dir='ltr'><strong>codicum</strong></span> <span class='ocrx_word' id='word_1_671' title='bbox 1453 4558 1600 4614; x_wconf 82' lang='lat' dir='ltr'><strong>variantes</strong></span> <span class='ocrx_word' id='word_1_672' title='bbox 1618 4559 1769 4629; x_wconf 60' lang='lat' dir='ltr'><strong>considam</strong></span> 
     </span>
     <span class='ocr_line' id='line_1_53' title="bbox 127 4639 1771 4718; baseline -0.003 -14"><span class='ocrx_word' id='word_1_673' title='bbox 127 4646 219 4718; x_wconf 79' lang='lat' dir='ltr'><strong>lens,</strong></span> <span class='ocrx_word' id='word_1_674' title='bbox 235 4643 394 4706; x_wconf 74' lang='lat' dir='ltr'><strong>«Ecclesiae</strong></span> <span class='ocrx_word' id='word_1_675' title='bbox 405 4639 475 4704; x_wconf 86' lang='lat' dir='ltr'><strong>iacit</strong></span> <span class='ocrx_word' id='word_1_676' title='bbox 488 4645 690 4704; x_wconf 81' lang='lat' dir='ltr'><strong>Sacrameuter</strong></span> <span class='ocrx_word' id='word_1_677' title='bbox 706 4663 721 4699; x_wconf 85' lang='grc' dir='ltr'><strong>ιι</strong></span> <span class='ocrx_word' id='word_1_678' title='bbox 737 4644 780 4700; x_wconf 89' lang='lat' dir='ltr'><strong>sie</strong></span> <span class='ocrx_word' id='word_1_679' title='bbox 794 4644 934 4716; x_wconf 84' lang='lat' dir='ltr'><strong>hierony·</strong></span> <span class='ocrx_word' id='word_1_680' title='bbox 975 4647 1072 4701; x_wconf 87' lang='lat' dir='ltr'><strong>Patres</strong></span> <span class='ocrx_word' id='word_1_681' title='bbox 1085 4647 1210 4714; x_wconf 77' lang='lat' dir='ltr'><strong>Graecos,</strong></span> <span class='ocrx_word' id='word_1_682' title='bbox 1220 4642 1349 4712; x_wconf 78' lang='lat' dir='ltr'><strong>Latinos,</strong></span> <span class='ocrx_word' id='word_1_683' title='bbox 1364 4643 1542 4700; x_wconf 74' lang='lat' dir='ltr'><strong>assentimus</strong></span> <span class='ocrx_word' id='word_1_684' title='bbox 1553 4644 1727 4714; x_wconf 87' lang='lat' dir='ltr'><strong>interpretes</strong></span> <span class='ocrx_word' id='word_1_685' title='bbox 1740 4643 1771 4699; x_wconf 92' lang='lat' dir='ltr'><strong>ln</strong></span> 
     </span>
     <span class='ocr_line' id='line_1_54' title="bbox 127 4724 1770 4804; baseline -0.002 -17"><span class='ocrx_word' id='word_1_686' title='bbox 127 4745 223 4803; x_wconf 87' lang='lat' dir='ltr'><strong>mus,</strong></span> <span class='ocrx_word' id='word_1_687' title='bbox 237 4727 293 4786; x_wconf 88' lang='lat' dir='ltr'><strong>lib.</strong></span> <span class='ocrx_word' id='word_1_688' title='bbox 309 4727 331 4786; x_wconf 82' lang='lat' dir='ltr'>V</span> <span class='ocrx_word' id='word_1_689' title='bbox 345 4731 376 4786; x_wconf 85' lang='grc' dir='ltr'><strong>ιἰι</strong></span> <span class='ocrx_word' id='word_1_690' title='bbox 394 4729 509 4789; x_wconf 81' lang='lat' dir='ltr'><strong>lectum.</strong></span> <span class='ocrx_word' id='word_1_691' title='bbox 531 4729 659 4804; x_wconf 88' lang='lat' dir='ltr'><strong>ideoque</strong></span> <span class='ocrx_word' id='word_1_692' title='bbox 675 4728 758 4788; x_wconf 90' lang='lat' dir='ltr'><strong>illam</strong></span> <span class='ocrx_word' id='word_1_693' title='bbox 778 4742 934 4786; x_wconf 88' lang='lat' dir='ltr'><strong>censuram</strong></span> <span class='ocrx_word' id='word_1_694' title='bbox 975 4727 1172 4785; x_wconf 86' lang='lat' dir='ltr'><strong>diversissima</strong></span> <span class='ocrx_word' id='word_1_695' title='bbox 1182 4727 1335 4796; x_wconf 87' lang='lat' dir='ltr'><strong>abeuntes,</strong></span> <span class='ocrx_word' id='word_1_696' title='bbox 1347 4725 1483 4798; x_wconf 85' lang='lat' dir='ltr'><strong>adeoque</strong></span> <span class='ocrx_word' id='word_1_697' title='bbox 1495 4724 1628 4797; x_wconf 86' lang='lat' dir='ltr'><strong>prolixos</strong></span> <span class='ocrx_word' id='word_1_698' title='bbox 1639 4726 1770 4797; x_wconf 84' lang='lat' dir='ltr'><strong>evolvas,</strong></span> 
     </span>
     <span class='ocr_line' id='line_1_55' title="bbox 126 4807 1771 4884; baseline -0.002 -13"><span class='ocrx_word' id='word_1_699' title='bbox 126 4811 279 4871; x_wconf 79' lang='lat' dir='ltr'><strong>incurrit:</strong></span> <span class='ocrx_word' id='word_1_700' title='bbox 297 4809 376 4868; x_wconf 77' lang='lat' dir='ltr'><strong>«ubi</strong></span> <span class='ocrx_word' id='word_1_701' title='bbox 389 4811 466 4868; x_wconf 90' lang='lat' dir='ltr'><strong>bene</strong></span> <span class='ocrx_word' id='word_1_702' title='bbox 479 4810 628 4883; x_wconf 87' lang='lat' dir='ltr'><strong>Origenes,</strong></span> <span class='ocrx_word' id='word_1_703' title='bbox 640 4829 729 4871; x_wconf 89' lang='lat' dir='ltr'><strong>nemo</strong></span> <span class='ocrx_word' id='word_1_704' title='bbox 741 4812 866 4882; x_wconf 89' lang='lat' dir='ltr'><strong>melius;</strong></span> <span class='ocrx_word' id='word_1_705' title='bbox 881 4809 934 4876; x_wconf 88' lang='lat' dir='ltr'><strong>ubi</strong></span> <span class='ocrx_word' id='word_1_706' title='bbox 976 4812 1013 4869; x_wconf 89' lang='lat' dir='ltr'><strong>de</strong></span> <span class='ocrx_word' id='word_1_707' title='bbox 1026 4811 1150 4882; x_wconf 89' lang='lat' dir='ltr'><strong>singulis</strong></span> <span class='ocrx_word' id='word_1_708' title='bbox 1164 4825 1320 4868; x_wconf 88' lang='lat' dir='ltr'><strong>censuram</strong></span> <span class='ocrx_word' id='word_1_709' title='bbox 1333 4807 1410 4868; x_wconf 86' lang='lat' dir='ltr'><strong>ieras</strong></span> <span class='ocrx_word' id='word_1_710' title='bbox 1418 4825 1427 4878; x_wconf 82' lang='lat'>3</span> <span class='ocrx_word' id='word_1_711' title='bbox 1443 4808 1519 4884; x_wconf 92' lang='lat' dir='ltr'><strong>quid</strong></span> <span class='ocrx_word' id='word_1_712' title='bbox 1533 4824 1614 4869; x_wconf 91' lang='lat' dir='ltr'><strong>error</strong></span> <span class='ocrx_word' id='word_1_713' title='bbox 1628 4810 1681 4880; x_wconf 92' lang='lat' dir='ltr'><strong>sit,</strong></span> <span class='ocrx_word' id='word_1_714' title='bbox 1696 4810 1771 4883; x_wconf 92' lang='lat' dir='ltr'><strong>quid</strong></span> 
     </span>
     <span class='ocr_line' id='line_1_56' title="bbox 126 4889 1773 4969; baseline -0.005 -11"><span class='ocrx_word' id='word_1_715' title='bbox 126 4898 324 4968; x_wconf 87' lang='lat' dir='ltr'><strong>male,uemo</strong></span> <span class='ocrx_word' id='word_1_716' title='bbox 337 4897 459 4969; x_wconf 74' lang='lat' dir='ltr'><strong>pejus.»</strong></span> <span class='ocrx_word' id='word_1_717' title='bbox 475 4898 516 4958; x_wconf 86' lang='lat' dir='ltr'><strong>lta</strong></span> <span class='ocrx_word' id='word_1_718' title='bbox 529 4896 732 4958; x_wconf 86' lang='lat' dir='ltr'><strong>Cassiodorus.</strong></span> <span class='ocrx_word' id='word_1_719' title='bbox 747 4899 855 4956; x_wconf 87' lang='lat' dir='ltr'><strong>Verum</strong></span> <span class='ocrx_word' id='word_1_720' title='bbox 866 4894 934 4968; x_wconf 88' lang='lat' dir='ltr'><strong>quis</strong></span> <span class='ocrx_word' id='word_1_721' title='bbox 974 4893 1057 4965; x_wconf 84' lang='lat' dir='ltr'><strong>fidei,</strong></span> <span class='ocrx_word' id='word_1_722' title='bbox 1066 4895 1141 4968; x_wconf 89' lang='lat' dir='ltr'><strong>quid</strong></span> <span class='ocrx_word' id='word_1_723' title='bbox 1148 4893 1353 4966; x_wconf 88' lang='lat' dir='ltr'><strong>certam,quld</strong></span> <span class='ocrx_word' id='word_1_724' title='bbox 1360 4889 1528 4965; x_wconf 88' lang='lat' dir='ltr'><strong>probabile,</strong></span> <span class='ocrx_word' id='word_1_725' title='bbox 1537 4891 1773 4966; x_wconf 88' lang='lat' dir='ltr'><strong>quidimprcba·</strong></span> 
     </span>
     <span class='ocr_line' id='line_1_57' title="bbox 125 4977 1773 5056; baseline -0.002 -16"><span class='ocrx_word' id='word_1_726' title='bbox 125 4977 935 5056; x_wconf 81' lang='lat' dir='ltr'><strong>nobishteeOEdipusinterstinguendodeilnietiQuod</strong></span> <span class='ocrx_word' id='word_1_727' title='bbox 975 4977 1773 5055; x_wconf 81' lang='lat' dir='ltr'><strong>bile,quidlitterale,quidmeximegeuuiuuur,quid</strong></span> 
     </span>
     <span class='ocr_line' id='line_1_58' title="bbox 127 5060 1774 5140; baseline -0.002 -19"><span class='ocrx_word' id='word_1_728' title='bbox 127 5063 170 5122; x_wconf 89' lang='lat' dir='ltr'><strong>de</strong></span> <span class='ocrx_word' id='word_1_729' title='bbox 185 5061 392 5124; x_wconf 81' lang='lat' dir='ltr'><strong>sacerdotibus</strong></span> <span class='ocrx_word' id='word_1_730' title='bbox 406 5061 481 5124; x_wconf 87' lang='lat' dir='ltr'><strong>dixit</strong></span> <span class='ocrx_word' id='word_1_731' title='bbox 493 5065 520 5122; x_wconf 88' lang='lat' dir='ltr'><strong>S.</strong></span> <span class='ocrx_word' id='word_1_732' title='bbox 535 5063 752 5140; x_wconf 80' lang='lat' dir='ltr'><strong>Hieronymus:</strong></span> <span class='ocrx_word' id='word_1_733' title='bbox 771 5064 935 5124; x_wconf 78' lang='lat' dir='ltr'><strong>«saccrdo-</strong></span> <span class='ocrx_word' id='word_1_734' title='bbox 975 5063 1177 5134; x_wconf 85' lang='lat' dir='ltr'><strong>allegoricum,</strong></span> <span class='ocrx_word' id='word_1_735' title='bbox 1188 5065 1216 5118; x_wconf 88' lang='lat' dir='ltr'><strong>et</strong></span> <span class='ocrx_word' id='word_1_736' title='bbox 1228 5060 1461 5134; x_wconf 90' lang='lat' dir='ltr'><strong>tropologicum,</strong></span> <span class='ocrx_word' id='word_1_737' title='bbox 1473 5060 1690 5132; x_wconf 65' lang='lat' dir='ltr'><strong>anagogicum</strong></span> <span class='ocrx_word' id='word_1_738' title='bbox 1709 5078 1774 5118; x_wconf 89' lang='lat' dir='ltr'><strong>om·</strong></span> 
     </span>
     <span class='ocr_line' id='line_1_59' title="bbox 125 5143 1773 5222; baseline -0.002 -16"><span class='ocrx_word' id='word_1_739' title='bbox 125 5151 177 5206; x_wconf 83' lang='lat' dir='ltr'><strong>tes</strong></span> <span class='ocrx_word' id='word_1_740' title='bbox 194 5145 297 5222; x_wconf 86' lang='lat' dir='ltr'><strong>multi,</strong></span> <span class='ocrx_word' id='word_1_741' title='bbox 312 5145 481 5210; x_wconf 85' lang='lat' dir='ltr'><strong>sacerdotes</strong></span> <span class='ocrx_word' id='word_1_742' title='bbox 497 5147 631 5221; x_wconf 66' lang='lat' dir='ltr'><strong>paud»</strong></span> <span class='ocrx_word' id='word_1_743' title='bbox 648 5147 698 5208; x_wconf 89' lang='lat' dir='ltr'><strong>hio</strong></span> <span class='ocrx_word' id='word_1_744' title='bbox 713 5162 782 5208; x_wconf 80' lang='lat' dir='ltr'><strong>vere</strong></span> <span class='ocrx_word' id='word_1_745' title='bbox 796 5147 834 5206; x_wconf 87' lang='lat' dir='ltr'><strong>de</strong></span> <span class='ocrx_word' id='word_1_746' title='bbox 846 5147 934 5206; x_wconf 84' lang='lat' dir='ltr'><strong>iuter·</strong></span> <span class='ocrx_word' id='word_1_747' title='bbox 974 5147 1084 5221; x_wconf 83' lang='lat' dir='ltr'><strong>niaque</strong></span> <span class='ocrx_word' id='word_1_748' title='bbox 1097 5145 1220 5206; x_wconf 86' lang='lat' dir='ltr'><strong>distillas</strong></span> <span class='ocrx_word' id='word_1_749' title='bbox 1224 5183 1234 5216; x_wconf 96' lang='lat'><strong>,</strong></span> <span class='ocrx_word' id='word_1_750' title='bbox 1252 5149 1281 5204; x_wconf 87' lang='lat' dir='ltr'><strong>et</strong></span> <span class='ocrx_word' id='word_1_751' title='bbox 1294 5144 1326 5204; x_wconf 90' lang='lat' dir='ltr'><strong>in</strong></span> <span class='ocrx_word' id='word_1_752' title='bbox 1342 5146 1399 5204; x_wconf 88' lang='lat' dir='ltr'><strong>trie</strong></span> <span class='ocrx_word' id='word_1_753' title='bbox 1417 5144 1507 5204; x_wconf 81' lang='lat' dir='ltr'><strong>rerba</strong></span> <span class='ocrx_word' id='word_1_754' title='bbox 1524 5143 1675 5215; x_wconf 63' lang='lat' dir='ltr'><strong>eonium</strong></span> <span class='ocrx_word' id='word_1_755' title='bbox 1695 5159 1773 5220; x_wconf 80' lang='lat' dir='ltr'><strong>sepe</strong></span> 
     </span>
     <span class='ocr_line' id='line_1_60' title="bbox 126 5229 1773 5312; baseline -0.004 -19"><span class='ocrx_word' id='word_1_756' title='bbox 126 5229 268 5303; x_wconf 72' lang='lat' dir='ltr'><strong>premas</strong></span> <span class='ocrx_word' id='word_1_757' title='bbox 281 5229 413 5292; x_wconf 80' lang='lat' dir='ltr'><strong>dixerim</strong></span> <span class='ocrx_word' id='word_1_758' title='bbox 427 5249 436 5292; x_wconf 80' lang='lat' dir='ltr'><strong>r</strong></span> <span class='ocrx_word' id='word_1_759' title='bbox 451 5231 623 5312; x_wconf 82' lang='lat' dir='ltr'><strong>interpretes</strong></span> <span class='ocrx_word' id='word_1_760' title='bbox 642 5231 748 5304; x_wconf 86' lang='lat' dir='ltr'><strong>multi,</strong></span> <span class='ocrx_word' id='word_1_761' title='bbox 761 5230 934 5306; x_wconf 82' lang='lat' dir='ltr'><strong>interpretes</strong></span> <span class='ocrx_word' id='word_1_762' title='bbox 973 5229 1039 5304; x_wconf 79' lang='lat' dir='ltr'><strong>ipse</strong></span> <span class='ocrx_word' id='word_1_763' title='bbox 1048 5243 1169 5292; x_wconf 83' lang='lat' dir='ltr'><strong>suasum</strong></span> <span class='ocrx_word' id='word_1_764' title='bbox 1178 5229 1333 5291; x_wconf 72' lang='lat' dir='ltr'><strong>literalem</strong></span> <span class='ocrx_word' id='word_1_765' title='bbox 1342 5229 1509 5300; x_wconf 84' lang='lat' dir='ltr'><strong>genuinum</strong></span> <span class='ocrx_word' id='word_1_766' title='bbox 1518 5229 1662 5300; x_wconf 78' lang='lat' dir='ltr'><strong>iuvenire,</strong></span> <span class='ocrx_word' id='word_1_767' title='bbox 1672 5229 1773 5303; x_wconf 86' lang='lat' dir='ltr'><strong>etpri-</strong></span> 
     </span>
     <span class='ocr_line' id='line_1_61' title="bbox 126 5310 1775 5403; baseline 0 -31"><span class='ocrx_word' id='word_1_768' title='bbox 126 5315 234 5386; x_wconf 84' lang='lat' dir='ltr'><strong>psuei.</strong></span> <span class='ocrx_word' id='word_1_769' title='bbox 243 5313 422 5376; x_wconf 77' lang='lat' dir='ltr'><strong>enormius</strong></span> <span class='ocrx_word' id='word_1_770' title='bbox 432 5317 460 5376; x_wconf 89' lang='lat' dir='ltr'><strong>et</strong></span> <span class='ocrx_word' id='word_1_771' title='bbox 468 5314 624 5392; x_wconf 82' lang='lat' dir='ltr'><strong>Gregorius</strong></span> <span class='ocrx_word' id='word_1_772' title='bbox 632 5313 860 5392; x_wconf 67' lang='lat' dir='ltr'><strong>meibomius</strong></span> <span class='ocrx_word' id='word_1_773' title='bbox 868 5313 935 5374; x_wconf 85' lang='lat' dir='ltr'><strong>red·</strong></span> <span class='ocrx_word' id='word_1_774' title='bbox 974 5313 1180 5403; x_wconf 46' lang='lat' dir='ltr'><strong>mus-glaciem</strong></span> <span class='ocrx_word' id='word_1_775' title='bbox 1192 5310 1374 5387; x_wconf 84' lang='lat' dir='ltr'><strong>peririugere</strong></span> <span class='ocrx_word' id='word_1_776' title='bbox 1388 5312 1516 5385; x_wconf 73' lang='lat' dir='ltr'><strong>debem,</strong></span> <span class='ocrx_word' id='word_1_777' title='bbox 1524 5328 1588 5373; x_wconf 91' lang='lat' dir='ltr'><strong>uon</strong></span> <span class='ocrx_word' id='word_1_778' title='bbox 1601 5311 1702 5374; x_wconf 78' lang='lat' dir='ltr'><strong>saca</strong></span> <span class='ocrx_word' id='word_1_779' title='bbox 1713 5312 1775 5374; x_wconf 83' lang='lat' dir='ltr'><strong>uisi</strong></span> 
     </span>
    </p>
   </div>
   <div class='ocr_carea' id='block_1_3' title="bbox 0 0 2054 6022">
    <p class='ocr_par' dir='ltr' id='par_1_3' title="bbox 0 0 2054 6022">
     <span class='ocr_line' id='line_1_62' title="bbox 0 0 2054 6022; baseline 0 0"><span class='ocrx_word' id='word_1_780' title='bbox 0 0 2054 6022; x_wconf 95' lang='lat' dir='ltr'><strong> </strong></span> 
     </span>
    </p>
   </div>
  </div>
 </body>
</html>
