<?xml version="1.0" encoding="UTF-8"?>
<!DOCTYPE html PUBLIC "-//W3C//DTD XHTML 1.0 Transitional//EN"
    "http://www.w3.org/TR/xhtml1/DTD/xhtml1-transitional.dtd">
<html xmlns="http://www.w3.org/1999/xhtml" xml:lang="en" lang="en">
 <head>
  <title>
</title>
<meta http-equiv="Content-Type" content="text/html;charset=utf-8" />
  <meta name='ocr-system' content='tesseract 3.04.00' />
  <meta name='ocr-capabilities' content='ocr_page ocr_carea ocr_par ocr_line ocrx_word'/>
</head>
<body>
  <div class='ocr_page' id='page_1' title='image "./commentariainsc00lapigoog/commentariainsc00lapigoog_0810.png"; bbox 0 0 4118 6042; ppageno 0'>
   <div class='ocr_carea' id='block_1_1' title="bbox 645 199 1812 319">
    <p class='ocr_par' dir='ltr' id='par_1_1' title="bbox 645 199 1812 319">
     <span class='ocr_line' id='line_1_1' title="bbox 645 199 1812 319; baseline -0.002 -11"><span class='ocrx_word' id='word_1_1' title='bbox 645 243 887 308; x_wconf 74' lang='lat' dir='ltr'><strong>eouuuu&#39;rAIuA</strong></span> <span class='ocrx_word' id='word_1_2' title='bbox 905 245 939 304; x_wconf 80' lang='lat' dir='ltr'><strong>IN</strong></span> <span class='ocrx_word' id='word_1_3' title='bbox 957 243 1114 319; x_wconf 80' lang='lat' dir='ltr'><strong>exeruit,</strong></span> <span class='ocrx_word' id='word_1_4' title='bbox 1132 259 1195 308; x_wconf 78' lang='lat' dir='ltr'><strong>dtr.</strong></span> <span class='ocrx_word' id='word_1_5' title='bbox 1215 243 1305 306; x_wconf 77' lang='lat' dir='ltr'><strong>xviri.</strong></span> <span class='ocrx_word' id='word_1_6' title='bbox 1742 199 1812 306; x_wconf 32' lang='lat' dir='ltr'><strong>eet*</strong></span> 
     </span>
    </p>
   </div>
   <div class='ocr_carea' id='block_1_2' title="bbox 156 349 1800 1262">
    <p class='ocr_par' dir='ltr' id='par_1_2' title="bbox 156 349 1797 511">
     <span class='ocr_line' id='line_1_2' title="bbox 157 349 1797 429; baseline -0.002 -13"><span class='ocrx_word' id='word_1_7' title='bbox 157 353 231 416; x_wconf 89' lang='lat' dir='ltr'><strong>dum</strong></span> <span class='ocrx_word' id='word_1_8' title='bbox 240 351 530 414; x_wconf 73' lang='lat' dir='ltr'><strong>contrariomutinoe</strong></span> <span class='ocrx_word' id='word_1_9' title='bbox 540 352 694 414; x_wconf 83' lang='lat' dir='ltr'><strong>inbellem</strong></span> <span class='ocrx_word' id='word_1_10' title='bbox 703 357 841 412; x_wconf 68' lang='lat' dir='ltr'><strong>cunum:</strong></span> <span class='ocrx_word' id='word_1_11' title='bbox 856 353 951 425; x_wconf 77' lang='lat' dir='ltr'><strong>«Noli,</strong></span> <span class='ocrx_word' id='word_1_12' title='bbox 998 355 1207 429; x_wconf 86' lang='lat' dir='ltr'><strong>quasi-manue</strong></span> <span class='ocrx_word' id='word_1_13' title='bbox 1221 354 1271 412; x_wconf 83' lang='lat' dir='ltr'><strong>Dei</strong></span> <span class='ocrx_word' id='word_1_14' title='bbox 1291 353 1323 410; x_wconf 93' lang='lat' dir='ltr'><strong>in</strong></span> <span class='ocrx_word' id='word_1_15' title='bbox 1342 351 1419 412; x_wconf 86' lang='lat' dir='ltr'><strong>solio</strong></span> <span class='ocrx_word' id='word_1_16' title='bbox 1438 351 1502 424; x_wconf 79' lang='lat' dir='ltr'><strong>eius</strong></span> <span class='ocrx_word' id='word_1_17' title='bbox 1522 349 1590 410; x_wconf 85' lang='lat' dir='ltr'><strong>lleet</strong></span> <span class='ocrx_word' id='word_1_18' title='bbox 1609 350 1797 424; x_wconf 86' lang='lat' dir='ltr'><strong>abscondite,</strong></span> 
     </span>
     <span class='ocr_line' id='line_1_3' title="bbox 156 435 1440 511; baseline -0.002 -15"><span class='ocrx_word' id='word_1_19' title='bbox 156 439 207 508; x_wconf 82' lang='lat' dir='ltr'><strong>ait,</strong></span> <span class='ocrx_word' id='word_1_20' title='bbox 217 454 236 497; x_wconf 92' lang='lat' dir='ltr'><strong>o</strong></span> <span class='ocrx_word' id='word_1_21' title='bbox 246 437 299 510; x_wconf 89' lang='lat' dir='ltr'><strong>flii,</strong></span> <span class='ocrx_word' id='word_1_22' title='bbox 307 442 422 494; x_wconf 89' lang='lat' dir='ltr'><strong>tantuin</strong></span> <span class='ocrx_word' id='word_1_23' title='bbox 431 439 558 508; x_wconf 58' lang='lat' dir='ltr'><strong>tument</strong></span> <span class='ocrx_word' id='word_1_24' title='bbox 567 436 806 494; x_wconf 80' lang='lat' dir='ltr'><strong>commibtonum</strong></span> <span class='ocrx_word' id='word_1_25' title='bbox 818 438 952 495; x_wconf 80' lang='lat' dir='ltr'><strong>audaciae</strong></span> <span class='ocrx_word' id='word_1_26' title='bbox 997 439 1114 497; x_wconf 81' lang='lat' dir='ltr'><strong>excelsa</strong></span> <span class='ocrx_word' id='word_1_27' title='bbox 1125 443 1227 498; x_wconf 88' lang='lat' dir='ltr'><strong>tamen</strong></span> <span class='ocrx_word' id='word_1_28' title='bbox 1241 441 1380 511; x_wconf 81' lang='lat' dir='ltr'>operetur</span> <span class='ocrx_word' id='word_1_29' title='bbox 1392 435 1440 510; x_wconf 88' lang='lat' dir='ltr'><strong>(t).</strong></span> 
     </span>
    </p>

    <p class='ocr_par' dir='ltr' id='par_1_3' title="bbox 156 519 1800 1262">
     <span class='ocr_line' id='line_1_4' title="bbox 157 519 1796 593; baseline -0.001 -14"><span class='ocrx_word' id='word_1_30' title='bbox 157 521 302 592; x_wconf 89' lang='lat' dir='ltr'><strong>tribuere,</strong></span> <span class='ocrx_word' id='word_1_31' title='bbox 317 524 351 577; x_wconf 87' lang='lat' dir='ltr'><strong>ut</strong></span> <span class='ocrx_word' id='word_1_32' title='bbox 363 523 449 593; x_wconf 90' lang='lat' dir='ltr'><strong>putes</strong></span> <span class='ocrx_word' id='word_1_33' title='bbox 464 520 578 593; x_wconf 81' lang='lat' dir='ltr'><strong>absque</strong></span> <span class='ocrx_word' id='word_1_34' title='bbox 598 519 647 576; x_wconf 83' lang='lat' dir='ltr'><strong>Dei</strong></span> <span class='ocrx_word' id='word_1_35' title='bbox 663 520 775 576; x_wconf 88' lang='lat' dir='ltr'><strong>auxilio</strong></span> <span class='ocrx_word' id='word_1_36' title='bbox 796 521 952 577; x_wconf 72' lang='lat' dir='ltr'><strong>statoriam</strong></span> <span class='ocrx_word' id='word_1_37' title='bbox 1032 524 1165 592; x_wconf 71' lang='lat' dir='ltr'><strong>Quaeres,</strong></span> <span class='ocrx_word' id='word_1_38' title='bbox 1179 537 1232 577; x_wconf 93' lang='lat' dir='ltr'><strong>cur</strong></span> <span class='ocrx_word' id='word_1_39' title='bbox 1247 519 1320 578; x_wconf 90' lang='lat' dir='ltr'><strong>olim</strong></span> <span class='ocrx_word' id='word_1_40' title='bbox 1339 523 1369 576; x_wconf 84' lang='lat' dir='ltr'><strong>et</strong></span> <span class='ocrx_word' id='word_1_41' title='bbox 1388 520 1552 577; x_wconf 77' lang='lat' dir='ltr'><strong>etiamnum</strong></span> <span class='ocrx_word' id='word_1_42' title='bbox 1567 519 1683 590; x_wconf 86' lang='lat' dir='ltr'><strong>juretur</strong></span> <span class='ocrx_word' id='word_1_43' title='bbox 1703 534 1796 577; x_wconf 91' lang='lat' dir='ltr'><strong>manu</strong></span> 
     </span>
     <span class='ocr_line' id='line_1_5' title="bbox 156 601 1798 677; baseline -0.001 -15"><span class='ocrx_word' id='word_1_44' title='bbox 156 603 251 662; x_wconf 84' lang='lat' dir='ltr'><strong>ullam</strong></span> <span class='ocrx_word' id='word_1_45' title='bbox 270 603 373 661; x_wconf 88' lang='lat' dir='ltr'><strong>haberi</strong></span> <span class='ocrx_word' id='word_1_46' title='bbox 396 619 495 677; x_wconf 89' lang='lat' dir='ltr'><strong>posse.</strong></span> <span class='ocrx_word' id='word_1_47' title='bbox 521 601 647 660; x_wconf 85' lang='lat' dir='ltr'><strong>Vtctoria</strong></span> <span class='ocrx_word' id='word_1_48' title='bbox 665 603 745 662; x_wconf 92' lang='lat' dir='ltr'><strong>enim</strong></span> <span class='ocrx_word' id='word_1_49' title='bbox 770 620 832 661; x_wconf 92' lang='lat' dir='ltr'><strong>non</strong></span> <span class='ocrx_word' id='word_1_50' title='bbox 855 601 953 660; x_wconf 91' lang='lat' dir='ltr'><strong>homi·</strong></span> <span class='ocrx_word' id='word_1_51' title='bbox 996 605 1115 662; x_wconf 86' lang='lat' dir='ltr'><strong>sublata</strong></span> <span class='ocrx_word' id='word_1_52' title='bbox 1135 605 1167 662; x_wconf 90' lang='lat' dir='ltr'><strong>in</strong></span> <span class='ocrx_word' id='word_1_53' title='bbox 1187 603 1315 662; x_wconf 78' lang='lat' dir='ltr'><strong>eoeluml</strong></span> <span class='ocrx_word' id='word_1_54' title='bbox 1335 603 1514 677; x_wconf 84' lang='lat' dir='ltr'><strong>Respondeo</strong></span> <span class='ocrx_word' id='word_1_55' title='bbox 1539 620 1547 659; x_wconf 80' lang='lat' dir='ltr'><strong>r</strong></span> <span class='ocrx_word' id='word_1_56' title='bbox 1569 603 1645 671; x_wconf 83' lang='lat' dir='ltr'><strong>Quia</strong></span> <span class='ocrx_word' id='word_1_57' title='bbox 1663 602 1722 660; x_wconf 87' lang='lat' dir='ltr'><strong>boo</strong></span> <span class='ocrx_word' id='word_1_58' title='bbox 1739 603 1798 660; x_wconf 92' lang='lat' dir='ltr'><strong>ritu</strong></span> 
     </span>
     <span class='ocr_line' id='line_1_6' title="bbox 156 686 1799 763; baseline -0.001 -16"><span class='ocrx_word' id='word_1_59' title='bbox 156 705 231 748; x_wconf 89' lang='lat' dir='ltr'><strong>nam</strong></span> <span class='ocrx_word' id='word_1_60' title='bbox 246 689 409 763; x_wconf 86' lang='lat' dir='ltr'><strong>disciplinis</strong></span> <span class='ocrx_word' id='word_1_61' title='bbox 419 690 469 745; x_wconf 89' lang='lat' dir='ltr'><strong>aut</strong></span> <span class='ocrx_word' id='word_1_62' title='bbox 482 688 770 762; x_wconf 86' lang='lat' dir='ltr'><strong>industriaparatur,</strong></span> <span class='ocrx_word' id='word_1_63' title='bbox 780 689 833 744; x_wconf 90' lang='lat' dir='ltr'><strong>sed</strong></span> <span class='ocrx_word' id='word_1_64' title='bbox 841 687 954 760; x_wconf 85' lang='lat' dir='ltr'><strong>Deiop·</strong></span> <span class='ocrx_word' id='word_1_65' title='bbox 995 691 1138 746; x_wconf 75' lang='lat' dir='ltr'><strong>testamur</strong></span> <span class='ocrx_word' id='word_1_66' title='bbox 1156 691 1250 746; x_wconf 81' lang='lat' dir='ltr'><strong>iteum</strong></span> <span class='ocrx_word' id='word_1_67' title='bbox 1268 687 1300 745; x_wconf 91' lang='lat' dir='ltr'><strong>in</strong></span> <span class='ocrx_word' id='word_1_68' title='bbox 1320 687 1416 758; x_wconf 82' lang='lat' dir='ltr'><strong>eoelie,</strong></span> <span class='ocrx_word' id='word_1_69' title='bbox 1431 687 1519 762; x_wconf 87' lang='lat' dir='ltr'><strong>quasi</strong></span> <span class='ocrx_word' id='word_1_70' title='bbox 1534 686 1567 743; x_wconf 92' lang='lat' dir='ltr'><strong>in</strong></span> <span class='ocrx_word' id='word_1_71' title='bbox 1585 687 1662 746; x_wconf 91' lang='lat' dir='ltr'><strong>solio</strong></span> <span class='ocrx_word' id='word_1_72' title='bbox 1679 703 1736 746; x_wconf 90' lang='lat' dir='ltr'><strong>suo</strong></span> <span class='ocrx_word' id='word_1_73' title='bbox 1753 703 1799 746; x_wconf 89' lang='lat' dir='ltr'><strong>re·</strong></span> 
     </span>
     <span class='ocr_line' id='line_1_7' title="bbox 156 770 1798 845; baseline -0.001 -15"><span class='ocrx_word' id='word_1_74' title='bbox 156 773 222 830; x_wconf 90' lang='lat' dir='ltr'><strong>timi</strong></span> <span class='ocrx_word' id='word_1_75' title='bbox 235 772 358 832; x_wconf 83' lang='lat' dir='ltr'><strong>maximi</strong></span> <span class='ocrx_word' id='word_1_76' title='bbox 372 772 553 842; x_wconf 79' lang='lat' dir='ltr'><strong>benignitate</strong></span> <span class='ocrx_word' id='word_1_77' title='bbox 564 775 593 827; x_wconf 89' lang='lat' dir='ltr'><strong>et</strong></span> <span class='ocrx_word' id='word_1_78' title='bbox 604 772 726 829; x_wconf 87' lang='lat' dir='ltr'><strong>arbitrio</strong></span> <span class='ocrx_word' id='word_1_79' title='bbox 738 790 746 827; x_wconf 92' lang='lat'>:</span> <span class='ocrx_word' id='word_1_80' title='bbox 758 775 851 828; x_wconf 79' lang='lat' dir='ltr'><strong>iteum</strong></span> <span class='ocrx_word' id='word_1_81' title='bbox 864 770 954 842; x_wconf 82' lang='lat' dir='ltr'><strong>igiiur</strong></span> <span class='ocrx_word' id='word_1_82' title='bbox 996 771 1152 830; x_wconf 90' lang='lat' dir='ltr'><strong>sidentem.</strong></span> <span class='ocrx_word' id='word_1_83' title='bbox 1177 771 1311 837; x_wconf 64' lang='lat' dir='ltr'><strong>secem,</strong></span> <span class='ocrx_word' id='word_1_84' title='bbox 1336 770 1410 845; x_wconf 87' lang='lat' dir='ltr'><strong>quia</strong></span> <span class='ocrx_word' id='word_1_85' title='bbox 1429 770 1489 828; x_wconf 89' lang='lat' dir='ltr'><strong>boc</strong></span> <span class='ocrx_word' id='word_1_86' title='bbox 1510 771 1571 828; x_wconf 91' lang='lat' dir='ltr'><strong>ritu</strong></span> <span class='ocrx_word' id='word_1_87' title='bbox 1595 770 1798 844; x_wconf 86' lang='lat' dir='ltr'><strong>significamus</strong></span> 
     </span>
     <span class='ocr_line' id='line_1_8' title="bbox 157 852 1799 930; baseline -0.002 -16"><span class='ocrx_word' id='word_1_88' title='bbox 157 856 222 914; x_wconf 89' lang='lat' dir='ltr'><strong>cole</strong></span> <span class='ocrx_word' id='word_1_89' title='bbox 230 899 240 928; x_wconf 95' lang='lat'><strong>,</strong></span> <span class='ocrx_word' id='word_1_90' title='bbox 256 860 285 912; x_wconf 87' lang='lat' dir='ltr'><strong>et</strong></span> <span class='ocrx_word' id='word_1_91' title='bbox 298 856 351 912; x_wconf 88' lang='lat' dir='ltr'><strong>tihi</strong></span> <span class='ocrx_word' id='word_1_92' title='bbox 365 854 490 913; x_wconf 87' lang='lat' dir='ltr'><strong>concilia</strong></span> <span class='ocrx_word' id='word_1_93' title='bbox 504 872 512 912; x_wconf 70' lang='grc' dir='ltr'><em>τ</em></span> <span class='ocrx_word' id='word_1_94' title='bbox 528 855 611 928; x_wconf 91' lang='lat' dir='ltr'><strong>quod</strong></span> <span class='ocrx_word' id='word_1_95' title='bbox 629 855 653 910; x_wconf 92' lang='lat' dir='ltr'><strong>si</strong></span> <span class='ocrx_word' id='word_1_96' title='bbox 675 857 798 930; x_wconf 88' lang='lat' dir='ltr'><strong>quando</strong></span> <span class='ocrx_word' id='word_1_97' title='bbox 814 871 883 912; x_wconf 90' lang='lat' dir='ltr'><strong>eum</strong></span> <span class='ocrx_word' id='word_1_98' title='bbox 899 852 954 910; x_wconf 90' lang='lat' dir='ltr'><strong>tibi</strong></span> <span class='ocrx_word' id='word_1_99' title='bbox 996 856 1082 928; x_wconf 91' lang='lat' dir='ltr'><strong>quod</strong></span> <span class='ocrx_word' id='word_1_100' title='bbox 1093 854 1169 912; x_wconf 89' lang='lat' dir='ltr'><strong>sicut</strong></span> <span class='ocrx_word' id='word_1_101' title='bbox 1182 859 1260 912; x_wconf 89' lang='lat' dir='ltr'><strong>stant</strong></span> <span class='ocrx_word' id='word_1_102' title='bbox 1273 858 1301 911; x_wconf 90' lang='lat' dir='ltr'><strong>et</strong></span> <span class='ocrx_word' id='word_1_103' title='bbox 1311 854 1475 926; x_wconf 89' lang='lat' dir='ltr'><strong>perdurant</strong></span> <span class='ocrx_word' id='word_1_104' title='bbox 1488 853 1554 911; x_wconf 90' lang='lat' dir='ltr'><strong>coeli</strong></span> <span class='ocrx_word' id='word_1_105' title='bbox 1562 895 1573 926; x_wconf 90' lang='lat'><strong>,</strong></span> <span class='ocrx_word' id='word_1_106' title='bbox 1588 853 1631 910; x_wconf 90' lang='lat' dir='ltr'><strong>sic</strong></span> <span class='ocrx_word' id='word_1_107' title='bbox 1643 853 1732 912; x_wconf 88' lang='lat' dir='ltr'><strong>firma</strong></span> <span class='ocrx_word' id='word_1_108' title='bbox 1745 855 1799 912; x_wconf 89' lang='lat' dir='ltr'><strong>erit</strong></span> 
     </span>
     <span class='ocr_line' id='line_1_9' title="bbox 157 936 1800 1013; baseline 0 -18"><span class='ocrx_word' id='word_1_109' title='bbox 157 940 267 1004; x_wconf 78' lang='lat' dir='ltr'><strong>iratum</strong></span> <span class='ocrx_word' id='word_1_110' title='bbox 278 937 484 1013; x_wconf 79' lang='lat' dir='ltr'><strong>suspicaberis,</strong></span> <span class='ocrx_word' id='word_1_111' title='bbox 498 953 567 995; x_wconf 88' lang='lat' dir='ltr'><strong>cave</strong></span> <span class='ocrx_word' id='word_1_112' title='bbox 577 938 753 1008; x_wconf 90' lang='lat' dir='ltr'><strong>contendas;</strong></span> <span class='ocrx_word' id='word_1_113' title='bbox 767 941 796 996; x_wconf 88' lang='lat' dir='ltr'><strong>et</strong></span> <span class='ocrx_word' id='word_1_114' title='bbox 806 937 956 1013; x_wconf 88' lang='lat' dir='ltr'><strong>quidquid</strong></span> <span class='ocrx_word' id='word_1_115' title='bbox 996 953 1043 994; x_wconf 90' lang='lat' dir='ltr'><strong>res</strong></span> <span class='ocrx_word' id='word_1_116' title='bbox 1059 953 1151 1012; x_wconf 86' lang='lat' dir='ltr'><strong>quam</strong></span> <span class='ocrx_word' id='word_1_117' title='bbox 1168 938 1339 1010; x_wconf 83' lang='lat' dir='ltr'><strong>juramento</strong></span> <span class='ocrx_word' id='word_1_118' title='bbox 1352 936 1565 1010; x_wconf 87' lang='lat' dir='ltr'><strong>promittimus.</strong></span> <span class='ocrx_word' id='word_1_119' title='bbox 1579 936 1624 994; x_wconf 91' lang='lat' dir='ltr'><strong>Sic</strong></span> <span class='ocrx_word' id='word_1_120' title='bbox 1638 952 1709 1010; x_wconf 83' lang='lat' dir='ltr'><strong>ergo</strong></span> <span class='ocrx_word' id='word_1_121' title='bbox 1719 937 1800 1008; x_wconf 86' lang='lat' dir='ltr'><strong>jurat</strong></span> 
     </span>
     <span class='ocr_line' id='line_1_10' title="bbox 159 1019 1799 1096; baseline 0 -14"><span class='ocrx_word' id='word_1_122' title='bbox 159 1023 199 1082; x_wconf 84' lang='lat' dir='ltr'><strong>ab</strong></span> <span class='ocrx_word' id='word_1_123' title='bbox 214 1039 250 1082; x_wconf 87' lang='lat' dir='ltr'><strong>eo</strong></span> <span class='ocrx_word' id='word_1_124' title='bbox 268 1023 321 1080; x_wconf 86' lang='lat' dir='ltr'><strong>tibi</strong></span> <span class='ocrx_word' id='word_1_125' title='bbox 339 1020 478 1079; x_wconf 86' lang='lat' dir='ltr'><strong>accidisse</strong></span> <span class='ocrx_word' id='word_1_126' title='bbox 496 1020 658 1092; x_wconf 82' lang='lat' dir='ltr'><strong>videbitur,</strong></span> <span class='ocrx_word' id='word_1_127' title='bbox 677 1019 751 1078; x_wconf 91' lang='lat' dir='ltr'><strong>boni</strong></span> <span class='ocrx_word' id='word_1_128' title='bbox 767 1021 905 1091; x_wconf 89' lang='lat' dir='ltr'><strong>consule,</strong></span> <span class='ocrx_word' id='word_1_129' title='bbox 926 1024 956 1078; x_wconf 88' lang='lat' dir='ltr'><strong>et</strong></span> <span class='ocrx_word' id='word_1_130' title='bbox 996 1021 1046 1080; x_wconf 92' lang='lat' dir='ltr'><strong>hic</strong></span> <span class='ocrx_word' id='word_1_131' title='bbox 1060 1025 1136 1082; x_wconf 84' lang='lat' dir='ltr'><strong>Deus</strong></span> <span class='ocrx_word' id='word_1_132' title='bbox 1148 1039 1202 1096; x_wconf 91' lang='lat' dir='ltr'><strong>per</strong></span> <span class='ocrx_word' id='word_1_133' title='bbox 1213 1024 1356 1080; x_wconf 81' lang='lat' dir='ltr'><strong>thronum</strong></span> <span class='ocrx_word' id='word_1_134' title='bbox 1370 1035 1470 1090; x_wconf 87' lang='lat' dir='ltr'><strong>suum,</strong></span> <span class='ocrx_word' id='word_1_135' title='bbox 1484 1021 1572 1096; x_wconf 87' lang='lat' dir='ltr'><strong>quasi</strong></span> <span class='ocrx_word' id='word_1_136' title='bbox 1583 1037 1637 1096; x_wconf 92' lang='lat' dir='ltr'><strong>per</strong></span> <span class='ocrx_word' id='word_1_137' title='bbox 1647 1037 1799 1082; x_wconf 89' lang='lat' dir='ltr'><strong>remsem·</strong></span> 
     </span>
     <span class='ocr_line' id='line_1_11' title="bbox 159 1104 1744 1184; baseline 0.001 -19"><span class='ocrx_word' id='word_1_138' title='bbox 159 1107 300 1184; x_wconf 85' lang='lat' dir='ltr'><strong>patientia</strong></span> <span class='ocrx_word' id='word_1_139' title='bbox 319 1121 354 1162; x_wconf 86' lang='lat' dir='ltr'><strong>ac</strong></span> <span class='ocrx_word' id='word_1_140' title='bbox 374 1105 546 1178; x_wconf 84' lang='lat' dir='ltr'><strong>poenitentie</strong></span> <span class='ocrx_word' id='word_1_141' title='bbox 563 1119 633 1162; x_wconf 88' lang='lat' dir='ltr'><strong>eum</strong></span> <span class='ocrx_word' id='word_1_142' title='bbox 649 1104 770 1178; x_wconf 75' lang='lat' dir='ltr'><strong>placa.»</strong></span> <span class='ocrx_word' id='word_1_143' title='bbox 792 1107 834 1163; x_wconf 88' lang='lat' dir='ltr'><strong>Ita</strong></span> <span class='ocrx_word' id='word_1_144' title='bbox 847 1105 957 1164; x_wconf 85' lang='lat' dir='ltr'><strong>Panor-</strong></span> <span class='ocrx_word' id='word_1_145' title='bbox 997 1107 1145 1180; x_wconf 89' lang='lat' dir='ltr'><strong>piternam</strong></span> <span class='ocrx_word' id='word_1_146' title='bbox 1159 1111 1188 1164; x_wconf 89' lang='lat' dir='ltr'><strong>et</strong></span> <span class='ocrx_word' id='word_1_147' title='bbox 1201 1105 1430 1164; x_wconf 81' lang='lat' dir='ltr'><strong>immutabilem.</strong></span> <span class='ocrx_word' id='word_1_148' title='bbox 1444 1108 1486 1163; x_wconf 88' lang='lat' dir='ltr'><strong>Ita</strong></span> <span class='ocrx_word' id='word_1_149' title='bbox 1499 1108 1607 1164; x_wconf 90' lang='lat' dir='ltr'><strong>docent</strong></span> <span class='ocrx_word' id='word_1_150' title='bbox 1619 1106 1744 1167; x_wconf 78' lang='lat' dir='ltr'><strong>Hebraei.</strong></span> 
     </span>
     <span class='ocr_line' id='line_1_12' title="bbox 160 1188 1797 1262; baseline 0.001 -12"><span class='ocrx_word' id='word_1_151' title='bbox 160 1193 289 1250; x_wconf 87' lang='lat' dir='ltr'><strong>mitanas</strong></span> <span class='ocrx_word' id='word_1_152' title='bbox 303 1190 333 1246; x_wconf 83' lang='lat' dir='ltr'><strong>iii</strong></span> <span class='ocrx_word' id='word_1_153' title='bbox 347 1189 410 1262; x_wconf 86' lang='lat' dir='ltr'><strong>ejus</strong></span> <span class='ocrx_word' id='word_1_154' title='bbox 425 1188 496 1246; x_wconf 88' lang='lat' dir='ltr'><strong>Vita.</strong></span> <span class='ocrx_word' id='word_1_155' title='bbox 1034 1190 1105 1248; x_wconf 87' lang='lat' dir='ltr'><strong>Iliae</strong></span> <span class='ocrx_word' id='word_1_156' title='bbox 1123 1191 1151 1248; x_wconf 90' lang='lat' dir='ltr'><strong>S.</strong></span> <span class='ocrx_word' id='word_1_157' title='bbox 1166 1191 1365 1262; x_wconf 78' lang='lat' dir='ltr'><strong>Augustinus,</strong></span> <span class='ocrx_word' id='word_1_158' title='bbox 1383 1189 1437 1248; x_wconf 90' lang='lat' dir='ltr'><strong>lib.</strong></span> <span class='ocrx_word' id='word_1_159' title='bbox 1456 1191 1523 1248; x_wconf 86' lang='lat' dir='ltr'><strong>llllll</strong></span> <span class='ocrx_word' id='word_1_160' title='bbox 1541 1191 1797 1261; x_wconf 71' lang='lat' dir='ltr'><strong>conterraneum,</strong></span> 
     </span>
    </p>
   </div>
   <div class='ocr_carea' id='block_1_3' title="bbox 34 1273 1799 1347">
    <p class='ocr_par' dir='ltr' id='par_1_4' title="bbox 34 1273 1799 1347">
     <span class='ocr_line' id='line_1_13' title="bbox 34 1273 1799 1347; baseline 0.003 -17"><span class='ocrx_word' id='word_1_161' title='bbox 34 1282 101 1330; x_wconf 75' lang='lat' dir='ltr'><strong>resi.</strong></span> <span class='ocrx_word' id='word_1_162' title='bbox 113 1285 146 1329; x_wconf 86' lang='lat' dir='ltr'><strong>ir.</strong></span> <span class='ocrx_word' id='word_1_163' title='bbox 197 1277 242 1332; x_wconf 80' lang='lat'><strong>16.</strong></span> <span class='ocrx_word' id='word_1_164' title='bbox 263 1277 366 1331; x_wconf 78' lang='lat' dir='ltr'><strong>bicisus</strong></span> <span class='ocrx_word' id='word_1_165' title='bbox 390 1291 398 1329; x_wconf 76' lang='grc' dir='ltr'><strong>ι</strong></span> <span class='ocrx_word' id='word_1_166' title='bbox 420 1287 488 1341; x_wconf 81' lang='lat' dir='ltr'><strong>ouri</strong></span> <span class='ocrx_word' id='word_1_167' title='bbox 506 1288 599 1331; x_wconf 81' lang='lat' dir='ltr'><strong>uiuus</strong></span> <span class='ocrx_word' id='word_1_168' title='bbox 620 1287 694 1330; x_wconf 88' lang='lat' dir='ltr'><strong>soiu</strong></span> <span class='ocrx_word' id='word_1_169' title='bbox 708 1275 828 1341; x_wconf 80' lang='lat' dir='ltr'><strong>Douini,</strong></span> <span class='ocrx_word' id='word_1_170' title='bbox 844 1287 878 1329; x_wconf 85' lang='lat' dir='ltr'><strong>er</strong></span> <span class='ocrx_word' id='word_1_171' title='bbox 891 1287 956 1329; x_wconf 83' lang='lat' dir='ltr'><strong>eiii·</strong></span> <span class='ocrx_word' id='word_1_172' title='bbox 998 1289 1063 1347; x_wconf 89' lang='lat' dir='ltr'><strong>cap.</strong></span> <span class='ocrx_word' id='word_1_173' title='bbox 1077 1287 1174 1342; x_wconf 80' lang='lat' dir='ltr'><strong>uxrr,</strong></span> <span class='ocrx_word' id='word_1_174' title='bbox 1187 1273 1288 1330; x_wconf 88' lang='lat' dir='ltr'><strong>Mosen</strong></span> <span class='ocrx_word' id='word_1_175' title='bbox 1300 1277 1403 1332; x_wconf 90' lang='lat' dir='ltr'><strong>contra</strong></span> <span class='ocrx_word' id='word_1_176' title='bbox 1413 1274 1510 1331; x_wconf 79' lang='lat' dir='ltr'><strong>Fausti</strong></span> <span class='ocrx_word' id='word_1_177' title='bbox 1522 1274 1686 1334; x_wconf 86' lang='lat' dir='ltr'><strong>calumnias</strong></span> <span class='ocrx_word' id='word_1_178' title='bbox 1699 1277 1799 1335; x_wconf 90' lang='lat' dir='ltr'><strong>deten-</strong></span> 
     </span>
    </p>
   </div>
   <div class='ocr_carea' id='block_1_4' title="bbox 160 1356 1918 2938">
    <p class='ocr_par' dir='ltr' id='par_1_5' title="bbox 160 1356 1798 1432">
     <span class='ocr_line' id='line_1_14' title="bbox 160 1356 1798 1432; baseline -0.002 -11"><span class='ocrx_word' id='word_1_179' title='bbox 160 1377 217 1421; x_wconf 82' lang='lat' dir='ltr'><strong>ruii</strong></span> <span class='ocrx_word' id='word_1_180' title='bbox 231 1363 336 1418; x_wconf 79' lang='lat' dir='ltr'><strong>bonini</strong></span> <span class='ocrx_word' id='word_1_181' title='bbox 349 1373 414 1416; x_wconf 87' lang='lat' dir='ltr'><strong>mur</strong></span> <span class='ocrx_word' id='word_1_182' title='bbox 428 1373 539 1418; x_wconf 72' lang='lat' dir='ltr'><strong>courel</strong></span> <span class='ocrx_word' id='word_1_183' title='bbox 557 1366 671 1418; x_wconf 83' lang='lat' dir='ltr'><strong>Aiiiisc</strong></span> <span class='ocrx_word' id='word_1_184' title='bbox 685 1375 703 1417; x_wconf 83' lang='lat' dir='ltr'><strong>i</strong></span> <span class='ocrx_word' id='word_1_185' title='bbox 717 1372 956 1417; x_wconf 81' lang='lat' dir='ltr'><strong>aursnirioiieiu</strong></span> <span class='ocrx_word' id='word_1_186' title='bbox 999 1356 1059 1428; x_wconf 90' lang='lat' dir='ltr'><strong>dit,</strong></span> <span class='ocrx_word' id='word_1_187' title='bbox 1081 1357 1267 1431; x_wconf 86' lang='lat' dir='ltr'><strong>convicitque</strong></span> <span class='ocrx_word' id='word_1_188' title='bbox 1288 1361 1391 1416; x_wconf 80' lang='lat' dir='ltr'><strong>eontm</strong></span> <span class='ocrx_word' id='word_1_189' title='bbox 1411 1373 1481 1415; x_wconf 91' lang='lat' dir='ltr'><strong>euin</strong></span> <span class='ocrx_word' id='word_1_190' title='bbox 1500 1358 1542 1432; x_wconf 91' lang='lat' dir='ltr'><strong>(et</strong></span> <span class='ocrx_word' id='word_1_191' title='bbox 1561 1363 1663 1416; x_wconf 87' lang='lat' dir='ltr'><strong>contra</strong></span> <span class='ocrx_word' id='word_1_192' title='bbox 1681 1364 1798 1418; x_wconf 86' lang='lat' dir='ltr'><strong>nostros</strong></span> 
     </span>
    </p>

    <p class='ocr_par' dir='ltr' id='par_1_6' title="bbox 160 1441 1798 1516">
     <span class='ocr_line' id='line_1_15' title="bbox 160 1441 1798 1516; baseline -0.002 -11"><span class='ocrx_word' id='word_1_193' title='bbox 160 1458 385 1505; x_wconf 79' lang='lat' dir='ltr'><strong>arminensis.</strong></span> <span class='ocrx_word' id='word_1_194' title='bbox 401 1473 437 1487; x_wconf 94' lang='lat'>-</span> <span class='ocrx_word' id='word_1_195' title='bbox 449 1443 536 1502; x_wconf 88' lang='lat' dir='ltr'><strong>llebr.</strong></span> <span class='ocrx_word' id='word_1_196' title='bbox 551 1447 610 1514; x_wconf 84' lang='lat' dir='ltr'><strong>est,</strong></span> <span class='ocrx_word' id='word_1_197' title='bbox 626 1445 693 1516; x_wconf 83' lang='lat' dir='ltr'><strong>quia</strong></span> <span class='ocrx_word' id='word_1_198' title='bbox 706 1457 803 1499; x_wconf 82' lang='lat' dir='ltr'><strong>menae</strong></span> <span class='ocrx_word' id='word_1_199' title='bbox 820 1459 901 1515; x_wconf 84' lang='lat' dir='ltr'><strong>seper</strong></span> <span class='ocrx_word' id='word_1_200' title='bbox 914 1457 956 1500; x_wconf 85' lang='lat' dir='ltr'><strong>so-</strong></span> <span class='ocrx_word' id='word_1_201' title='bbox 997 1441 1203 1514; x_wconf 87' lang='lat' dir='ltr'><strong>Anabaptistas</strong></span> <span class='ocrx_word' id='word_1_202' title='bbox 1225 1445 1254 1498; x_wconf 87' lang='lat' dir='ltr'><strong>et</strong></span> <span class='ocrx_word' id='word_1_203' title='bbox 1276 1441 1504 1512; x_wconf 88' lang='lat' dir='ltr'><strong>enthusiastas),</strong></span> <span class='ocrx_word' id='word_1_204' title='bbox 1517 1441 1658 1500; x_wconf 88' lang='lat' dir='ltr'><strong>fidelibus</strong></span> <span class='ocrx_word' id='word_1_205' title='bbox 1683 1441 1798 1502; x_wconf 90' lang='lat' dir='ltr'><strong>bellum</strong></span> 
     </span>
    </p>

    <p class='ocr_par' dir='ltr' id='par_1_7' title="bbox 160 1524 1798 1600">
     <span class='ocr_line' id='line_1_16' title="bbox 160 1524 1798 1600; baseline 0.001 -14"><span class='ocrx_word' id='word_1_206' title='bbox 160 1533 229 1586; x_wconf 81' lang='lat' dir='ltr'><strong>tium</strong></span> <span class='ocrx_word' id='word_1_207' title='bbox 244 1531 352 1586; x_wconf 81' lang='lat' dir='ltr'><strong>Domini</strong></span> <span class='ocrx_word' id='word_1_208' title='bbox 371 1534 426 1593; x_wconf 88' lang='lat' dir='ltr'><strong>est,</strong></span> <span class='ocrx_word' id='word_1_209' title='bbox 448 1527 480 1584; x_wconf 93' lang='lat' dir='ltr'><strong>id</strong></span> <span class='ocrx_word' id='word_1_210' title='bbox 494 1531 555 1598; x_wconf 88' lang='lat' dir='ltr'><strong>est,</strong></span> <span class='ocrx_word' id='word_1_211' title='bbox 573 1528 646 1600; x_wconf 87' lang='lat' dir='ltr'><strong>quia</strong></span> <span class='ocrx_word' id='word_1_212' title='bbox 660 1525 790 1584; x_wconf 82' lang='lat' dir='ltr'><strong>extendit</strong></span> <span class='ocrx_word' id='word_1_213' title='bbox 804 1529 880 1583; x_wconf 83' lang='lat' dir='ltr'><strong>Deus</strong></span> <span class='ocrx_word' id='word_1_214' title='bbox 894 1542 957 1584; x_wconf 85' lang='lat' dir='ltr'><strong>ma·</strong></span> <span class='ocrx_word' id='word_1_215' title='bbox 999 1539 1062 1582; x_wconf 90' lang='lat' dir='ltr'><strong>esse</strong></span> <span class='ocrx_word' id='word_1_216' title='bbox 1076 1524 1202 1597; x_wconf 90' lang='lat' dir='ltr'><strong>licitum,</strong></span> <span class='ocrx_word' id='word_1_217' title='bbox 1213 1541 1251 1582; x_wconf 89' lang='lat' dir='ltr'><strong>eo</strong></span> <span class='ocrx_word' id='word_1_218' title='bbox 1264 1524 1348 1598; x_wconf 92' lang='lat' dir='ltr'><strong>quod</strong></span> <span class='ocrx_word' id='word_1_219' title='bbox 1360 1525 1436 1583; x_wconf 93' lang='lat' dir='ltr'><strong>illud</strong></span> <span class='ocrx_word' id='word_1_220' title='bbox 1448 1525 1563 1584; x_wconf 86' lang='lat' dir='ltr'><strong>iiemini</strong></span> <span class='ocrx_word' id='word_1_221' title='bbox 1576 1526 1728 1584; x_wconf 84' lang='lat' dir='ltr'><strong>voluntate</strong></span> <span class='ocrx_word' id='word_1_222' title='bbox 1737 1530 1798 1587; x_wconf 85' lang='lat' dir='ltr'><strong>Ilo·</strong></span> 
     </span>
    </p>

    <p class='ocr_par' dir='ltr' id='par_1_8' title="bbox 160 1608 1796 1686">
     <span class='ocr_line' id='line_1_17' title="bbox 160 1608 1796 1686; baseline -0.001 -15"><span class='ocrx_word' id='word_1_223' title='bbox 160 1629 234 1671; x_wconf 92' lang='lat' dir='ltr'><strong>num</strong></span> <span class='ocrx_word' id='word_1_224' title='bbox 253 1628 343 1686; x_wconf 90' lang='lat' dir='ltr'><strong>super</strong></span> <span class='ocrx_word' id='word_1_225' title='bbox 364 1609 472 1668; x_wconf 91' lang='lat' dir='ltr'><strong>solium</strong></span> <span class='ocrx_word' id='word_1_226' title='bbox 496 1626 604 1680; x_wconf 89' lang='lat' dir='ltr'><strong>suum,</strong></span> <span class='ocrx_word' id='word_1_227' title='bbox 626 1611 684 1668; x_wconf 89' lang='lat' dir='ltr'><strong>hoc</strong></span> <span class='ocrx_word' id='word_1_228' title='bbox 705 1613 767 1680; x_wconf 88' lang='lat' dir='ltr'><strong>est,</strong></span> <span class='ocrx_word' id='word_1_229' title='bbox 787 1611 956 1669; x_wconf 81' lang='lat' dir='ltr'><strong>extensione</strong></span> <span class='ocrx_word' id='word_1_230' title='bbox 1000 1625 1046 1666; x_wconf 91' lang='lat' dir='ltr'><strong>ses</strong></span> <span class='ocrx_word' id='word_1_231' title='bbox 1068 1609 1249 1682; x_wconf 86' lang='lat' dir='ltr'><strong>susceperit,</strong></span> <span class='ocrx_word' id='word_1_232' title='bbox 1276 1608 1450 1683; x_wconf 86' lang='lat' dir='ltr'><strong>diceturque</strong></span> <span class='ocrx_word' id='word_1_233' title='bbox 1471 1608 1523 1676; x_wconf 31' lang='lat' dir='ltr'><strong>hie,</strong></span> <span class='ocrx_word' id='word_1_234' title='bbox 1542 1609 1657 1668; x_wconf 88' lang='lat' dir='ltr'><strong>bellum</strong></span> <span class='ocrx_word' id='word_1_235' title='bbox 1679 1611 1796 1670; x_wconf 84' lang='lat' dir='ltr'><strong>Domini</strong></span> 
     </span>
    </p>

    <p class='ocr_par' dir='ltr' id='par_1_9' title="bbox 160 1691 1521 1768">
     <span class='ocr_line' id='line_1_18' title="bbox 160 1691 1521 1768; baseline -0.004 -14"><span class='ocrx_word' id='word_1_236' title='bbox 160 1711 268 1755; x_wconf 89' lang='lat' dir='ltr'><strong>manus</strong></span> <span class='ocrx_word' id='word_1_237' title='bbox 291 1711 381 1768; x_wconf 88' lang='lat' dir='ltr'><strong>super</strong></span> <span class='ocrx_word' id='word_1_238' title='bbox 405 1693 513 1751; x_wconf 89' lang='lat' dir='ltr'><strong>solium</strong></span> <span class='ocrx_word' id='word_1_239' title='bbox 537 1711 627 1751; x_wconf 91' lang='lat' dir='ltr'><strong>suum</strong></span> <span class='ocrx_word' id='word_1_240' title='bbox 644 1693 774 1766; x_wconf 85' lang='lat' dir='ltr'><strong>juravit,</strong></span> <span class='ocrx_word' id='word_1_241' title='bbox 793 1699 839 1765; x_wconf 91' lang='lat' dir='ltr'><strong>et,</strong></span> <span class='ocrx_word' id='word_1_242' title='bbox 859 1694 892 1751; x_wconf 91' lang='lat' dir='ltr'><strong>id</strong></span> <span class='ocrx_word' id='word_1_243' title='bbox 913 1697 957 1751; x_wconf 87' lang='lat' dir='ltr'><strong>cst</strong></span> <span class='ocrx_word' id='word_1_244' title='bbox 998 1691 1061 1750; x_wconf 90' lang='lat' dir='ltr'><strong>lore</strong></span> <span class='ocrx_word' id='word_1_245' title='bbox 1076 1696 1178 1750; x_wconf 90' lang='lat' dir='ltr'><strong>eontra</strong></span> <span class='ocrx_word' id='word_1_246' title='bbox 1191 1691 1309 1750; x_wconf 79' lang='lat' dir='ltr'><strong>Amalec</strong></span> <span class='ocrx_word' id='word_1_247' title='bbox 1322 1693 1354 1748; x_wconf 94' lang='lat' dir='ltr'><strong>in</strong></span> <span class='ocrx_word' id='word_1_248' title='bbox 1367 1697 1521 1749; x_wconf 80' lang='lat' dir='ltr'><strong>aeternum.</strong></span> 
     </span>
    </p>

    <p class='ocr_par' dir='ltr' id='par_1_10' title="bbox 160 1775 1903 1852">
     <span class='ocr_line' id='line_1_19' title="bbox 160 1775 1903 1852; baseline 0.001 -16"><span class='ocrx_word' id='word_1_249' title='bbox 160 1779 247 1852; x_wconf 77' lang='lat' dir='ltr'><strong>pared,</strong></span> <span class='ocrx_word' id='word_1_250' title='bbox 260 1778 376 1836; x_wconf 89' lang='lat' dir='ltr'><strong>bellum</strong></span> <span class='ocrx_word' id='word_1_251' title='bbox 389 1776 446 1851; x_wconf 92' lang='lat' dir='ltr'><strong>ipsi</strong></span> <span class='ocrx_word' id='word_1_252' title='bbox 463 1780 491 1836; x_wconf 88' lang='lat' dir='ltr'><strong>et</strong></span> <span class='ocrx_word' id='word_1_253' title='bbox 510 1777 638 1834; x_wconf 81' lang='lat' dir='ltr'><strong>liebraeIs</strong></span> <span class='ocrx_word' id='word_1_254' title='bbox 652 1781 755 1833; x_wconf 84' lang='lat' dir='ltr'><strong>eontra</strong></span> <span class='ocrx_word' id='word_1_255' title='bbox 768 1777 886 1835; x_wconf 90' lang='lat' dir='ltr'><strong>Amalec</strong></span> <span class='ocrx_word' id='word_1_256' title='bbox 904 1776 958 1834; x_wconf 88' lang='lat' dir='ltr'><strong>erit</strong></span> <span class='ocrx_word' id='word_1_257' title='bbox 1033 1775 1242 1850; x_wconf 74' lang='lat' dir='ltr'><strong>tropologice,</strong></span> <span class='ocrx_word' id='word_1_258' title='bbox 1258 1775 1392 1832; x_wconf 88' lang='lat' dir='ltr'><strong>dicamus</strong></span> <span class='ocrx_word' id='word_1_259' title='bbox 1406 1781 1433 1833; x_wconf 89' lang='lat' dir='ltr'><strong>et</strong></span> <span class='ocrx_word' id='word_1_260' title='bbox 1448 1789 1503 1833; x_wconf 91' lang='lat' dir='ltr'><strong>nos</strong></span> <span class='ocrx_word' id='word_1_261' title='bbox 1517 1781 1661 1851; x_wconf 88' lang='lat' dir='ltr'><strong>tanquam</strong></span> <span class='ocrx_word' id='word_1_262' title='bbox 1674 1777 1797 1838; x_wconf 86' lang='lat' dir='ltr'><strong>resoluti</strong></span> <span class='ocrx_word' id='word_1_263' title='bbox 1817 1781 1903 1828; x_wconf 71' lang='lat' dir='ltr'><strong>mrum</strong></span> 
     </span>
    </p>

    <p class='ocr_par' dir='ltr' id='par_1_11' title="bbox 161 1843 1917 1934">
     <span class='ocr_line' id='line_1_20' title="bbox 161 1843 1917 1934; baseline -0.004 -12"><span class='ocrx_word' id='word_1_264' title='bbox 161 1867 320 1934; x_wconf 78' lang='lat' dir='ltr'><strong>eternum,</strong></span> <span class='ocrx_word' id='word_1_265' title='bbox 337 1863 396 1919; x_wconf 90' lang='lat' dir='ltr'><strong>hoc</strong></span> <span class='ocrx_word' id='word_1_266' title='bbox 420 1864 480 1930; x_wconf 90' lang='lat' dir='ltr'><strong>est,</strong></span> <span class='ocrx_word' id='word_1_267' title='bbox 501 1859 648 1934; x_wconf 85' lang='lat' dir='ltr'><strong>quamdiu</strong></span> <span class='ocrx_word' id='word_1_268' title='bbox 669 1861 787 1920; x_wconf 89' lang='lat' dir='ltr'><strong>Amalec</strong></span> <span class='ocrx_word' id='word_1_269' title='bbox 808 1866 957 1934; x_wconf 89' lang='lat' dir='ltr'><strong>superstes</strong></span> <span class='ocrx_word' id='word_1_270' title='bbox 999 1859 1106 1916; x_wconf 86' lang='lat' dir='ltr'><strong>milites</strong></span> <span class='ocrx_word' id='word_1_271' title='bbox 1126 1858 1231 1916; x_wconf 82' lang='lat' dir='ltr'><strong>Christi</strong></span> <span class='ocrx_word' id='word_1_272' title='bbox 1254 1877 1262 1915; x_wconf 91' lang='lat'><strong>:</strong></span> <span class='ocrx_word' id='word_1_273' title='bbox 1287 1858 1400 1915; x_wconf 85' lang='lat' dir='ltr'><strong>Bellum</strong></span> <span class='ocrx_word' id='word_1_274' title='bbox 1424 1858 1540 1916; x_wconf 85' lang='lat' dir='ltr'><strong>Domini</strong></span> <span class='ocrx_word' id='word_1_275' title='bbox 1563 1860 1638 1918; x_wconf 92' lang='lat' dir='ltr'><strong>mihi</strong></span> <span class='ocrx_word' id='word_1_276' title='bbox 1661 1863 1731 1934; x_wconf 87' lang='lat' dir='ltr'><strong>arIt,</strong></span> <span class='ocrx_word' id='word_1_277' title='bbox 1756 1863 1796 1916; x_wconf 72' lang='lat' dir='ltr'><strong>eet</strong></span> <span class='ocrx_word' id='word_1_278' title='bbox 1810 1843 1917 1888; x_wconf 53' lang='lat' dir='ltr'><strong>‘&#39;lm‘&#39;</strong></span> 
     </span>
    </p>

    <p class='ocr_par' dir='ltr' id='par_1_12' title="bbox 161 1911 1918 2020">
     <span class='ocr_line' id='line_1_21' title="bbox 161 1911 1918 2020; baseline -0.001 -15"><span class='ocrx_word' id='word_1_279' title='bbox 161 1948 215 2006; x_wconf 87' lang='lat' dir='ltr'><strong>erit</strong></span> <span class='ocrx_word' id='word_1_280' title='bbox 223 1988 233 2018; x_wconf 96' lang='lat'><strong>,</strong></span> <span class='ocrx_word' id='word_1_281' title='bbox 245 1965 274 2019; x_wconf 86' lang='lat' dir='ltr'><strong>q.</strong></span> <span class='ocrx_word' id='word_1_282' title='bbox 288 1947 317 2002; x_wconf 87' lang='lat' dir='ltr'><strong>d.</strong></span> <span class='ocrx_word' id='word_1_283' title='bbox 335 1945 395 2002; x_wconf 81' lang='lat' dir='ltr'><strong>urit</strong></span> <span class='ocrx_word' id='word_1_284' title='bbox 413 1943 540 2002; x_wconf 74' lang='lat' dir='ltr'><strong>Hebraeis</strong></span> <span class='ocrx_word' id='word_1_285' title='bbox 558 1961 628 2002; x_wconf 90' lang='lat' dir='ltr'><strong>cum</strong></span> <span class='ocrx_word' id='word_1_286' title='bbox 644 1944 762 2000; x_wconf 79' lang='lat' dir='ltr'><strong>Amalec</strong></span> <span class='ocrx_word' id='word_1_287' title='bbox 780 1941 895 2007; x_wconf 68' lang='grc' dir='ltr'><strong>ἄσπονδος</strong></span> <span class='ocrx_word' id='word_1_288' title='bbox 913 1947 957 1999; x_wconf 72' lang='grc' dir='ltr'><strong>πό-</strong></span> <span class='ocrx_word' id='word_1_289' title='bbox 999 1939 1113 2003; x_wconf 68' lang='lat' dir='ltr'><strong>deside</strong></span> <span class='ocrx_word' id='word_1_290' title='bbox 1126 1946 1237 2015; x_wconf 66' lang='lat' dir='ltr'><strong>serape,</strong></span> <span class='ocrx_word' id='word_1_291' title='bbox 1249 1947 1352 2000; x_wconf 90' lang='lat' dir='ltr'><strong>contra</strong></span> <span class='ocrx_word' id='word_1_292' title='bbox 1365 1942 1493 2014; x_wconf 88' lang='lat' dir='ltr'><strong>Amalec,</strong></span> <span class='ocrx_word' id='word_1_293' title='bbox 1506 1942 1603 2015; x_wconf 89' lang='lat' dir='ltr'><strong>idest,</strong></span> <span class='ocrx_word' id='word_1_294' title='bbox 1617 1949 1722 2002; x_wconf 88' lang='lat' dir='ltr'><strong>contra</strong></span> <span class='ocrx_word' id='word_1_295' title='bbox 1735 1961 1797 2004; x_wconf 90' lang='lat' dir='ltr'><strong>car-</strong></span> <span class='ocrx_word' id='word_1_296' title='bbox 1810 1911 1918 2020; x_wconf 53' lang='lat' dir='ltr'><strong>nim</strong></span> 
     </span>
    </p>

    <p class='ocr_par' dir='ltr' id='par_1_13' title="bbox 160 2026 1917 2103">
     <span class='ocr_line' id='line_1_22' title="bbox 160 2026 1917 2103; baseline 0.002 -19"><span class='ocrx_word' id='word_1_297' title='bbox 160 2040 245 2103; x_wconf 65' lang='lat' dir='ltr'><strong>repre,</strong></span> <span class='ocrx_word' id='word_1_298' title='bbox 259 2028 292 2087; x_wconf 91' lang='lat' dir='ltr'><strong>id</strong></span> <span class='ocrx_word' id='word_1_299' title='bbox 305 2032 363 2101; x_wconf 88' lang='lat' dir='ltr'><strong>est,</strong></span> <span class='ocrx_word' id='word_1_300' title='bbox 376 2026 492 2086; x_wconf 86' lang='lat' dir='ltr'><strong>bellum</strong></span> <span class='ocrx_word' id='word_1_301' title='bbox 505 2027 748 2086; x_wconf 87' lang='lat' dir='ltr'><strong>irreconciliabile</strong></span> <span class='ocrx_word' id='word_1_302' title='bbox 763 2031 792 2084; x_wconf 91' lang='lat' dir='ltr'><strong>et</strong></span> <span class='ocrx_word' id='word_1_303' title='bbox 805 2028 958 2088; x_wconf 84' lang='lat' dir='ltr'><strong>internecI·</strong></span> <span class='ocrx_word' id='word_1_304' title='bbox 999 2044 1069 2085; x_wconf 90' lang='lat' dir='ltr'><strong>nem</strong></span> <span class='ocrx_word' id='word_1_305' title='bbox 1082 2031 1111 2085; x_wconf 89' lang='lat' dir='ltr'><strong>et</strong></span> <span class='ocrx_word' id='word_1_306' title='bbox 1124 2028 1274 2084; x_wconf 89' lang='lat' dir='ltr'><strong>mundum</strong></span> <span class='ocrx_word' id='word_1_307' title='bbox 1288 2027 1319 2086; x_wconf 92' lang='lat' dir='ltr'><strong>in</strong></span> <span class='ocrx_word' id='word_1_308' title='bbox 1334 2031 1475 2085; x_wconf 80' lang='lat' dir='ltr'><strong>eternum</strong></span> <span class='ocrx_word' id='word_1_309' title='bbox 1491 2045 1498 2083; x_wconf 76' lang='grc' dir='ltr'><em>τ</em></span> <span class='ocrx_word' id='word_1_310' title='bbox 1512 2028 1571 2086; x_wconf 89' lang='lat' dir='ltr'><strong>boc</strong></span> <span class='ocrx_word' id='word_1_311' title='bbox 1584 2029 1664 2086; x_wconf 86' lang='lat' dir='ltr'><strong>enIm</strong></span> <span class='ocrx_word' id='word_1_312' title='bbox 1679 2034 1720 2087; x_wconf 91' lang='lat' dir='ltr'><strong>est</strong></span> <span class='ocrx_word' id='word_1_313' title='bbox 1734 2030 1796 2088; x_wconf 92' lang='lat' dir='ltr'><strong>bel·</strong></span> <span class='ocrx_word' id='word_1_314' title='bbox 1809 2029 1833 2073; x_wconf 70' lang='lat' dir='ltr'><strong>id</strong></span> <span class='ocrx_word' id='word_1_315' title='bbox 1871 2033 1917 2082; x_wconf 69' lang='lat'><strong>0⁵²·</strong></span> 
     </span>
    </p>

    <p class='ocr_par' dir='ltr' id='par_1_14' title="bbox 161 2103 1917 2270">
     <span class='ocr_line' id='line_1_23' title="bbox 161 2103 1916 2198; baseline -0.001 -26"><span class='ocrx_word' id='word_1_316' title='bbox 161 2130 246 2172; x_wconf 89' lang='lat' dir='ltr'><strong>aum.</strong></span> <span class='ocrx_word' id='word_1_317' title='bbox 998 2110 1064 2169; x_wconf 92' lang='lat' dir='ltr'><strong>lum</strong></span> <span class='ocrx_word' id='word_1_318' title='bbox 1076 2109 1209 2182; x_wconf 76' lang='lat' dir='ltr'><strong>nemim,</strong></span> <span class='ocrx_word' id='word_1_319' title='bbox 1227 2111 1312 2184; x_wconf 90' lang='lat' dir='ltr'><strong>quod</strong></span> <span class='ocrx_word' id='word_1_320' title='bbox 1326 2111 1433 2168; x_wconf 90' lang='lat' dir='ltr'><strong>seilicet</strong></span> <span class='ocrx_word' id='word_1_321' title='bbox 1448 2111 1587 2168; x_wconf 87' lang='lat' dir='ltr'><strong>Dominus</strong></span> <span class='ocrx_word' id='word_1_322' title='bbox 1601 2112 1690 2169; x_wconf 93' lang='lat' dir='ltr'><strong>nobis</strong></span> <span class='ocrx_word' id='word_1_323' title='bbox 1704 2113 1797 2188; x_wconf 89' lang='lat' dir='ltr'><strong>impe·</strong></span> <span class='ocrx_word' id='word_1_324' title='bbox 1810 2103 1916 2198; x_wconf 45' lang='grc' dir='ltr'><strong>ἕξω,</strong></span> 
     </span>
     <span class='ocr_line' id='line_1_24' title="bbox 195 2167 1917 2270; baseline 0.003 -14"><span class='ocrx_word' id='word_1_325' title='bbox 195 2199 270 2256; x_wconf 79' lang='lat' dir='ltr'><strong>Ilcta</strong></span> <span class='ocrx_word' id='word_1_326' title='bbox 282 2201 388 2270; x_wconf 70' lang='lat' dir='ltr'><strong>primo,</strong></span> <span class='ocrx_word' id='word_1_327' title='bbox 402 2199 428 2250; x_wconf 75' lang='grc' dir='ltr'><strong>τὸ</strong></span> <span class='ocrx_word' id='word_1_328' title='bbox 441 2198 508 2269; x_wconf 77' lang='lat' dir='ltr'><strong>qiii‘c</strong></span> <span class='ocrx_word' id='word_1_329' title='bbox 521 2211 584 2253; x_wconf 89' lang='lat' dir='ltr'><strong>non</strong></span> <span class='ocrx_word' id='word_1_330' title='bbox 597 2200 640 2254; x_wconf 90' lang='lat' dir='ltr'><strong>est</strong></span> <span class='ocrx_word' id='word_1_331' title='bbox 653 2195 788 2266; x_wconf 90' lang='lat' dir='ltr'><strong>causale,</strong></span> <span class='ocrx_word' id='word_1_332' title='bbox 803 2197 856 2256; x_wconf 90' lang='lat' dir='ltr'><strong>sed</strong></span> <span class='ocrx_word' id='word_1_333' title='bbox 870 2195 958 2256; x_wconf 91' lang='lat' dir='ltr'><strong>eneli-</strong></span> <span class='ocrx_word' id='word_1_334' title='bbox 998 2200 1064 2266; x_wconf 82' lang='lat' dir='ltr'><strong>rat,</strong></span> <span class='ocrx_word' id='word_1_335' title='bbox 1087 2195 1230 2269; x_wconf 88' lang='lat' dir='ltr'><strong>quodque</strong></span> <span class='ocrx_word' id='word_1_336' title='bbox 1251 2194 1315 2268; x_wconf 89' lang='lat' dir='ltr'><strong>ipse</strong></span> <span class='ocrx_word' id='word_1_337' title='bbox 1336 2209 1390 2268; x_wconf 89' lang='lat' dir='ltr'><strong>per</strong></span> <span class='ocrx_word' id='word_1_338' title='bbox 1409 2208 1465 2251; x_wconf 87' lang='lat' dir='ltr'><strong>nos</strong></span> <span class='ocrx_word' id='word_1_339' title='bbox 1489 2193 1573 2265; x_wconf 83' lang='lat' dir='ltr'><strong>gerii.</strong></span> <span class='ocrx_word' id='word_1_340' title='bbox 1597 2195 1699 2268; x_wconf 79' lang='lat' dir='ltr'><strong>CogIta</strong></span> <span class='ocrx_word' id='word_1_341' title='bbox 1720 2197 1796 2255; x_wconf 91' lang='lat' dir='ltr'><strong>illud</strong></span> <span class='ocrx_word' id='word_1_342' title='bbox 1810 2167 1917 2266; x_wconf 34' lang='lat' dir='ltr'><strong>cumdeda</strong></span> 
     </span>
    </p>

    <p class='ocr_par' dir='ltr' id='par_1_15' title="bbox 160 2279 1893 2356">
     <span class='ocr_line' id='line_1_25' title="bbox 160 2279 1893 2356; baseline -0.005 -14"><span class='ocrx_word' id='word_1_343' title='bbox 160 2284 268 2353; x_wconf 84' lang='lat' dir='ltr'><strong>ticum3</strong></span> <span class='ocrx_word' id='word_1_344' title='bbox 283 2279 444 2356; x_wconf 84' lang='lat' dir='ltr'><strong>respondet</strong></span> <span class='ocrx_word' id='word_1_345' title='bbox 456 2279 536 2338; x_wconf 92' lang='lat' dir='ltr'><strong>enim</strong></span> <span class='ocrx_word' id='word_1_346' title='bbox 551 2280 769 2348; x_wconf 74' lang='lat' dir='ltr'><strong>Hebraeo’21t2&#39;‚</strong></span> <span class='ocrx_word' id='word_1_347' title='bbox 785 2283 869 2354; x_wconf 90' lang='lat' dir='ltr'><strong>quod</strong></span> <span class='ocrx_word' id='word_1_348' title='bbox 880 2296 958 2354; x_wconf 84' lang='lat' dir='ltr'><strong>saepe</strong></span> <span class='ocrx_word' id='word_1_349' title='bbox 998 2281 1026 2338; x_wconf 89' lang='lat' dir='ltr'><strong>S.</strong></span> <span class='ocrx_word' id='word_1_350' title='bbox 1041 2279 1207 2337; x_wconf 60' lang='lat' dir='ltr'><strong>manasei:</strong></span> <span class='ocrx_word' id='word_1_351' title='bbox 1832 2281 1893 2320; x_wconf 57' lang='grc' dir='ltr'><strong>Μ</strong></span> 
     </span>
    </p>

    <p class='ocr_par' dir='ltr' id='par_1_16' title="bbox 160 2350 1893 2439">
     <span class='ocr_line' id='line_1_26' title="bbox 160 2350 1893 2439; baseline -0.001 -14"><span class='ocrx_word' id='word_1_352' title='bbox 160 2365 319 2426; x_wconf 84' lang='lat' dir='ltr'><strong>redundet.</strong></span> <span class='ocrx_word' id='word_1_353' title='bbox 333 2365 415 2422; x_wconf 84' lang='lat' dir='ltr'><strong>Unde</strong></span> <span class='ocrx_word' id='word_1_354' title='bbox 428 2363 568 2420; x_wconf 85' lang='lat' dir='ltr'><strong>vatahlus</strong></span> <span class='ocrx_word' id='word_1_355' title='bbox 581 2365 677 2434; x_wconf 87' lang='lat' dir='ltr'><strong>vertit,</strong></span> <span class='ocrx_word' id='word_1_356' title='bbox 690 2371 717 2421; x_wconf 88' lang='lat' dir='ltr'><strong>et</strong></span> <span class='ocrx_word' id='word_1_357' title='bbox 731 2365 807 2422; x_wconf 75' lang='lat' dir='ltr'><strong>dicit</strong></span> <span class='ocrx_word' id='word_1_358' title='bbox 822 2364 958 2422; x_wconf 80' lang='lat' dir='ltr'><strong>rseblata</strong></span> <span class='ocrx_word' id='word_1_359' title='bbox 1034 2362 1148 2422; x_wconf 84' lang='lat' dir='ltr'><strong>Modica</strong></span> <span class='ocrx_word' id='word_1_360' title='bbox 1169 2362 1218 2420; x_wconf 90' lang='lat' dir='ltr'><strong>liic</strong></span> <span class='ocrx_word' id='word_1_361' title='bbox 1237 2362 1376 2436; x_wconf 81' lang='lat' dir='ltr'><strong>voluptas</strong></span> <span class='ocrx_word' id='word_1_362' title='bbox 1399 2382 1407 2420; x_wconf 91' lang='lat'>:</span> <span class='ocrx_word' id='word_1_363' title='bbox 1429 2364 1483 2422; x_wconf 90' lang='lat' dir='ltr'><strong>scd</strong></span> <span class='ocrx_word' id='word_1_364' title='bbox 1505 2368 1610 2439; x_wconf 85' lang='lat' dir='ltr'><strong>postea</strong></span> <span class='ocrx_word' id='word_1_365' title='bbox 1631 2380 1722 2439; x_wconf 77' lang='lat' dir='ltr'><strong>poena</strong></span> <span class='ocrx_word' id='word_1_366' title='bbox 1740 2367 1797 2424; x_wconf 89' lang='lat' dir='ltr'><strong>im-</strong></span> <span class='ocrx_word' id='word_1_367' title='bbox 1833 2350 1893 2383; x_wconf 58' lang='grc' dir='ltr'><strong>Μ’</strong></span> 
     </span>
    </p>

    <p class='ocr_par' dir='ltr' id='par_1_17' title="bbox 161 2446 1113 2523">
     <span class='ocr_line' id='line_1_27' title="bbox 161 2446 1113 2523; baseline -0.006 -15"><span class='ocrx_word' id='word_1_368' title='bbox 161 2467 245 2508; x_wconf 81' lang='lat' dir='ltr'><strong>merie</strong></span> <span class='ocrx_word' id='word_1_369' title='bbox 254 2467 306 2523; x_wconf 87' lang='lat' dir='ltr'><strong>per</strong></span> <span class='ocrx_word' id='word_1_370' title='bbox 323 2451 421 2506; x_wconf 86' lang='lat' dir='ltr'><strong>solium</strong></span> <span class='ocrx_word' id='word_1_371' title='bbox 435 2450 487 2502; x_wconf 80' lang='lat' dir='ltr'><strong>re·</strong></span> <span class='ocrx_word' id='word_1_372' title='bbox 501 2447 578 2519; x_wconf 71' lang='lat' dir='ltr'><strong>juro.</strong></span> <span class='ocrx_word' id='word_1_373' title='bbox 597 2449 691 2505; x_wconf 89' lang='lat' dir='ltr'><strong>Iloscs</strong></span> <span class='ocrx_word' id='word_1_374' title='bbox 707 2446 788 2506; x_wconf 92' lang='lat' dir='ltr'><strong>enim</strong></span> <span class='ocrx_word' id='word_1_375' title='bbox 805 2448 853 2504; x_wconf 91' lang='lat' dir='ltr'><strong>hic</strong></span> <span class='ocrx_word' id='word_1_376' title='bbox 873 2447 959 2505; x_wconf 88' lang='lat' dir='ltr'><strong>altari</strong></span> <span class='ocrx_word' id='word_1_377' title='bbox 1000 2459 1113 2503; x_wconf 87' lang='lat' dir='ltr'><strong>mensa.</strong></span> 
     </span>
    </p>

    <p class='ocr_par' dir='ltr' id='par_1_18' title="bbox 161 2527 1794 2604">
     <span class='ocr_line' id='line_1_28' title="bbox 161 2527 1794 2604; baseline -0.001 -12"><span class='ocrx_word' id='word_1_378' title='bbox 161 2549 273 2592; x_wconf 90' lang='lat' dir='ltr'><strong>nomen</strong></span> <span class='ocrx_word' id='word_1_379' title='bbox 285 2531 393 2589; x_wconf 87' lang='lat' dir='ltr'><strong>indidit</strong></span> <span class='ocrx_word' id='word_1_380' title='bbox 406 2529 554 2604; x_wconf 89' lang='lat' dir='ltr'><strong>simulque</strong></span> <span class='ocrx_word' id='word_1_381' title='bbox 565 2531 675 2602; x_wconf 77' lang='lat' dir='ltr'><strong>iuravit</strong></span> <span class='ocrx_word' id='word_1_382' title='bbox 686 2528 802 2588; x_wconf 90' lang='lat' dir='ltr'><strong>bellum</strong></span> <span class='ocrx_word' id='word_1_383' title='bbox 815 2535 958 2588; x_wconf 83' lang='lat' dir='ltr'><strong>oeternum</strong></span> <span class='ocrx_word' id='word_1_384' title='bbox 1034 2529 1166 2586; x_wconf 87' lang='lat' dir='ltr'><strong>Modicus</strong></span> <span class='ocrx_word' id='word_1_385' title='bbox 1178 2527 1228 2586; x_wconf 91' lang='lat' dir='ltr'><strong>hic</strong></span> <span class='ocrx_word' id='word_1_386' title='bbox 1241 2528 1328 2588; x_wconf 90' lang='lat' dir='ltr'><strong>labor</strong></span> <span class='ocrx_word' id='word_1_387' title='bbox 1349 2547 1357 2587; x_wconf 89' lang='lat'>:</span> <span class='ocrx_word' id='word_1_388' title='bbox 1379 2529 1433 2587; x_wconf 91' lang='lat' dir='ltr'><strong>sed</strong></span> <span class='ocrx_word' id='word_1_389' title='bbox 1451 2533 1555 2604; x_wconf 87' lang='lat' dir='ltr'><strong>postea</strong></span> <span class='ocrx_word' id='word_1_390' title='bbox 1568 2530 1665 2604; x_wconf 78' lang='lat' dir='ltr'><strong>gloria</strong></span> <span class='ocrx_word' id='word_1_391' title='bbox 1677 2533 1794 2591; x_wconf 81' lang='lat' dir='ltr'><strong>aterna.</strong></span> 
     </span>
    </p>

    <p class='ocr_par' dir='ltr' id='par_1_19' title="bbox 161 2613 1091 2689">
     <span class='ocr_line' id='line_1_29' title="bbox 161 2613 1091 2689; baseline -0.006 -14"><span class='ocrx_word' id='word_1_392' title='bbox 161 2631 231 2676; x_wconf 89' lang='lat' dir='ltr'><strong>cum</strong></span> <span class='ocrx_word' id='word_1_393' title='bbox 242 2613 958 2689; x_wconf 85' lang='lat' dir='ltr'><strong>Amalec:suntcnimhaecdisparata,necunum</strong></span> <span class='ocrx_word' id='word_1_394' title='bbox 999 2613 1091 2682; x_wconf 83' lang='lat' dir='ltr'><strong>Elige.</strong></span> 
     </span>
    </p>

    <p class='ocr_par' dir='ltr' id='par_1_20' title="bbox 162 2696 1797 2772">
     <span class='ocr_line' id='line_1_30' title="bbox 162 2696 1797 2772; baseline -0.002 -10"><span class='ocrx_word' id='word_1_395' title='bbox 162 2707 206 2762; x_wconf 77' lang='lat' dir='ltr'><strong>esi</strong></span> <span class='ocrx_word' id='word_1_396' title='bbox 218 2717 306 2760; x_wconf 84' lang='lat' dir='ltr'><strong>causa</strong></span> <span class='ocrx_word' id='word_1_397' title='bbox 318 2699 449 2758; x_wconf 86' lang='lat' dir='ltr'><strong>alterius.</strong></span> <span class='ocrx_word' id='word_1_398' title='bbox 471 2699 606 2765; x_wconf 82' lang='lat' dir='ltr'><strong>serundo,</strong></span> <span class='ocrx_word' id='word_1_399' title='bbox 627 2713 736 2757; x_wconf 86' lang='lat' dir='ltr'><strong>manus</strong></span> <span class='ocrx_word' id='word_1_400' title='bbox 754 2699 818 2757; x_wconf 79' lang='lat' dir='ltr'><strong>beo</strong></span> <span class='ocrx_word' id='word_1_401' title='bbox 832 2700 959 2772; x_wconf 84' lang='lat' dir='ltr'><strong>jurantis</strong></span> <span class='ocrx_word' id='word_1_402' title='bbox 1034 2696 1194 2754; x_wconf 82' lang='lat' dir='ltr'><strong>uiltorum</strong></span> <span class='ocrx_word' id='word_1_403' title='bbox 1206 2698 1339 2769; x_wconf 84' lang='lat' dir='ltr'><strong>vocatio,</strong></span> <span class='ocrx_word' id='word_1_404' title='bbox 1351 2711 1517 2770; x_wconf 87' lang='lat' dir='ltr'><strong>paucorum</strong></span> <span class='ocrx_word' id='word_1_405' title='bbox 1528 2697 1647 2770; x_wconf 85' lang='lat' dir='ltr'><strong>electio,</strong></span> <span class='ocrx_word' id='word_1_406' title='bbox 1661 2701 1797 2758; x_wconf 89' lang='lat' dir='ltr'><strong>omnium</strong></span> 
     </span>
    </p>

    <p class='ocr_par' dir='ltr' id='par_1_21' title="bbox 162 2779 1165 2858">
     <span class='ocr_line' id='line_1_31' title="bbox 162 2779 1165 2858; baseline -0.007 -14"><span class='ocrx_word' id='word_1_407' title='bbox 162 2786 263 2844; x_wconf 85' lang='lat' dir='ltr'><strong>estrei</strong></span> <span class='ocrx_word' id='word_1_408' title='bbox 274 2785 375 2856; x_wconf 84' lang='lat' dir='ltr'><strong>Masis,</strong></span> <span class='ocrx_word' id='word_1_409' title='bbox 396 2787 428 2841; x_wconf 93' lang='lat' dir='ltr'><strong>ut</strong></span> <span class='ocrx_word' id='word_1_410' title='bbox 446 2782 511 2842; x_wconf 79' lang='lat' dir='ltr'><strong>vult</strong></span> <span class='ocrx_word' id='word_1_411' title='bbox 529 2783 686 2852; x_wconf 87' lang='lat' dir='ltr'><strong>Vatablus,</strong></span> <span class='ocrx_word' id='word_1_412' title='bbox 706 2784 755 2842; x_wconf 80' lang='lat' dir='ltr'><strong>rel</strong></span> <span class='ocrx_word' id='word_1_413' title='bbox 773 2783 872 2858; x_wconf 89' lang='lat' dir='ltr'><strong>potius</strong></span> <span class='ocrx_word' id='word_1_414' title='bbox 885 2786 957 2842; x_wconf 84' lang='lat' dir='ltr'><strong>Dei:</strong></span> <span class='ocrx_word' id='word_1_415' title='bbox 999 2779 1165 2838; x_wconf 89' lang='lat' dir='ltr'><strong>retributio.</strong></span> 
     </span>
    </p>

    <p class='ocr_par' dir='ltr' id='par_1_22' title="bbox 161 2863 1352 2938">
     <span class='ocr_line' id='line_1_32' title="bbox 161 2863 1352 2938; baseline -0.004 -10"><span class='ocrx_word' id='word_1_416' title='bbox 161 2871 263 2928; x_wconf 87' lang='lat' dir='ltr'><strong>Noster</strong></span> <span class='ocrx_word' id='word_1_417' title='bbox 277 2868 356 2925; x_wconf 90' lang='lat' dir='ltr'><strong>enim</strong></span> <span class='ocrx_word' id='word_1_418' title='bbox 369 2867 463 2936; x_wconf 82' lang='lat' dir='ltr'><strong>vertit,</strong></span> <span class='ocrx_word' id='word_1_419' title='bbox 482 2880 615 2924; x_wconf 78' lang='lat' dir='ltr'><strong>«manus</strong></span> <span class='ocrx_word' id='word_1_420' title='bbox 628 2865 695 2924; x_wconf 91' lang='lat' dir='ltr'><strong>solii</strong></span> <span class='ocrx_word' id='word_1_421' title='bbox 707 2865 864 2938; x_wconf 80' lang='lat' dir='ltr'><strong>Domini;»</strong></span> <span class='ocrx_word' id='word_1_422' title='bbox 879 2867 959 2926; x_wconf 91' lang='lat' dir='ltr'><strong>idem</strong></span> <span class='ocrx_word' id='word_1_423' title='bbox 1037 2863 1234 2923; x_wconf 84' lang='lat' dir='ltr'><strong>AEternitatem</strong></span> <span class='ocrx_word' id='word_1_424' title='bbox 1245 2866 1352 2937; x_wconf 84' lang='lat' dir='ltr'><strong>cogita.</strong></span> 
     </span>
    </p>
   </div>
   <div class='ocr_carea' id='block_1_5' title="bbox 145 2949 1798 3058">
    <p class='ocr_par' dir='ltr' id='par_1_23' title="bbox 145 2949 1798 3058">
     <span class='ocr_line' id='line_1_33' title="bbox 145 2949 1798 3058; baseline 0.009 -46"><span class='ocrx_word' id='word_1_425' title='bbox 145 2951 269 3036; x_wconf 16' lang='lat' dir='ltr'><strong>‘clarius</strong></span> <span class='ocrx_word' id='word_1_426' title='bbox 282 2950 372 3009; x_wconf 89' lang='lat' dir='ltr'><strong>habet</strong></span> <span class='ocrx_word' id='word_1_427' title='bbox 384 2949 538 3008; x_wconf 82' lang='lat' dir='ltr'><strong>Chaldaeus</strong></span> <span class='ocrx_word' id='word_1_428' title='bbox 553 2954 581 3008; x_wconf 87' lang='lat' dir='ltr'><strong>et</strong></span> <span class='ocrx_word' id='word_1_429' title='bbox 593 2950 794 3024; x_wconf 84' lang='lat' dir='ltr'><strong>Septuaginta.</strong></span> <span class='ocrx_word' id='word_1_430' title='bbox 815 2953 918 3018; x_wconf 81' lang='lat' dir='ltr'><strong>Tertio,</strong></span> <span class='ocrx_word' id='word_1_431' title='bbox 934 2956 960 3006; x_wconf 77' lang='lat' dir='ltr'><strong>d</strong></span> <span class='ocrx_word' id='word_1_432' title='bbox 1032 2991 1068 3057; x_wconf 83' lang='lat' dir='ltr'><strong>(i)</strong></span> <span class='ocrx_word' id='word_1_433' title='bbox 1086 2989 1317 3056; x_wconf 44' lang='lat' dir='ltr'><strong>primus-wem·</strong></span> <span class='ocrx_word' id='word_1_434' title='bbox 1328 3007 1446 3058; x_wconf 51' lang='lat' dir='ltr'><strong>,mon</strong></span> <span class='ocrx_word' id='word_1_435' title='bbox 1455 2996 1516 3048; x_wconf 84' lang='lat' dir='ltr'><strong>satis</strong></span> <span class='ocrx_word' id='word_1_436' title='bbox 1524 3002 1562 3048; x_wconf 42' lang='lat' dir='ltr'><strong>a,</strong></span> <span class='ocrx_word' id='word_1_437' title='bbox 1576 2997 1652 3050; x_wconf 46' lang='lat' dir='ltr'><strong>clam·</strong></span> <span class='ocrx_word' id='word_1_438' title='bbox 1664 2997 1798 3053; x_wconf 57' lang='lat' dir='ltr'><strong>nemum</strong></span> 
     </span>
    </p>
   </div>
   <div class='ocr_carea' id='block_1_6' title="bbox 162 3033 1799 3130">
    <p class='ocr_par' dir='ltr' id='par_1_24' title="bbox 162 3033 1799 3130">
     <span class='ocr_line' id='line_1_34' title="bbox 162 3033 1799 3130; baseline 0.012 -29"><span class='ocrx_word' id='word_1_439' title='bbox 162 3044 189 3096; x_wconf 67' lang='lat' dir='ltr'><strong>ei</strong></span> <span class='ocrx_word' id='word_1_440' title='bbox 207 3037 316 3097; x_wconf 62' lang='lat' dir='ltr'><strong>VOGUIB</strong></span> <span class='ocrx_word' id='word_1_441' title='bbox 328 3040 372 3093; x_wconf 58' lang='lat'><strong>051</strong></span> <span class='ocrx_word' id='word_1_442' title='bbox 390 3034 651 3107; x_wconf 59' lang='lat' dir='ltr'><strong>1¹⁰¹²⁰0P¹¹l²¹1¹²i⁸i</strong></span> <span class='ocrx_word' id='word_1_443' title='bbox 672 3034 725 3092; x_wconf 65' lang='lat' dir='ltr'><strong>Sed</strong></span> <span class='ocrx_word' id='word_1_444' title='bbox 740 3033 958 3108; x_wconf 66' lang='lat' dir='ltr'><strong>⁰⁰s¹fl¹⁸maflfisi</strong></span> <span class='ocrx_word' id='word_1_445' title='bbox 1001 3065 1078 3127; x_wconf 79' lang='lat' dir='ltr'><strong>reigo</strong></span> <span class='ocrx_word' id='word_1_446' title='bbox 1088 3067 1193 3113; x_wconf 85' lang='lat' dir='ltr'><strong>vertunt</strong></span> <span class='ocrx_word' id='word_1_447' title='bbox 1201 3101 1210 3127; x_wconf 92' lang='lat'><strong>,</strong></span> <span class='ocrx_word' id='word_1_448' title='bbox 1220 3078 1306 3113; x_wconf 82' lang='lat' dir='ltr'><strong>manus</strong></span> <span class='ocrx_word' id='word_1_449' title='bbox 1321 3066 1517 3116; x_wconf 86' lang='lat' dir='ltr'><strong>Amalecitarum</strong></span> <span class='ocrx_word' id='word_1_450' title='bbox 1530 3070 1674 3130; x_wconf 73' lang='lat' dir='ltr'><strong>sutteontra</strong></span> <span class='ocrx_word' id='word_1_451' title='bbox 1687 3073 1799 3120; x_wconf 65' lang='lat' dir='ltr'><strong>abosum</strong></span> 
     </span>
    </p>
   </div>
   <div class='ocr_carea' id='block_1_7' title="bbox 162 3117 1800 3281">
    <p class='ocr_par' dir='ltr' id='par_1_25' title="bbox 162 3117 1800 3281">
     <span class='ocr_line' id='line_1_35' title="bbox 162 3117 1800 3196; baseline 0.005 -11"><span class='ocrx_word' id='word_1_452' title='bbox 162 3129 191 3182; x_wconf 89' lang='lat' dir='ltr'><strong>et</strong></span> <span class='ocrx_word' id='word_1_453' title='bbox 210 3122 364 3182; x_wconf 83' lang='lat' dir='ltr'><strong>materiam</strong></span> <span class='ocrx_word' id='word_1_454' title='bbox 383 3119 544 3192; x_wconf 74' lang='lat' dir='ltr'><strong>juramenti</strong></span> <span class='ocrx_word' id='word_1_455' title='bbox 564 3117 759 3190; x_wconf 74' lang='lat' dir='ltr'><strong>assignantis,</strong></span> <span class='ocrx_word' id='word_1_456' title='bbox 779 3118 959 3190; x_wconf 78' lang='lat' dir='ltr'><strong>significans,</strong></span> <span class='ocrx_word' id='word_1_457' title='bbox 1003 3137 1065 3186; x_wconf 66' lang='lat' dir='ltr'><strong>mi:</strong></span> <span class='ocrx_word' id='word_1_458' title='bbox 1077 3135 1132 3185; x_wconf 73' lang='lat' dir='ltr'><strong>eree</strong></span> <span class='ocrx_word' id='word_1_459' title='bbox 1144 3137 1233 3186; x_wconf 71' lang='lat' dir='ltr'><strong>eiiam</strong></span> <span class='ocrx_word' id='word_1_460' title='bbox 1247 3139 1292 3185; x_wconf 70' lang='lat' dir='ltr'><strong>oei</strong></span> <span class='ocrx_word' id='word_1_461' title='bbox 1305 3139 1617 3196; x_wconf 55' lang='lat' dir='ltr'><strong>consummandae.</strong></span> <span class='ocrx_word' id='word_1_462' title='bbox 1627 3141 1800 3194; x_wconf 70' lang='lat' dir='ltr'><strong>secessum</strong></span> 
     </span>
     <span class='ocr_line' id='line_1_36' title="bbox 163 3201 1799 3281; baseline 0 -17"><span class='ocrx_word' id='word_1_463' title='bbox 163 3207 250 3281; x_wconf 85' lang='lat' dir='ltr'><strong>quod,</strong></span> <span class='ocrx_word' id='word_1_464' title='bbox 269 3207 348 3278; x_wconf 81' lang='lat' dir='ltr'><strong>quia.</strong></span> <span class='ocrx_word' id='word_1_465' title='bbox 370 3203 441 3260; x_wconf 85' lang='lat' dir='ltr'><strong>Iliuo</strong></span> <span class='ocrx_word' id='word_1_466' title='bbox 459 3202 584 3277; x_wconf 85' lang='lat' dir='ltr'><strong>pulchre</strong></span> <span class='ocrx_word' id='word_1_467' title='bbox 602 3201 757 3260; x_wconf 84' lang='lat' dir='ltr'><strong>Chaldaeus</strong></span> <span class='ocrx_word' id='word_1_468' title='bbox 771 3204 876 3259; x_wconf 83' lang='lat' dir='ltr'><strong>vertit:</strong></span> <span class='ocrx_word' id='word_1_469' title='bbox 895 3205 961 3259; x_wconf 83' lang='lat' dir='ltr'><strong>Cum</strong></span> <span class='ocrx_word' id='word_1_470' title='bbox 1001 3205 1048 3256; x_wconf 86' lang='lat' dir='ltr'><strong>uei</strong></span> <span class='ocrx_word' id='word_1_471' title='bbox 1066 3205 1135 3256; x_wconf 89' lang='lat' dir='ltr'><strong>inter</strong></span> <span class='ocrx_word' id='word_1_472' title='bbox 1156 3207 1278 3257; x_wconf 83' lang='lat' dir='ltr'><strong>israelites</strong></span> <span class='ocrx_word' id='word_1_473' title='bbox 1297 3219 1349 3257; x_wconf 87' lang='lat' dir='ltr'><strong>esse</strong></span> <span class='ocrx_word' id='word_1_474' title='bbox 1369 3209 1527 3259; x_wconf 84' lang='lat' dir='ltr'><strong>censebatur.</strong></span> <span class='ocrx_word' id='word_1_475' title='bbox 1542 3209 1604 3269; x_wconf 81' lang='lat' dir='ltr'><strong>Quae</strong></span> <span class='ocrx_word' id='word_1_476' title='bbox 1622 3210 1799 3275; x_wconf 81' lang='lat' dir='ltr'><strong>interpretatio</strong></span> 
     </span>
    </p>
   </div>
   <div class='ocr_carea' id='block_1_8' title="bbox 159 3275 1801 3556">
    <p class='ocr_par' dir='ltr' id='par_1_26' title="bbox 159 3275 1801 3556">
     <span class='ocr_line' id='line_1_37' title="bbox 159 3275 1799 3364; baseline -0.006 -16"><span class='ocrx_word' id='word_1_477' title='bbox 159 3291 314 3364; x_wconf 62' lang='lat' dir='ltr'><strong>ferramento</strong></span> <span class='ocrx_word' id='word_1_478' title='bbox 335 3289 439 3345; x_wconf 85' lang='lat' dir='ltr'><strong>dictum</strong></span> <span class='ocrx_word' id='word_1_479' title='bbox 462 3291 502 3344; x_wconf 88' lang='lat' dir='ltr'><strong>est</strong></span> <span class='ocrx_word' id='word_1_480' title='bbox 520 3287 567 3344; x_wconf 83' lang='lat' dir='ltr'><strong>lice</strong></span> <span class='ocrx_word' id='word_1_481' title='bbox 588 3303 606 3341; x_wconf 88' lang='lat' dir='ltr'><strong>a</strong></span> <span class='ocrx_word' id='word_1_482' title='bbox 627 3289 701 3356; x_wconf 73' lang='lat' dir='ltr'><strong>facie</strong></span> <span class='ocrx_word' id='word_1_483' title='bbox 724 3287 860 3354; x_wconf 81' lang='lat' dir='ltr'><strong>terribili,</strong></span> <span class='ocrx_word' id='word_1_484' title='bbox 883 3289 961 3359; x_wconf 68' lang='lat' dir='ltr'><strong>cuias</strong></span> <span class='ocrx_word' id='word_1_485' title='bbox 1002 3287 1080 3340; x_wconf 81' lang='lat' dir='ltr'><strong>quam</strong></span> <span class='ocrx_word' id='word_1_486' title='bbox 1094 3275 1128 3326; x_wconf 85' lang='lat' dir='ltr'><strong>sir</strong></span> <span class='ocrx_word' id='word_1_487' title='bbox 1141 3276 1206 3326; x_wconf 83' lang='lat' dir='ltr'><strong>dure</strong></span> <span class='ocrx_word' id='word_1_488' title='bbox 1219 3291 1263 3340; x_wconf 67' lang='lat' dir='ltr'><strong>rer</strong></span> <span class='ocrx_word' id='word_1_489' title='bbox 1275 3290 1310 3335; x_wconf 72' lang='lat'><strong>⁵0»</strong></span> <span class='ocrx_word' id='word_1_490' title='bbox 1324 3283 1351 3328; x_wconf 81' lang='lat' dir='ltr'><strong>et</strong></span> <span class='ocrx_word' id='word_1_491' title='bbox 1364 3291 1380 3328; x_wconf 63' lang='grc' dir='ltr'><strong><em>ἃ</em></strong></span> <span class='ocrx_word' id='word_1_492' title='bbox 1391 3279 1520 3342; x_wconf 81' lang='lat' dir='ltr'><strong>superlore</strong></span> <span class='ocrx_word' id='word_1_493' title='bbox 1535 3293 1609 3331; x_wconf 81' lang='lat' dir='ltr'><strong>versu</strong></span> <span class='ocrx_word' id='word_1_494' title='bbox 1625 3281 1717 3346; x_wconf 83' lang='lat' dir='ltr'><strong>atiena,</strong></span> <span class='ocrx_word' id='word_1_495' title='bbox 1732 3284 1799 3334; x_wconf 82' lang='lat' dir='ltr'><strong>ultio</strong></span> 
     </span>
     <span class='ocr_line' id='line_1_38' title="bbox 163 3346 1801 3474; baseline 0.001 -2"><span class='ocrx_word' id='word_1_496' title='bbox 163 3374 293 3447; x_wconf 71' lang='lat' dir='ltr'><strong>meseia</strong></span> <span class='ocrx_word' id='word_1_497' title='bbox 313 3379 352 3430; x_wconf 66' lang='lat'><strong>‘³‘</strong></span> <span class='ocrx_word' id='word_1_498' title='bbox 372 3387 454 3445; x_wconf 67' lang='lat' dir='ltr'><strong>ape</strong></span> <span class='ocrx_word' id='word_1_499' title='bbox 474 3371 571 3468; x_wconf 55' lang='lat' dir='ltr'><strong>illm</strong></span> <span class='ocrx_word' id='word_1_500' title='bbox 590 3371 698 3468; x_wconf 49' lang='lat' dir='ltr'><strong>iiii·</strong></span> <span class='ocrx_word' id='word_1_501' title='bbox 722 3376 755 3426; x_wconf 66' lang='lat'><strong>¹⁸³</strong></span> <span class='ocrx_word' id='word_1_502' title='bbox 775 3373 961 3429; x_wconf 52' lang='lat' dir='ltr'><strong><em>mmmmm?</em></strong></span> <span class='ocrx_word' id='word_1_503' title='bbox 1001 3346 1801 3474; x_wconf 58' lang='lat' dir='ltr'><strong>iiiiitl&#39;itit‘ttiliiltitsliltitilttfftiir</strong></span> 
     </span>
     <span class='ocr_line' id='line_1_39' title="bbox 162 3455 1800 3556; baseline 0.001 -12"><span class='ocrx_word' id='word_1_504' title='bbox 162 3460 291 3532; x_wconf 55' lang='lat' dir='ltr'><strong>dmum</strong></span> <span class='ocrx_word' id='word_1_505' title='bbox 303 3473 322 3514; x_wconf 64' lang='lat' dir='ltr'><em>a</em></span> <span class='ocrx_word' id='word_1_506' title='bbox 333 3459 408 3526; x_wconf 55' lang='grc' dir='ltr'><strong>ΜΘ</strong></span> <span class='ocrx_word' id='word_1_507' title='bbox 416 3457 527 3512; x_wconf 71' lang='lat' dir='ltr'><em>D⁰mm²</em></span> <span class='ocrx_word' id='word_1_508' title='bbox 540 3461 636 3511; x_wconf 52' lang='grc' dir='ltr'><strong>ΜΝ</strong></span> <span class='ocrx_word' id='word_1_509' title='bbox 648 3471 723 3512; x_wconf 57' lang='lat' dir='ltr'><strong>²³²r⁰⁸</strong></span> <span class='ocrx_word' id='word_1_510' title='bbox 734 3455 830 3512; x_wconf 61' lang='lat' dir='ltr'><strong>dmm</strong></span> <span class='ocrx_word' id='word_1_511' title='bbox 838 3455 960 3527; x_wconf 57' lang='lat' dir='ltr'><strong>‘malici</strong></span> <span class='ocrx_word' id='word_1_512' title='bbox 1002 3485 1169 3550; x_wconf 84' lang='lat' dir='ltr'><strong>imposuerit,</strong></span> <span class='ocrx_word' id='word_1_513' title='bbox 1186 3487 1300 3540; x_wconf 83' lang='lat' dir='ltr'><strong>dubitari</strong></span> <span class='ocrx_word' id='word_1_514' title='bbox 1311 3489 1355 3539; x_wconf 84' lang='lat' dir='ltr'><strong>iiix</strong></span> <span class='ocrx_word' id='word_1_515' title='bbox 1369 3495 1469 3555; x_wconf 84' lang='lat' dir='ltr'><strong>potest,</strong></span> <span class='ocrx_word' id='word_1_516' title='bbox 1481 3505 1527 3555; x_wconf 85' lang='lat' dir='ltr'><strong>pro</strong></span> <span class='ocrx_word' id='word_1_517' title='bbox 1541 3501 1585 3554; x_wconf 65' lang='grc' dir='ltr'><strong>ο)</strong></span> <span class='ocrx_word' id='word_1_518' title='bbox 1598 3491 1733 3556; x_wconf 75' lang='lat' dir='ltr'><strong>legendum</strong></span> <span class='ocrx_word' id='word_1_519' title='bbox 1748 3507 1800 3545; x_wconf 84' lang='lat' dir='ltr'><strong>esse</strong></span> 
     </span>
    </p>
   </div>
   <div class='ocr_carea' id='block_1_9' title="bbox 164 3540 1802 3700">
    <p class='ocr_par' dir='ltr' id='par_1_27' title="bbox 164 3540 1802 3700">
     <span class='ocr_line' id='line_1_40' title="bbox 164 3540 1802 3624; baseline 0.003 -15"><span class='ocrx_word' id='word_1_520' title='bbox 164 3548 196 3600; x_wconf 88' lang='lat' dir='ltr'><strong>ut</strong></span> <span class='ocrx_word' id='word_1_521' title='bbox 209 3546 346 3600; x_wconf 53' lang='lat' dir='ltr'><strong>&amp;mmai</strong></span> <span class='ocrx_word' id='word_1_522' title='bbox 360 3555 403 3598; x_wconf 70' lang='lat'><strong>⁶⁰⁸</strong></span> <span class='ocrx_word' id='word_1_523' title='bbox 417 3541 663 3610; x_wconf 63' lang='lat' dir='ltr'><strong>“IIWWI&#39;I’MMIS</strong></span> <span class='ocrx_word' id='word_1_524' title='bbox 681 3540 783 3596; x_wconf 68' lang='lat' dir='ltr'><strong>Sffliuli&#39;·</strong></span> <span class='ocrx_word' id='word_1_525' title='bbox 1004 3567 1042 3620; x_wconf 68' lang='grc' dir='ltr'><strong>ο]</strong></span> <span class='ocrx_word' id='word_1_526' title='bbox 1059 3558 1144 3622; x_wconf 89' lang='lat' dir='ltr'><strong>(quod</strong></span> <span class='ocrx_word' id='word_1_527' title='bbox 1158 3557 1186 3609; x_wconf 90' lang='lat' dir='ltr'><strong>in</strong></span> <span class='ocrx_word' id='word_1_528' title='bbox 1206 3571 1258 3609; x_wconf 90' lang='lat' dir='ltr'><strong>uno</strong></span> <span class='ocrx_word' id='word_1_529' title='bbox 1279 3559 1336 3610; x_wconf 86' lang='lat' dir='ltr'><strong>aod.</strong></span> <span class='ocrx_word' id='word_1_530' title='bbox 1359 3559 1475 3624; x_wconf 82' lang='lat' dir='ltr'><strong>exstet),</strong></span> <span class='ocrx_word' id='word_1_531' title='bbox 1493 3566 1523 3612; x_wconf 87' lang='lat' dir='ltr'><strong>ut</strong></span> <span class='ocrx_word' id='word_1_532' title='bbox 1545 3575 1631 3613; x_wconf 84' lang='lat' dir='ltr'><strong>seusus</strong></span> <span class='ocrx_word' id='word_1_533' title='bbox 1644 3563 1679 3615; x_wconf 85' lang='lat' dir='ltr'><strong>sit</strong></span> <span class='ocrx_word' id='word_1_534' title='bbox 1692 3579 1700 3614; x_wconf 79' lang='lat' dir='ltr'><strong>r</strong></span> <span class='ocrx_word' id='word_1_535' title='bbox 1714 3571 1802 3616; x_wconf 73' lang='lat' dir='ltr'><strong>uanus</strong></span> 
     </span>
     <span class='ocr_line' id='line_1_41' title="bbox 200 3623 1802 3700; baseline 0.001 -15"><span class='ocrx_word' id='word_1_536' title='bbox 200 3625 389 3700; x_wconf 83' lang='lat' dir='ltr'><strong>Septuaginta</strong></span> <span class='ocrx_word' id='word_1_537' title='bbox 407 3639 530 3681; x_wconf 91' lang='lat' dir='ltr'><strong>manum</strong></span> <span class='ocrx_word' id='word_1_538' title='bbox 544 3639 634 3696; x_wconf 88' lang='lat' dir='ltr'><strong>super</strong></span> <span class='ocrx_word' id='word_1_539' title='bbox 646 3623 755 3681; x_wconf 91' lang='lat' dir='ltr'><strong>solium</strong></span> <span class='ocrx_word' id='word_1_540' title='bbox 770 3623 961 3697; x_wconf 88' lang='lat' dir='ltr'><strong>interpretari·</strong></span> <span class='ocrx_word' id='word_1_541' title='bbox 1004 3633 1093 3688; x_wconf 77' lang='lat' dir='ltr'><strong>qeippe</strong></span> <span class='ocrx_word' id='word_1_542' title='bbox 1106 3642 1164 3678; x_wconf 82' lang='lat' dir='ltr'><strong>iiiee</strong></span> <span class='ocrx_word' id='word_1_543' title='bbox 1177 3632 1271 3680; x_wconf 72' lang='lat' dir='ltr'><strong>,verriu</strong></span> <span class='ocrx_word' id='word_1_544' title='bbox 1283 3631 1349 3680; x_wconf 77' lang='lat' dir='ltr'><strong>Joeoe</strong></span> <span class='ocrx_word' id='word_1_545' title='bbox 1363 3631 1466 3682; x_wconf 81' lang='lat' dir='ltr'><strong>admota</strong></span> <span class='ocrx_word' id='word_1_546' title='bbox 1481 3641 1536 3697; x_wconf 81' lang='lat' dir='ltr'><strong>esi,</strong></span> <span class='ocrx_word' id='word_1_547' title='bbox 1552 3646 1629 3684; x_wconf 87' lang='lat' dir='ltr'><strong>manu</strong></span> <span class='ocrx_word' id='word_1_548' title='bbox 1653 3647 1710 3686; x_wconf 88' lang='lat' dir='ltr'><strong>mea</strong></span> <span class='ocrx_word' id='word_1_549' title='bbox 1728 3641 1802 3686; x_wconf 83' lang='lat' dir='ltr'><strong>teneo</strong></span> 
     </span>
    </p>
   </div>
   <div class='ocr_carea' id='block_1_10' title="bbox 166 3698 1803 3864">
    <p class='ocr_par' dir='ltr' id='par_1_28' title="bbox 166 3698 1803 3864">
     <span class='ocr_line' id='line_1_42' title="bbox 166 3698 1803 3780; baseline -0.001 -22"><span class='ocrx_word' id='word_1_550' title='bbox 166 3715 215 3767; x_wconf 75' lang='lat' dir='ltr'><strong>tui·</strong></span> <span class='ocrx_word' id='word_1_551' title='bbox 227 3723 351 3766; x_wconf 78' lang='lat' dir='ltr'><strong>manum</strong></span> <span class='ocrx_word' id='word_1_552' title='bbox 365 3706 527 3770; x_wconf 75' lang='lat' dir='ltr'><strong>occultam,</strong></span> <span class='ocrx_word' id='word_1_553' title='bbox 542 3707 591 3763; x_wconf 82' lang='lat' dir='ltr'><strong>vel</strong></span> <span class='ocrx_word' id='word_1_554' title='bbox 606 3707 721 3780; x_wconf 79' lang='lat' dir='ltr'><strong>potius,</strong></span> <span class='ocrx_word' id='word_1_555' title='bbox 736 3711 770 3763; x_wconf 79' lang='lat' dir='ltr'><strong>ut</strong></span> <span class='ocrx_word' id='word_1_556' title='bbox 783 3706 833 3763; x_wconf 73' lang='lat' dir='ltr'><strong>alii</strong></span> <span class='ocrx_word' id='word_1_557' title='bbox 847 3708 961 3779; x_wconf 63' lang='lat' dir='ltr'><strong>legunt,</strong></span> <span class='ocrx_word' id='word_1_558' title='bbox 1004 3699 1126 3780; x_wconf 71' lang='lat' dir='ltr'><strong>restitum</strong></span> <span class='ocrx_word' id='word_1_559' title='bbox 1137 3698 1215 3751; x_wconf 85' lang='lat' dir='ltr'><strong>lovae.</strong></span> <span class='ocrx_word' id='word_1_560' title='bbox 1227 3715 1241 3748; x_wconf 83' lang='lat' dir='ltr'><strong>o</strong></span> <span class='ocrx_word' id='word_1_561' title='bbox 1251 3701 1376 3764; x_wconf 87' lang='lat' dir='ltr'><strong>interpres</strong></span> <span class='ocrx_word' id='word_1_562' title='bbox 1384 3703 1485 3752; x_wconf 68' lang='lat' dir='ltr'><strong>Graecus</strong></span> <span class='ocrx_word' id='word_1_563' title='bbox 1496 3716 1655 3768; x_wconf 72' lang='lat' dir='ltr'><strong>anonymus,</strong></span> <span class='ocrx_word' id='word_1_564' title='bbox 1667 3706 1741 3768; x_wconf 76' lang='lat' dir='ltr'><strong>euius</strong></span> <span class='ocrx_word' id='word_1_565' title='bbox 1749 3719 1803 3756; x_wconf 83' lang='lat' dir='ltr'><strong>ier-</strong></span> 
     </span>
     <span class='ocr_line' id='line_1_43' title="bbox 166 3755 1803 3864; baseline -0.004 -14"><span class='ocrx_word' id='word_1_566' title='bbox 166 3793 312 3850; x_wconf 73' lang='lat' dir='ltr'><strong>excelsam</strong></span> <span class='ocrx_word' id='word_1_567' title='bbox 326 3809 334 3847; x_wconf 90' lang='lat'><strong>:</strong></span> <span class='ocrx_word' id='word_1_568' title='bbox 348 3792 391 3849; x_wconf 82' lang='lat' dir='ltr'><strong>sio</strong></span> <span class='ocrx_word' id='word_1_569' title='bbox 400 3787 479 3848; x_wconf 78' lang='lat' dir='ltr'><strong>ellim</strong></span> <span class='ocrx_word' id='word_1_570' title='bbox 491 3787 612 3860; x_wconf 75' lang='lat' dir='ltr'><strong>habent,</strong></span> <span class='ocrx_word' id='word_1_571' title='bbox 627 3791 663 3844; x_wconf 77' lang='lat' dir='ltr'><strong>dra</strong></span> <span class='ocrx_word' id='word_1_572' title='bbox 675 3794 699 3844; x_wconf 75' lang='lat' dir='ltr'><strong>ir</strong></span> <span class='ocrx_word' id='word_1_573' title='bbox 711 3790 771 3863; x_wconf 80' lang='grc' dir='ltr'>χιιρὶ</span> <span class='ocrx_word' id='word_1_574' title='bbox 782 3791 885 3863; x_wconf 62' lang='lat' dir='ltr'><strong>speciale</strong></span> <span class='ocrx_word' id='word_1_575' title='bbox 897 3792 962 3864; x_wconf 85' lang='lat' dir='ltr'><strong>(Eu-</strong></span> <span class='ocrx_word' id='word_1_576' title='bbox 1002 3783 1100 3821; x_wconf 67' lang='lat' dir='ltr'><strong>⁵¹⁰¹¹⁶m</strong></span> <span class='ocrx_word' id='word_1_577' title='bbox 1111 3783 1125 3820; x_wconf 65' lang='grc' dir='ltr'>θ</span> <span class='ocrx_word' id='word_1_578' title='bbox 1135 3771 1191 3821; x_wconf 65' lang='lat'><strong>⁰⁰¹¹·</strong></span> <span class='ocrx_word' id='word_1_579' title='bbox 1204 3771 1301 3822; x_wconf 59' lang='lat' dir='ltr'><strong>venem</strong></span> <span class='ocrx_word' id='word_1_580' title='bbox 1315 3772 1394 3822; x_wconf 54' lang='lat' dir='ltr'><strong>edwii</strong></span> <span class='ocrx_word' id='word_1_581' title='bbox 1409 3774 1537 3838; x_wconf 84' lang='lat' dir='ltr'><strong>Ainrnen,</strong></span> <span class='ocrx_word' id='word_1_582' title='bbox 1550 3773 1612 3839; x_wconf 64' lang='lat' dir='ltr'><strong>ledit</strong></span> <span class='ocrx_word' id='word_1_583' title='bbox 1623 3755 1731 3845; x_wconf 48' lang='lat'><strong>0259</strong></span> <span class='ocrx_word' id='word_1_584' title='bbox 1738 3819 1747 3845; x_wconf 72' lang='lat'>2</span> <span class='ocrx_word' id='word_1_585' title='bbox 1762 3775 1803 3827; x_wconf 50' lang='grc' dir='ltr'><strong>Ἴθι</strong></span> 
     </span>
    </p>
   </div>
   <div class='ocr_carea' id='block_1_11' title="bbox 167 3826 1804 3977">
    <p class='ocr_par' dir='ltr' id='par_1_29' title="bbox 167 3826 1804 3977">
     <span class='ocr_line' id='line_1_44' title="bbox 167 3826 1804 3977; baseline 0.004 -15"><span class='ocrx_word' id='word_1_586' title='bbox 167 3875 296 3947; x_wconf 77' lang='lat' dir='ltr'><strong>gabinus</strong></span> <span class='ocrx_word' id='word_1_587' title='bbox 313 3873 384 3946; x_wconf 63' lang='lat' dir='ltr'><strong>¹0⁸st</strong></span> <span class='ocrx_word' id='word_1_588' title='bbox 399 3875 524 3945; x_wconf 57' lang='lat' dir='ltr'><strong>aaa,</strong></span> <span class='ocrx_word' id='word_1_589' title='bbox 540 3873 629 3932; x_wconf 67' lang='lat' dir='ltr'><strong>use</strong></span> <span class='ocrx_word' id='word_1_590' title='bbox 642 3873 773 3944; x_wconf 60' lang='lat' dir='ltr'><strong>“celse</strong></span> <span class='ocrx_word' id='word_1_591' title='bbox 786 3871 884 3932; x_wconf 60' lang='lat'><strong>²²¹¹⁰⁰</strong></span> <span class='ocrx_word' id='word_1_592' title='bbox 899 3889 963 3970; x_wconf 67' lang='lat' dir='ltr'><strong>mr·</strong></span> <span class='ocrx_word' id='word_1_593' title='bbox 1003 3826 1804 3977; x_wconf 53' lang='lat' dir='ltr'><strong>&amp;illiardis&#39;litteraliterdiffinibilis</strong></span> 
     </span>
    </p>
   </div>
   <div class='ocr_carea' id='block_1_12' title="bbox 168 3956 1804 4118">
    <p class='ocr_par' dir='ltr' id='par_1_30' title="bbox 168 3956 1804 4118">
     <span class='ocr_line' id='line_1_45' title="bbox 168 3956 1804 4054; baseline 0.013 -38"><span class='ocrx_word' id='word_1_594' title='bbox 168 3961 213 4054; x_wconf 61' lang='lat' dir='ltr'><strong>qis</strong></span> <span class='ocrx_word' id='word_1_595' title='bbox 229 3957 389 4032; x_wconf 90' lang='lat' dir='ltr'><strong>respondet</strong></span> <span class='ocrx_word' id='word_1_596' title='bbox 403 3956 534 4028; x_wconf 76' lang='lat' dir='ltr'><strong>Hebraeo)</strong></span> <span class='ocrx_word' id='word_1_597' title='bbox 547 3963 644 4028; x_wconf 65' lang='lat' dir='ltr'><strong>strepet</strong></span> <span class='ocrx_word' id='word_1_598' title='bbox 657 3961 753 4054; x_wconf 57' lang='lat' dir='ltr'><strong>Aipeia,</strong></span> <span class='ocrx_word' id='word_1_599' title='bbox 768 3957 801 4014; x_wconf 92' lang='lat' dir='ltr'><strong>id</strong></span> <span class='ocrx_word' id='word_1_600' title='bbox 816 3962 963 4052; x_wconf 37' lang='lat' dir='ltr'><strong>est,·quia</strong></span> <span class='ocrx_word' id='word_1_601' title='bbox 1003 3993 1112 4033; x_wconf 61' lang='lat' dir='ltr'><strong>manum</strong></span> <span class='ocrx_word' id='word_1_602' title='bbox 1135 3993 1207 4031; x_wconf 66' lang='lat' dir='ltr'><strong>susm</strong></span> <span class='ocrx_word' id='word_1_603' title='bbox 1229 3994 1363 4044; x_wconf 74' lang='lat' dir='ltr'><strong>supervos</strong></span> <span class='ocrx_word' id='word_1_604' title='bbox 1378 3985 1504 4041; x_wconf 75' lang='lat' dir='ltr'><strong>protendit</strong></span> <span class='ocrx_word' id='word_1_605' title='bbox 1525 3984 1635 4047; x_wconf 76' lang='lat' dir='ltr'><strong>letica,</strong></span> <span class='ocrx_word' id='word_1_606' title='bbox 1654 3985 1756 4052; x_wconf 77' lang='lat' dir='ltr'><strong>iuram,</strong></span> <span class='ocrx_word' id='word_1_607' title='bbox 1776 3997 1804 4038; x_wconf 84' lang='lat' dir='ltr'><strong>ee</strong></span> 
     </span>
     <span class='ocr_line' id='line_1_46' title="bbox 168 4039 1756 4118; baseline 0.007 -19"><span class='ocrx_word' id='word_1_608' title='bbox 168 4057 201 4099; x_wconf 89' lang='lat' dir='ltr'><strong>in</strong></span> <span class='ocrx_word' id='word_1_609' title='bbox 218 4056 310 4100; x_wconf 86' lang='lat' dir='ltr'><strong>mann</strong></span> <span class='ocrx_word' id='word_1_610' title='bbox 328 4039 445 4098; x_wconf 86' lang='lat' dir='ltr'><strong>occulta</strong></span> <span class='ocrx_word' id='word_1_611' title='bbox 463 4042 492 4097; x_wconf 85' lang='lat' dir='ltr'><strong>et</strong></span> <span class='ocrx_word' id='word_1_612' title='bbox 512 4039 628 4097; x_wconf 84' lang='lat' dir='ltr'><strong>excelsa</strong></span> <span class='ocrx_word' id='word_1_613' title='bbox 645 4039 796 4113; x_wconf 83' lang='lat' dir='ltr'><strong>praeliatur</strong></span> <span class='ocrx_word' id='word_1_614' title='bbox 810 4043 962 4112; x_wconf 82' lang='lat' dir='ltr'><strong>Dominus,</strong></span> <span class='ocrx_word' id='word_1_615' title='bbox 1004 4050 1101 4101; x_wconf 86' lang='lat' dir='ltr'><strong>bertum</strong></span> <span class='ocrx_word' id='word_1_616' title='bbox 1116 4049 1305 4102; x_wconf 82' lang='lat' dir='ltr'><strong>interneciuum</strong></span> <span class='ocrx_word' id='word_1_617' title='bbox 1320 4050 1453 4102; x_wconf 80' lang='lat' dir='ltr'><strong>illaturum</strong></span> <span class='ocrx_word' id='word_1_618' title='bbox 1467 4063 1520 4104; x_wconf 90' lang='lat' dir='ltr'><strong>esse</strong></span> <span class='ocrx_word' id='word_1_619' title='bbox 1536 4053 1629 4118; x_wconf 86' lang='lat' dir='ltr'><strong>populo</strong></span> <span class='ocrx_word' id='word_1_620' title='bbox 1644 4056 1756 4110; x_wconf 77' lang='lat' dir='ltr'><strong>Amalec.</strong></span> 
     </span>
    </p>
   </div>
   <div class='ocr_carea' id='block_1_13' title="bbox 548 4360 1427 4536">
    <p class='ocr_par' dir='ltr' id='par_1_31' title="bbox 548 4360 1427 4536">
     <span class='ocr_line' id='line_1_47' title="bbox 548 4360 1427 4536; baseline -0.001 -64"><span class='ocrx_word' id='word_1_621' title='bbox 548 4360 754 4528; x_wconf 81' lang='lat' dir='ltr'><strong>eirea</strong></span> <span class='ocrx_word' id='word_1_622' title='bbox 791 4361 1083 4472; x_wconf 85' lang='lat' dir='ltr'><strong>oneiueii</strong></span> <span class='ocrx_word' id='word_1_623' title='bbox 1119 4363 1427 4536; x_wconf 81' lang='lat' dir='ltr'><strong>cciirau.</strong></span> 
     </span>
    </p>
   </div>
   <div class='ocr_carea' id='block_1_14' title="bbox 787 4597 1191 4663">
    <p class='ocr_par' dir='ltr' id='par_1_32' title="bbox 787 4597 1191 4663">
     <span class='ocr_line' id='line_1_48' title="bbox 787 4597 1191 4663; baseline -0.002 -2"><span class='ocrx_word' id='word_1_624' title='bbox 787 4597 990 4662; x_wconf 86' lang='lat' dir='ltr'><strong>SYNOPSIS</strong></span> <span class='ocrx_word' id='word_1_625' title='bbox 1009 4599 1191 4663; x_wconf 84' lang='lat' dir='ltr'><strong>cArrrrs.</strong></span> 
     </span>
    </p>
   </div>
   <div class='ocr_carea' id='block_1_15' title="bbox 190 4768 1791 4952">
    <p class='ocr_par' dir='ltr' id='par_1_33' title="bbox 190 4768 1791 4952">
     <span class='ocr_line' id='line_1_49' title="bbox 190 4768 1791 4874; baseline 0.002 -33"><span class='ocrx_word' id='word_1_626' title='bbox 190 4777 282 4841; x_wconf 77' lang='lat' dir='ltr'><strong>Jetiro</strong></span> <span class='ocrx_word' id='word_1_627' title='bbox 294 4795 366 4874; x_wconf 81' lang='lat' dir='ltr'><strong>socer</strong></span> <span class='ocrx_word' id='word_1_628' title='bbox 376 4783 461 4843; x_wconf 82' lang='lat' dir='ltr'><strong>Maste</strong></span> <span class='ocrx_word' id='word_1_629' title='bbox 474 4791 584 4840; x_wconf 80' lang='lat' dir='ltr'><strong>urerer</strong></span> <span class='ocrx_word' id='word_1_630' title='bbox 596 4781 741 4855; x_wconf 77' lang='lat' dir='ltr'><strong>Sephoram</strong></span> <span class='ocrx_word' id='word_1_631' title='bbox 752 4796 811 4838; x_wconf 80' lang='lat' dir='ltr'><strong>mm</strong></span> <span class='ocrx_word' id='word_1_632' title='bbox 823 4768 892 4851; x_wconf 69' lang='lat' dir='ltr'><strong>filiis</strong></span> <span class='ocrx_word' id='word_1_633' title='bbox 903 4779 941 4836; x_wconf 87' lang='lat' dir='ltr'><strong>ed</strong></span> <span class='ocrx_word' id='word_1_634' title='bbox 952 4795 1012 4839; x_wconf 84' lang='lat' dir='ltr'><strong>eum</strong></span> <span class='ocrx_word' id='word_1_635' title='bbox 1024 4779 1145 4846; x_wconf 59' lang='lat' dir='ltr'><strong>sedecim</strong></span> <span class='ocrx_word' id='word_1_636' title='bbox 1159 4779 1266 4853; x_wconf 76' lang='lat' dir='ltr'><strong>ejusque</strong></span> <span class='ocrx_word' id='word_1_637' title='bbox 1279 4781 1399 4848; x_wconf 70' lang='lat' dir='ltr'><strong>meniu,</strong></span> <span class='ocrx_word' id='word_1_638' title='bbox 1415 4799 1483 4840; x_wconf 83' lang='lat' dir='ltr'><strong>cers.</strong></span> <span class='ocrx_word' id='word_1_639' title='bbox 1497 4785 1545 4850; x_wconf 81' lang='lat'><strong>13,</strong></span> <span class='ocrx_word' id='word_1_640' title='bbox 1559 4784 1645 4842; x_wconf 84' lang='lat' dir='ltr'><strong>Moses</strong></span> <span class='ocrx_word' id='word_1_641' title='bbox 1657 4799 1715 4842; x_wconf 80' lang='lat' dir='ltr'><strong>eim</strong></span> <span class='ocrx_word' id='word_1_642' title='bbox 1726 4786 1791 4844; x_wconf 82' lang='lat' dir='ltr'><strong>attis</strong></span> 
     </span>
     <span class='ocr_line' id='line_1_50' title="bbox 370 4878 1609 4952; baseline 0.001 -15"><span class='ocrx_word' id='word_1_643' title='bbox 370 4879 494 4952; x_wconf 81' lang='lat' dir='ltr'><strong>partitur</strong></span> <span class='ocrx_word' id='word_1_644' title='bbox 506 4880 624 4951; x_wconf 82' lang='lat' dir='ltr'><strong>reqtmen</strong></span> <span class='ocrx_word' id='word_1_645' title='bbox 633 4879 744 4952; x_wconf 84' lang='lat' dir='ltr'><strong>popuii,</strong></span> <span class='ocrx_word' id='word_1_646' title='bbox 758 4881 881 4951; x_wconf 84' lang='lat' dir='ltr'><strong>creatque</strong></span> <span class='ocrx_word' id='word_1_647' title='bbox 890 4878 1081 4949; x_wconf 73' lang='lat' dir='ltr'><strong>meeistrotits.</strong></span> <span class='ocrx_word' id='word_1_648' title='bbox 1098 4882 1125 4934; x_wconf 91' lang='lat' dir='ltr'><strong>et</strong></span> <span class='ocrx_word' id='word_1_649' title='bbox 1132 4878 1254 4949; x_wconf 76' lang='lat' dir='ltr'><strong>jndices,</strong></span> <span class='ocrx_word' id='word_1_650' title='bbox 1270 4881 1319 4950; x_wconf 83' lang='lat' dir='ltr'><strong>qui</strong></span> <span class='ocrx_word' id='word_1_651' title='bbox 1331 4881 1437 4937; x_wconf 81' lang='lat' dir='ltr'><strong>minora</strong></span> <span class='ocrx_word' id='word_1_652' title='bbox 1451 4881 1609 4952; x_wconf 67' lang='lat' dir='ltr'><strong>diiudicent.</strong></span> 
     </span>
    </p>
   </div>
   <div class='ocr_carea' id='block_1_16' title="bbox 177 5068 1816 5378">
    <p class='ocr_par' dir='ltr' id='par_1_34' title="bbox 177 5068 1816 5378">
     <span class='ocr_line' id='line_1_51' title="bbox 222 5068 1814 5165; baseline 0.003 -26"><span class='ocrx_word' id='word_1_653' title='bbox 222 5070 254 5140; x_wconf 87' lang='lat' dir='ltr'><strong>i.</strong></span> <span class='ocrx_word' id='word_1_654' title='bbox 273 5071 426 5163; x_wconf 84' lang='lat' dir='ltr'><strong>Cumque</strong></span> <span class='ocrx_word' id='word_1_655' title='bbox 438 5069 582 5140; x_wconf 87' lang='lat' dir='ltr'><strong>audisset</strong></span> <span class='ocrx_word' id='word_1_656' title='bbox 592 5069 723 5155; x_wconf 77' lang='lat' dir='ltr'><strong>laihte,</strong></span> <span class='ocrx_word' id='word_1_657' title='bbox 738 5068 887 5137; x_wconf 86' lang='lat' dir='ltr'><strong>sacerdos</strong></span> <span class='ocrx_word' id='word_1_658' title='bbox 899 5068 1051 5156; x_wconf 87' lang='lat' dir='ltr'><strong>Madian,</strong></span> <span class='ocrx_word' id='word_1_659' title='bbox 1074 5077 1232 5160; x_wconf 84' lang='lat' dir='ltr'><strong>cognatus</strong></span> <span class='ocrx_word' id='word_1_660' title='bbox 1244 5071 1366 5162; x_wconf 90' lang='lat' dir='ltr'><strong>Moysi,</strong></span> <span class='ocrx_word' id='word_1_661' title='bbox 1382 5073 1493 5140; x_wconf 85' lang='lat' dir='ltr'><strong>omnia</strong></span> <span class='ocrx_word' id='word_1_662' title='bbox 1506 5095 1581 5165; x_wconf 76' lang='lat' dir='ltr'><strong>quae</strong></span> <span class='ocrx_word' id='word_1_663' title='bbox 1594 5075 1712 5142; x_wconf 89' lang='lat' dir='ltr'><strong>iecerat</strong></span> <span class='ocrx_word' id='word_1_664' title='bbox 1724 5077 1814 5144; x_wconf 88' lang='lat' dir='ltr'><strong>Deus</strong></span> 
     </span>
     <span class='ocr_line' id='line_1_52' title="bbox 177 5173 1814 5272; baseline 0.003 -27"><span class='ocrx_word' id='word_1_665' title='bbox 177 5175 295 5268; x_wconf 85' lang='lat' dir='ltr'><strong>Moysi,</strong></span> <span class='ocrx_word' id='word_1_666' title='bbox 309 5185 344 5246; x_wconf 89' lang='lat' dir='ltr'><strong>et</strong></span> <span class='ocrx_word' id='word_1_667' title='bbox 354 5173 468 5246; x_wconf 78' lang='lat' dir='ltr'><strong>Israeli</strong></span> <span class='ocrx_word' id='word_1_668' title='bbox 481 5176 604 5269; x_wconf 92' lang='lat' dir='ltr'><strong>populo</strong></span> <span class='ocrx_word' id='word_1_669' title='bbox 617 5199 690 5262; x_wconf 90' lang='lat' dir='ltr'><strong>suo,</strong></span> <span class='ocrx_word' id='word_1_670' title='bbox 706 5183 739 5244; x_wconf 89' lang='lat' dir='ltr'><strong>et</strong></span> <span class='ocrx_word' id='word_1_671' title='bbox 752 5175 841 5268; x_wconf 91' lang='lat' dir='ltr'><strong>quod</strong></span> <span class='ocrx_word' id='word_1_672' title='bbox 855 5176 1019 5245; x_wconf 88' lang='lat' dir='ltr'><strong>eduxisset</strong></span> <span class='ocrx_word' id='word_1_673' title='bbox 1032 5177 1194 5246; x_wconf 88' lang='lat' dir='ltr'><strong>Dominus</strong></span> <span class='ocrx_word' id='word_1_674' title='bbox 1206 5177 1306 5246; x_wconf 87' lang='lat' dir='ltr'><strong>Israel</strong></span> <span class='ocrx_word' id='word_1_675' title='bbox 1316 5178 1357 5246; x_wconf 90' lang='lat' dir='ltr'><strong>de</strong></span> <span class='ocrx_word' id='word_1_676' title='bbox 1367 5177 1533 5270; x_wconf 82' lang='lat' dir='ltr'><strong>AEgypto:</strong></span> <span class='ocrx_word' id='word_1_677' title='bbox 1550 5181 1582 5248; x_wconf 78' lang='lat'><strong>2.</strong></span> <span class='ocrx_word' id='word_1_678' title='bbox 1599 5180 1677 5249; x_wconf 86' lang='lat' dir='ltr'><strong>tulit</strong></span> <span class='ocrx_word' id='word_1_679' title='bbox 1690 5179 1814 5272; x_wconf 84' lang='lat' dir='ltr'><strong>Sepho-</strong></span> 
     </span>
     <span class='ocr_line' id='line_1_53' title="bbox 178 5281 1816 5378; baseline 0.004 -29"><span class='ocrx_word' id='word_1_680' title='bbox 178 5303 251 5350; x_wconf 90' lang='lat' dir='ltr'><strong>ram</strong></span> <span class='ocrx_word' id='word_1_681' title='bbox 262 5304 401 5354; x_wconf 84' lang='lat' dir='ltr'><strong>uxorem</strong></span> <span class='ocrx_word' id='word_1_682' title='bbox 413 5281 521 5378; x_wconf 85' lang='lat' dir='ltr'><strong>Moysi</strong></span> <span class='ocrx_word' id='word_1_683' title='bbox 534 5303 634 5378; x_wconf 85' lang='lat' dir='ltr'><strong>quam</strong></span> <span class='ocrx_word' id='word_1_684' title='bbox 649 5283 836 5364; x_wconf 85' lang='lat' dir='ltr'><strong>remiserat,</strong></span> <span class='ocrx_word' id='word_1_685' title='bbox 856 5283 888 5353; x_wconf 88' lang='lat'><strong>3.</strong></span> <span class='ocrx_word' id='word_1_686' title='bbox 910 5292 943 5352; x_wconf 88' lang='lat' dir='ltr'><strong>et</strong></span> <span class='ocrx_word' id='word_1_687' title='bbox 961 5283 1043 5355; x_wconf 89' lang='lat' dir='ltr'><strong>dnos</strong></span> <span class='ocrx_word' id='word_1_688' title='bbox 1062 5281 1149 5352; x_wconf 86' lang='lat' dir='ltr'><strong>filios</strong></span> <span class='ocrx_word' id='word_1_689' title='bbox 1167 5282 1254 5375; x_wconf 89' lang='lat' dir='ltr'><strong>ejus,</strong></span> <span class='ocrx_word' id='word_1_690' title='bbox 1275 5307 1419 5375; x_wconf 89' lang='lat' dir='ltr'><strong>quorum</strong></span> <span class='ocrx_word' id='word_1_691' title='bbox 1436 5308 1525 5357; x_wconf 86' lang='lat' dir='ltr'><strong>unus</strong></span> <span class='ocrx_word' id='word_1_692' title='bbox 1543 5286 1721 5356; x_wconf 85' lang='lat' dir='ltr'><strong>vocabatur</strong></span> <span class='ocrx_word' id='word_1_693' title='bbox 1735 5287 1816 5356; x_wconf 90' lang='lat' dir='ltr'><strong>Ger·</strong></span> 
     </span>
    </p>
   </div>
   <div class='ocr_carea' id='block_1_17' title="bbox 0 0 2077 6036">
    <p class='ocr_par' dir='ltr' id='par_1_35' title="bbox 0 0 2077 6036">
     <span class='ocr_line' id='line_1_54' title="bbox 0 0 2077 6036; baseline 0 0"><span class='ocrx_word' id='word_1_694' title='bbox 0 0 2077 6036; x_wconf 95' lang='lat' dir='ltr'><strong> </strong></span> 
     </span>
    </p>
   </div>
  </div>
 </body>
</html>
