4088 6032
282 195 319 254 ra
806 200 1046 259 conannmmr
1065 203 1096 258 m
1116 153 1274 274 canaam,
1293 217 1355 260 cn.
1374 160 1400 260 1.
1425 161 1436 180 ”

282 304 391 360 terrm
411 304 439 361 et
452 301 608 378 abyssum,
628 303 683 364 sed
703 304 829 365 durante
852 307 950 366 adhuc
971 307 1077 366 ecdem
1121 307 1217 365 solam
1238 306 1314 364 lucis
1328 306 1500 382 qualitatem
1517 305 1566 363 hic
1585 305 1650 362 sine
1670 304 1803 378 subjecto
1823 305 1912 365 fuisse

282 385 349 461 ipso
367 386 425 460 die,
440 387 493 462 qui
505 387 622 462 primus
637 391 700 446 erat
712 389 831 448 mundi.
1121 395 1248 449 creatam
1265 409 1273 447 :
1288 407 1349 464 qua
1363 390 1399 447 de
1413 405 1503 448 causa
1515 387 1713 445 Nazianzenus
1726 389 1824 447 lucem
1837 391 1913 449 hanc

319 473 388 530 Fur
402 475 600 542 nux-Nota,
613 473 645 530 in
656 475 759 532 Genesi
773 477 802 532 et
814 475 960 534 creatione
971 473 1077 531 muudi
1121 473 1282 549 spiritalem
1296 474 1443 547 appellat,
1461 471 1546 545 quod
1559 475 1631 528 nota
1643 476 1746 530 contra
1761 473 1913 532 hereticos

283 561 351 616 aute
369 557 471 616 omniu
492 556 651 616 formatam
671 573 734 616 esse
758 557 871 631 lucem,
889 559 960 630 ryuia
972 557 1079 616 luxest
1121 562 1261 632 negantes
1279 558 1311 614 in
1325 557 1505 614 Eucharistia
1518 555 1679 612 accidentia
1699 555 1760 612 sine
1781 556 1913 629 subjecto

283 641 412 717 qualitas
430 641 635 713 nobilissima,
648 641 812 715 laetissima,
827 642 1077 713 commodissima,
1120 657 1208 716 posse
1232 642 1364 700 existere.
1396 643 1484 698 Tertio
1502 646 1530 698 et
1553 638 1679 713 optime,
1701 640 1795 712 Beda,
1820 643 1913 716 lingo,

206 722 209 728 ’
283 725 486 786 efficacissima
505 730 533 784 et
553 726 777 801 potentissima,
805 726 868 784 sine
897 742 958 801 qua
977 724 1078 783 omnia
1120 727 1267 798 Magister,
1282 727 1309 784 S.
1324 725 1467 796 Thomas,
1486 725 1514 783 S.
1532 725 1752 794 bonaventura,
1765 727 1911 799 hymnus,

284 814 382 871 creata
407 815 436 870 et
455 811 583 869 creanda
604 811 779 868 mansissent
801 808 969 868 invisibilia.
998 828 1013 863 r
1037 810 1077 865 De
1120 808 1290 880 abulensis,
1313 813 1342 865 et
1362 806 1440 866 luvet
1457 808 1484 865 S.
1507 806 1663 878 bionysius
1682 821 1791 880 supra,
1809 813 1914 882 putant

283 895 428 957 thesauris
442 896 515 966 suis,
528 895 626 970 inquit
640 895 756 966 Esdras,
771 893 824 951 lib.
837 895 882 964 lv,
900 908 965 965 cup.
979 907 1016 963 ιι,
1030 894 1076 964 lt),
1119 891 1217 951 lucem
1237 894 1314 950 hanc
1336 890 1427 949 fuisse
1452 905 1560 964 corpus
1583 888 1730 960 lucidum,
1754 889 1815 948 sive
1833 893 1915 964 coeli,

284 980 408 1057 protulit
426 979 530 1038 lumen
542 979 741 1050 luminosum,
756 993 817 1052 quc
832 978 987 1050 appareret
1000 989 1076 1048 opus
1121 981 1172 1034 aui
1184 977 1284 1050 potius
1293 975 1394 1050 abyssi
1408 974 1538 1032 lucidam
1551 975 1677 1047 partem,
1687 989 1753 1047 quae
1766 974 1797 1030 in
1810 974 1914 1034 circuli

286 1081 408 1124 suum.»
418 1063 524 1123 vides.
533 1061 706 1137 Dionysium
718 1063 859 1118 bellicio.
873 1062 953 1118 Nom.
964 1062 1041 1133 part.
1053 1058 1076 1130 l,
1120 1065 1171 1120 aut
1184 1062 1331 1118 columnae
1343 1059 1473 1135 speciem
1487 1057 1670 1117 conformate
1684 1056 1750 1115 orbi
1763 1059 1914 1132 praefulsc·

285 1165 352 1226 cup.
372 1165 417 1222 rr,
433 1145 495 1206 ubi
511 1145 629 1220 triginta
644 1148 773 1220 quatuor
790 1143 982 1218 proprietates
1001 1141 1077 1199 lucis
1120 1143 1167 1216 rit,
1182 1161 1309 1219 qumque
1317 1143 1405 1202 fuerit
1414 1144 1506 1200 instar
1518 1141 1646 1198 materia
1661 1157 1698 1198 ex
1709 1155 1770 1215 qua
1780 1147 1913 1216 postmo-

285 1239 316 1296 et
332 1233 410 1308 ignia
423 1235 567 1302 recenset,
581 1231 640 1288 heo
655 1233 682 1286 et
696 1226 802 1288 divinis
816 1226 905 1285 rebus
918 1225 992 1284 mire
1007 1241 1077 1284 cou-
1120 1227 1194 1286 dum
1208 1229 1241 1286 in
1254 1231 1351 1301 partes
1363 1227 1500 1285 distincta
1513 1241 1548 1283 ac
1562 1224 1671 1295 divisa,
1686 1225 1811 1284 adaucta
1824 1232 1853 1286 et
1865 1245 1915 1288 ve-

286 1322 432 1396 gruentes.
454 1319 548 1390 Atque
568 1314 644 1372 inter
666 1316 770 1370 catera
793 1311 878 1369 docet
898 1310 995 1367 lucem
1013 1322 1077 1368 esse
1119 1309 1164 1368 lut
1175 1312 1207 1369 in
1220 1312 1323 1383 igneos
1337 1311 1446 1384 globos
1459 1309 1612 1379 fabricata,
1627 1307 1683 1379 sol,
1694 1308 1767 1366 luna
1780 1315 1809 1368 et
1822 1312 1913 1372 stella

285 1405 385 1466 vivam
397 1400 447 1458 nei
459 1397 630 1471 imaginem,
644 1396 772 1470 ideoque
785 1396 884 1470 primo
898 1396 986 1453 allec
998 1408 1077 1451 crea·
1118 1393 1201 1452 iacta
1218 1394 1336 1452 fuerint.
1355 1395 1436 1452 Unde
1461 1396 1488 1452 S.
1509 1393 1636 1450 Thomas
1657 1391 1698 1450 ait
1716 1391 1794 1451 hanc
1814 1394 1913 1456 lucem

286 1493 365 1561 tam,
378 1489 410 1544 ut
424 1484 456 1542 in
468 1499 503 1542 ee
521 1482 608 1557 quasi
622 1480 653 1538 in
670 1480 800 1556 imagine
812 1495 843 1538 se
864 1477 1034 1553 depingeret
1048 1477 1077 1534 et
1118 1478 1208 1538 iuisse
1221 1480 1321 1553 ipsum
1333 1479 1428 1536 solem
1441 1477 1540 1535 adhue
1550 1476 1708 1534 informem
1718 1481 1746 1534 et
1758 1477 1912 1554 imperfec-

286 1571 400 1635 mundo
422 1565 613 1643 spectabilem
626 1563 798 1635 exhiberet,
814 1563 899 1635 juxta
911 1561 987 1618 illud
1007 1562 1077 1618 Dra·
1118 1567 1194 1625 tum.
1209 1566 1289 1623 ldem
1301 1565 1402 1624 asserit
1416 1563 1548 1621 Pererius
1562 1561 1663 1620 etalii.
1834 1623 1836 1628 ,

286 1654 376 1718 condi
392 1653 551 1711 iulleaom.
569 1666 585 1704 e
603 1647 781 1722 Principium
797 1646 880 1704 factis
904 1644 1003 1703 lucem
1025 1643 1077 1702 dat
1154 1649 1209 1706 Ubi
1222 1653 1293 1708 nota
1305 1652 1405 1720 primo,
1416 1647 1514 1704 lucem
1525 1648 1601 1703 hanc
1611 1646 1731 1720 proprie
1740 1663 1802 1708 non
1814 1650 1908 1714 fuisse

284 1740 359 1801 lucie
378 1737 479 1810 origo,
497 1754 512 1790 r
528 1735 601 1810 puta
616 1735 701 1789 heus.
720 1733 789 1788 «Ex
803 1731 869 1805 ipso
883 1730 963 1787 enim
975 1727 1075 1801 bono,
1118 1737 1264 1804 creatam,
1287 1733 1359 1807 quia
1383 1734 1458 1789 heus
1476 1731 1577 1804 primo
1598 1728 1645 1787 die
1664 1732 1771 1790 creavit
1790 1751 1912 1797 omnem

284 1824 379 1901 inquit
391 1824 419 1882 S.
434 1821 607 1894 Dionysius,
621 1819 724 1876 lumen
737 1820 792 1889 est,
806 1822 835 1874 et
846 1815 986 1874 bonilatis
1000 1814 1076 1872 ima·
1117 1819 1272 1877 materiam
1297 1817 1444 1892 primam,
1469 1831 1597 1890 eamque
1625 1815 1784 1875 substravit
1806 1820 1911 1882 formae

284 1926 333 1984 go.
345 1911 444 1983 ltaque
454 1903 657 1963 lucisnomine
666 1901 765 1976 ipsum
774 1901 890 1958 bonurn
900 1897 1075 1970 celebratur,
1118 1920 1266 1979 aquarum
1289 1902 1407 1977 abyssi,
1427 1904 1455 1958 ct
1477 1916 1514 1958 ex
1527 1917 1563 1958 ea
1583 1900 1691 1958 deinde
1711 1902 1909 1982 baneiacam,

284 1992 370 2071 quasi
383 1992 415 2050 in
428 1987 555 2063 imagine
575 1986 726 2061 exemplar
740 2000 922 2058 expressum.
944 1984 978 2040 Ut
996 1982 1076 2040 enim
1118 1989 1251 2063 aliasque
1263 1986 1385 2057 formas,
1400 1991 1460 2043 tam
1474 1984 1651 2055 essentiales,
1668 2001 1760 2058 ᾳιιιιιι
1773 1989 1909 2048 acciden-
1923 1991 1971 2064 ola
1981 1994 2018 2038 he

286 2075 442 2138 divinitatis
460 2070 560 2132 omnia
570 2068 737 2144 superantis
751 2069 879 2138 bonitas,
892 2070 959 2138 etc,
975 2065 1077 2124 omnio
1117 2073 1189 2131 tales
1200 2072 1312 2142 eduxit,
1326 2069 1411 2128 sicuti
1425 2070 1517 2126 modo
1529 2085 1632 2127 omnes
1642 2067 1746 2126 forma
1760 2074 1909 2134 naturales
1922 2056 1955 2158 mh
1972 2069 2018 2128 3¹⁸⁸*

285 2161 389 2232 efficit,
403 2157 546 2226 vivificat,
560 2155 699 2222 continet,
715 2153 840 2228 perficit,
855 2156 958 2226 estque
972 2167 1076 2210 eorum
1117 2157 1283 2216 educuntur
1292 2172 1307 2214 e
1316 2153 1448 2229 potentia
1462 2153 1600 2211 materia.
1614 2154 1690 2210 heus
1703 2170 1773 2226 ergo
1787 2159 1909 2231 proprie
1929 2129 2012 2234 affl,

285 2261 353 2324 qiam
374 2247 458 2314 suut,
476 2254 625 2310 mensura,
646 2237 801 2308 aeternitas,
816 2251 972 2308 numerus,
990 2235 1075 2306 ordo,
1117 2239 1278 2316 primodie
1294 2241 1410 2297 tantum
1424 2236 1533 2295 creavit
1551 2237 1652 2294 omnia
1670 2240 1815 2313 creanda3
1840 2244 1910 2300 reli·
1935 2238 2011 2286 liiii*

285 2328 475 2404 complexus,
489 2338 578 2383 causa
593 2325 621 2380 et
633 2321 702 2379 finis
717 2339 726 2380 ι
751 2321 794 2379 sic
813 2322 902 2380 ctiam
921 2321 974 2396 qui
998 2319 1077 2379 clara
1118 2323 1186 2399 quis
1199 2339 1270 2381 vero
1285 2322 1417 2397 quinque
1429 2321 1534 2379 diebus
1545 2337 1607 2378 non
1619 2321 1737 2394 creavit,
1749 2324 1803 2382 sed
1813 2331 1911 2386 creata

285 2423 480 2488 expressaque
491 2406 600 2466 divinae
611 2405 751 2465 bonitatis
766 2405 865 2477 imago
879 2409 934 2476 est,
949 2421 1076 2477 magnus
1117 2408 1293 2467 formavitet
1302 2406 1466 2465 exornavit.
1480 2407 1581 2479 ltaque
1594 2404 1710 2465 videtur
1723 2410 1799 2465 Deus
1809 2409 1909 2470 lucem

284 2497 332 2558 hic
345 2495 391 2554 sol
399 2536 411 2566 ,
424 2496 504 2552 totus
523 2492 626 2550 lucens
639 2490 799 2562 omnibus,
812 2490 962 2564 habetque
975 2487 1077 2546 lumen
1117 2492 1328 2567 producturus,
1343 2506 1379 2548 ex
1393 2489 1478 2564 aquis
1492 2489 1593 2563 abyssi
1612 2491 1806 2550 condensasse
1818 2493 1913 2554 instar

284 2598 338 2659 per
352 2578 454 2640 omnia
474 2576 629 2650 diffusum,
641 2576 674 2634 in
687 2591 807 2636 omnem
830 2575 910 2632 hunc
929 2574 1077 2632 mundum
1118 2576 1248 2652 crystalli
1262 2577 1370 2648 colpus
1381 2573 1506 2649 aliquod
1518 2573 1701 2648 orbiculare,
1715 2576 1801 2652 eique
1814 2578 1912 2638 lucem

283 2665 437 2724 radiorum
459 2679 583 2722 suorum
600 2660 791 2736 splendorem
813 2659 976 2734 explicans,
990 2678 1005 2714 ιι
1021 2662 1075 2716 etc.
1118 2661 1195 2718 hanc
1208 2659 1359 2717 indidisse.

285 2753 359 2810 Deus
373 2753 417 2809 est
428 2747 508 2809 enim
521 2747 666 2819 increata,
687 2749 797 2806 aeterrm
811 2751 838 2803 et
850 2746 996 2802 immensa
1008 2743 1076 2816 lux,
1154 2747 1227 2802 Nota
1235 2743 1360 2810 secundo,
1367 2743 1425 2800 hoc
1433 2741 1569 2800 lucidum
1577 2759 1686 2818 corpus
1694 2744 1793 2818 primo
1802 2749 1911 2807 muudi

284 2849 352 2911 quae
368 2849 438 2893 cum
455 2833 553 2892 lucem
571 2828 684 2888 habitet
702 2827 956 2900 inaccessibilem,
977 2828 1079 2886 omnia
1119 2827 1230 2898 triduo,
1239 2825 1346 2884 scilicet
1354 2829 1514 2899 uunquam
1525 2830 1633 2900 quarto
1641 2827 1689 2884 die
1696 2835 1842 2888 crearetur
1850 2833 1908 2905 sol,
1930 2839 2018 2898 respa

285 2925 383 2977 umen
397 2917 556 2976 illuminat.
1119 2913 1158 2974 ab
1171 2911 1278 2986 angelo
1293 2915 1408 2969 motum
1426 2909 1515 2968 fuisse
1533 2911 1698 2972 exoriente
1716 2912 1748 2971 in
1770 2901 1974 2976 occidua-⁶¹⁰⁸·

319 3001 476 3061 Pulchram
497 2999 722 3060 similitudinem
744 2999 795 3057 dat
820 2999 848 3056 S.
870 2996 1004 3070 Basilius,
1023 2997 1078 3054 ho-
1118 3003 1196 3070 tem,
1219 3001 1308 3071 atque
1326 2995 1433 3054 eodem
1449 2995 1542 3053 modo
1560 2999 1589 3054 et
1607 2999 1740 3072 tempore
1769 3015 1833 3074 quo
1853 3003 1912 3076 sol,

284 3085 346 3146 mil.
361 3089 529 3144 allecem:
545 3084 667 3154 «Sicut,
685 3082 741 3155 ait,
770 3082 823 3156 qui
843 3081 876 3140 in
893 3080 1077 3155 profundam
1119 3083 1228 3140 scilicet
1239 3079 1344 3152 viginti
1356 3085 1486 3154 quatuor
1498 3079 1596 3151 horis,
1611 3085 1770 3156 utrumque
1781 3084 1846 3142 coeli
1859 3085 1913 3145 ho-

283 3186 369 3246 aquoe
385 3170 556 3241 voraginem
569 3169 671 3227 oleum
689 3167 866 3235 immittunt,
880 3165 907 3222 ei
920 3165 987 3224 loco
1008 3180 1078 3223 con·
1119 3167 1322 3242 misphaerium
1338 3163 1585 3239 circumgyrassa,
1604 3169 1632 3223 et
1649 3164 1832 3226 illuminasse
1846 3171 1915 3228 uni·

284 3254 383 3312 ciliant
409 3257 439 3312 et
461 3253 623 3311 immittunt
645 3250 904 3326 perspicuitatem,
921 3247 1025 3307 itidem
1050 3251 1080 3306 et
1118 3251 1252 3311 formiter
1273 3253 1302 3308 et
1321 3247 1514 3320 difformiter,
1536 3247 1580 3306 uti
1596 3249 1660 3321 jam
1680 3248 1749 3308 fucit
1771 3252 1827 3310 sol.
1848 3255 1914 3312 hux

284 3338 414 3397 universi
440 3340 566 3409 creator,
592 3334 672 3393 edito
692 3351 764 3393 mox
786 3333 880 3392 verbo
899 3332 974 3390 lucis
997 3348 1078 3390 ama·
1119 3335 1199 3395 enim
1218 3335 1282 3392 haec
1302 3333 1415 3406 primos
1428 3337 1486 3390 tres
1500 3332 1606 3391 muudi
1620 3332 1684 3390 dies
1696 3349 1752 3392 suo
1764 3339 1848 3395 motu
1862 3338 1915 3397 de-

285 3421 377 3482 bilem
394 3426 423 3480 et
436 3434 638 3495 peramoenum
658 3421 843 3477 venustatem
861 3416 977 3474 mundo
997 3415 1078 3474 iuve-
1118 3419 1234 3495 scripsit
1243 3422 1272 3476 et
1280 3417 1430 3488 distinxit,
1445 3417 1530 3475 sicuti
1543 3421 1663 3475 ceteros
1677 3417 1785 3476 deinde
1798 3420 1844 3479 sol
1855 3438 1913 3480 suo

285 3505 338 3564 xit.
352 3523 368 3559 r
382 3505 477 3562 Aliam
490 3504 541 3562 dat
553 3505 582 3560 S.
596 3501 780 3573 Ambrosius,
791 3500 866 3558 lib.l
881 3502 995 3557 liccam.
1010 3514 1076 3574 cap.
1119 3509 1204 3563 motu
1218 3501 1381 3575 descripsit,
1395 3506 1423 3558 et
1433 3503 1465 3558 in
1479 3501 1541 3559 dies
1555 3499 1694 3560 describit
1706 3504 1735 3559 et
1747 3502 1913 3578 distinguit.

286 3603 316 3648 rx
333 3605 341 3644 ι
367 3585 474 3644 allude
485 3628 495 3657 ,
507 3585 623 3660 inquit,
637 3586 743 3644 mundi
763 3585 886 3642 ornatus
903 3582 959 3641 nisi
977 3599 996 3640 a
1012 3583 1078 3641 luce
1154 3586 1357 3661 tropologice,
1368 3586 1526 3660 Apostolus
1537 3587 1560 3644 ll
1571 3585 1781 3659 Corinthiae:
1797 3591 1911 3660 «Deus,

286 3670 443 3730 exordium
456 3673 601 3727 sumeret:
615 3669 724 3728 frustra
737 3669 818 3726 enim
830 3669 916 3738 esset,
926 3666 951 3725 si
964 3682 1027 3725 uon
1036 3666 1080 3724 vi·
1120 3671 1226 3747 inquit,
1241 3671 1294 3745 qui
1305 3671 1379 3730 dixit
1392 3671 1429 3728 de
1440 3670 1569 3728 tenebris
1581 3671 1684 3730 lumen
1698 3672 1913 3747 splendescere,

287 3757 414 3826 deretur,
428 3757 484 3812 etc.
500 3753 556 3824 Qui
569 3753 729 3812 aedificium
747 3751 873 3828 aliquod
885 3751 1011 3824 dignum
1024 3751 1079 3808 ba-
1120 3759 1184 3833 ipse
1203 3755 1300 3814 illuxit
1320 3757 1351 3812 in
1364 3755 1507 3815 cordibus
1520 3756 1647 3829 nostris,
1662 3777 1677 3814 r
1692 3775 1721 3831 q.
1737 3759 1765 3818 d.
1779 3760 1824 3816 Uti
1837 3762 1914 3818 fieus

286 3841 416 3899 bitaculo
436 3837 528 3913 patris
548 3836 674 3896 familias
691 3840 802 3895 struere
819 3835 980 3906 desiderat,
997 3837 1080 3892 aute-
1120 3841 1194 3900 olim
1210 3840 1242 3897 in
1255 3839 1357 3899 Genesi
1377 3839 1519 3915 produxit
1533 3841 1570 3898 de
1589 3839 1717 3899 tenebris
1736 3842 1852 3916 lucem,
1873 3843 1916 3902 ita

287 3941 379 4002 quam
390 3923 585 3982 fundamenta
605 3924 714 3996 ponat,
735 3919 815 3978 unde
829 3918 926 3979 lucem
939 3921 967 3976 ei
982 3917 1082 3976 infun·
1119 3942 1200 3984 uunc
1213 3941 1250 3983 ex
1263 3923 1433 3982 infidelibus
1444 3940 1499 3981 nos
1511 3923 1613 3982 fideles
1621 3924 1699 3996 fecit,
1708 3925 1838 4002 fideique
1846 3929 1914 3987 luoe

288 4011 354 4081 dat,
377 4006 530 4082 explorflii
549 4009 579 4063 θῑ
596 4021 632 4063 ea
649 4003 746 4078 prima
765 4005 810 4062 θὸῐ
830 4002 941 4076 grafia,
964 4018 1034 4076 (111ae
1054 4002 1080 4060 Si
1121 4008 1311 4070 collustravit.
1321 4009 1366 4067 Sic
1375 4012 1404 4067 et
1413 4010 1440 4066 S.
1449 4009 1640 4083 augustinus,
1654 4009 1709 4069 lib.
1723 4011 1735 4068 l
1750 4011 1851 4069 contra
1863 4013 1917 4070 cd·

288 4091 378 4163 desit,
396 4093 459 4148 tota
480 4090 589 4148 domne
614 4087 740 4146 deformi
756 4088 857 4146 horret
876 4085 1000 4146 incultu.
1018 4087 1081 4145 Lux
1121 4112 1190 4155 vers,
1208 4097 1291 4168 lepis,
1307 4094 1579 4168 cap.rnr,perhoc
1596 4095 1681 4170 quod
1693 4094 1836 4168 tenebris,
1851 4096 1914 4156 sive

287 4181 331 4238 ⁰³2
344 4192 411 4252 (1¹¹ae
433 4173 566 4249 reliqum
584 4173 693 4232 domus
712 4171 902 4231 commendat
916 4174 1077 4230 Orssfliuw
1122 4180 1212 4252 nocti,
1228 4196 1296 4254 quae
1308 4179 1375 4237 luce
1386 4177 1442 4235 fuit
1455 4179 1546 4253 prior,
1562 4179 1616 4238 lux
1628 4183 1657 4239 et
1674 4180 1736 4239 dies
1755 4183 1914 4256 suecessit;

288 4262 418 4337 lienique
440 4257 571 4318 Perellius
590 4260 686 4316 censet
701 4257 943 4334 primoomnium
966 4255 1078 4328 lucem,
1123 4267 1151 4323 et
1163 4263 1231 4322 huic
1244 4266 1448 4321 successerunt
1461 4279 1580 4320 rursum
1590 4261 1730 4336 tenebrae,
1739 4264 1825 4324 docet
1838 4267 1916 4341 quid

288 4347 360 4423 (luia
372 4346 444 4416 ¹¹¹¹,
466 4341 576 4417 iniust,
596 4342 731 4414 genitali
744 4339 966 4417 principaleque
981 4343 1024 4397 θδῐ
1037 4339 1080 4397 in-
1122 4347 1154 4407 in
1173 4348 1295 4406 bomine
1308 4347 1360 4404 fiat
1381 4345 1565 4420 spirituliter,
1587 4347 1697 4405 scilicet
1713 4351 1834 4422 peccato
1849 4367 1916 4422 gra·

289 4432 485 4491 strumentum
495 4441 652 4485 causarum
663 4425 835 4494 coelestium,
851 4441 913 4499 quo
925 4423 971 4481 vis
983 4422 1080 4482 omnis
1122 4431 1204 4504 tiam,
1214 4435 1243 4489 et
1253 4430 1353 4504 gratia
1365 4434 1530 4505 peccatum,
1538 4448 1607 4490 cum
1616 4431 1732 4491 inillud
1740 4431 1916 4507 relabimur,

290 4514 439 4585 siderum,
459 4511 615 4586 omnisque
629 4509 773 4579 ‚defluxus
786 4510 814 4568 et
828 4509 948 4568 effectus
968 4507 1008 4567 ed
1025 4524 1081 4566 uos
1123 4516 1288 4574 succedere.
1300 4513 1372 4572 vide
1386 4517 1413 4572 s.
1425 4515 1598 4590 hionysium
1611 4531 1712 4591 supra.
1724 4518 1851 4576 Rursum
1861 4519 1917 4576 lux

292 4597 432 4667 defertur,
448 4608 486 4654 ex
498 4607 561 4670 quo
582 4609 644 4652 uno
654 4592 732 4652 iitin
742 4594 801 4653 hoc
812 4596 941 4653 nostrate
954 4592 1079 4665 mundo,
1122 4601 1222 4677 primo
1235 4598 1371 4659 omnium
1380 4603 1476 4656 creata
1485 4598 1746 4672 significatroctam
1756 4601 1919 4660 mentisin-

292 4679 442 4759 quidquid
454 4695 474 4739 a
485 4679 560 4738 coelo
572 4678 617 4737 fit.
853 4698 857 4706 ·
1123 4684 1303 4756 tentionem,
1323 4683 1512 4758 quaomnia
1531 4687 1632 4744 nestra
1651 4697 1743 4758 opera
1762 4684 1867 4760 praeire
1888 4690 1920 4745 et

172 4779 280 4836 merue-
329 4773 461 4840 Quares,
476 4782 615 4843 quanam
630 4765 718 4827 fuerit
734 4768 799 4826 haec
818 4767 894 4827 luxi
915 4767 1083 4843 Respondet
1125 4767 1250 4845 dirigere
1264 4768 1362 4840 debet,
1377 4767 1417 4826 ait
1428 4772 1511 4843 llugo
1524 4767 1698 4828 victorinus.

173 4845 210 4948 ᾗ
235 4838 281 4946 ἓξ
291 4857 380 4928 primo
390 4851 561 4910 Cathariuus
574 4850 663 4910 fuisse
676 4853 771 4913 solem
780 4851 1013 4924 lucidissimum
1028 4867 1083 4911 nec
1160 4853 1282 4928 Insuper
1291 4854 1394 4912 luxest
1405 4852 1719 4928 scientiaetsapientie.
1729 4853 1810 4913 llnde
1820 4856 1849 4913 S.
1860 4858 1921 4914 llu-

173 4918 267 5022 ,ssdyffi
293 4937 371 4996 euim
383 4933 437 4995 lux
448 4937 512 4995 hac
524 4936 599 5009 sola,
613 4939 665 4996 sed
679 4937 711 4996 iu
724 4936 867 5012 subjecto,
881 4942 910 4996 ct
929 4951 999 4994 cum
1012 4935 1083 4994 sub·
1126 4938 1274 5014 gostinus,
1283 4937 1356 4998 lih.l
1369 4941 1409 4997 De
1423 4939 1517 4998 derasi
1527 4939 1565 4998 ad
1575 4941 1633 4998 litt.
1647 4953 1714 5014 cap.
1725 4955 1802 4997 xru:
1818 4939 1921 5000 Primo

289 5021 368 5096 iectu
385 5025 481 5081 creata
502 5026 556 5080 est.
569 5022 678 5080 Verum
697 5023 743 5082 sol
757 5037 818 5082 non
836 5023 936 5096 primo
955 5021 1014 5093 die,
1039 5021 1083 5080 uti
1125 5026 1222 5083 creata
1241 5027 1285 5082 est
1297 5023 1364 5096 lux,
1383 5023 1487 5096 idest,
1501 5023 1617 5098 inquit,
1639 5041 1655 5079 ι
1676 5022 1759 5098 prior
1781 5023 1922 5084 omnium

292 5105 366 5177 lux,
379 5105 433 5165 sed
451 5107 557 5180 quarto
580 5105 701 5165 demum
715 5107 764 5167 die
782 5110 825 5166 cst
841 5106 1014 5182 productus.
1037 5105 1083 5164 Se·
1125 5113 1223 5170 creata
1239 5114 1284 5170 eat
1300 5110 1458 5184 sapientie,
1472 5129 1486 5165 r
1502 5111 1587 5168 Ecclr'.
1601 5124 1624 5183 1,
1636 5111 1665 5168 l.
1679 5109 1787 5168 Adhoee
1799 5109 1853 5169 lux
1874 5113 1923 5170 est

294 5189 391 5258 mado,
404 5192 433 5250 S.
447 5191 584 5262 Basilius,
598 5190 703 5250 homil.
716 5193 871 5262 dilemma
884 5188 1082 5250 theodoretus
1124 5192 1801 5270 prudentiaetconsideratio,quaeomnesactus
1812 5196 1923 5270 preire

294 5277 325 5334 et
335 5274 541 5346 Nazianzenus,
554 5278 628 5336 orat.
640 5280 670 5336 io
681 5293 778 5337 mom
789 5279 1083 5353 dominicamputant
1127 5281 1156 5338 et
1169 5277 1315 5340 illustrare
1332 5275 1434 5350 debet,
1445 5277 1529 5351 iuxta
1542 5279 1620 5339 illud
1630 5281 1705 5338 Prot.
1722 5293 1763 5350 rr,
1781 5295 1857 5338 rere.
1874 5281 1892 5337 7
1910 5298 1921 5336 e
