<?xml version="1.0" encoding="UTF-8"?>
<!DOCTYPE html PUBLIC "-//W3C//DTD XHTML 1.0 Transitional//EN"
    "http://www.w3.org/TR/xhtml1/DTD/xhtml1-transitional.dtd">
<html xmlns="http://www.w3.org/1999/xhtml" xml:lang="en" lang="en">
 <head>
  <title>
</title>
<meta http-equiv="Content-Type" content="text/html;charset=utf-8" />
  <meta name='ocr-system' content='tesseract 3.04.00' />
  <meta name='ocr-capabilities' content='ocr_page ocr_carea ocr_par ocr_line ocrx_word'/>
</head>
<body>
  <div class='ocr_page' id='page_1' title='image "./commentariainsc00lapigoog/commentariainsc00lapigoog_0914.png"; bbox 0 0 4018 5976; ppageno 0'>
   <div class='ocr_carea' id='block_1_1' title="bbox 607 202 1758 310">
    <p class='ocr_par' dir='ltr' id='par_1_1' title="bbox 607 202 1758 310">
     <span class='ocr_line' id='line_1_1' title="bbox 607 202 1758 310; baseline -0.003 -10"><span class='ocrx_word' id='word_1_1' title='bbox 607 202 1285 310; x_wconf 63' lang='lat' dir='ltr'>semiarrianorum.arun.</span> <span class='ocrx_word' id='word_1_2' title='bbox 1708 229 1758 296; x_wconf 84' lang='lat' dir='ltr'>au</span> 
     </span>
    </p>
   </div>
   <div class='ocr_carea' id='block_1_2' title="bbox 130 337 1761 536">
    <p class='ocr_par' dir='ltr' id='par_1_2' title="bbox 130 337 1761 536">
     <span class='ocr_line' id='line_1_2' title="bbox 130 337 1761 420; baseline 0.001 -21"><span class='ocrx_word' id='word_1_3' title='bbox 130 337 511 420; x_wconf 55' lang='lat' dir='ltr'>nanentensutuusrz</span> <span class='ocrx_word' id='word_1_4' title='bbox 720 368 723 375; x_wconf 95' lang='lat'>·</span> <span class='ocrx_word' id='word_1_5' title='bbox 1003 349 1048 404; x_wconf 75' lang='lat'>32.</span> <span class='ocrx_word' id='word_1_6' title='bbox 1063 345 1761 404; x_wconf 73' lang='lat' dir='ltr'>usurusunuaosurauruueurmou.-«Ca-</span> 
     </span>
     <span class='ocr_line' id='line_1_3' title="bbox 408 423 1760 536; baseline -0.005 -45"><span class='ocrx_word' id='word_1_7' title='bbox 408 459 516 534; x_wconf 38' lang='lat' dir='ltr'><strong>meis·</strong></span> <span class='ocrx_word' id='word_1_8' title='bbox 527 485 551 536; x_wconf 46' lang='lat' dir='ltr'><strong>a</strong></span> <span class='ocrx_word' id='word_1_9' title='bbox 561 481 629 535; x_wconf 51' lang='lat' dir='ltr'>effi„</span> <span class='ocrx_word' id='word_1_10' title='bbox 640 495 683 536; x_wconf 57' lang='lat' dir='ltr'><strong><em>m</em></strong></span> <span class='ocrx_word' id='word_1_11' title='bbox 966 429 1089 502; x_wconf 91' lang='lat' dir='ltr'>pilium,</span> <span class='ocrx_word' id='word_1_12' title='bbox 1100 447 1116 484; x_wconf 78' lang='lat' dir='ltr'>a</span> <span class='ocrx_word' id='word_1_13' title='bbox 1129 429 1161 485; x_wconf 91' lang='lat' dir='ltr'>id</span> <span class='ocrx_word' id='word_1_14' title='bbox 1175 431 1218 486; x_wconf 91' lang='lat' dir='ltr'>est</span> <span class='ocrx_word' id='word_1_15' title='bbox 1232 429 1384 501; x_wconf 90' lang='lat' dir='ltr'>apertura;</span> <span class='ocrx_word' id='word_1_16' title='bbox 1399 423 1535 484; x_wconf 89' lang='lat' dir='ltr'>hebraica</span> <span class='ocrx_word' id='word_1_17' title='bbox 1552 427 1596 483; x_wconf 88' lang='lat' dir='ltr'>est</span> <span class='ocrx_word' id='word_1_18' title='bbox 1607 443 1636 484; x_wconf 84' lang='lat' dir='ltr'>aa</span> <span class='ocrx_word' id='word_1_19' title='bbox 1649 429 1760 502; x_wconf 80' lang='lat' dir='ltr'>capitis,</span> 
     </span>
    </p>
   </div>
   <div class='ocr_carea' id='block_1_3' title="bbox 192 508 1761 620">
    <p class='ocr_par' dir='ltr' id='par_1_3' title="bbox 192 508 1761 620">
     <span class='ocr_line' id='line_1_4' title="bbox 192 508 1761 620; baseline 0 -54"><span class='ocrx_word' id='word_1_20' title='bbox 192 550 347 614; x_wconf 56' lang='lat' dir='ltr'>cmm</span> <span class='ocrx_word' id='word_1_21' title='bbox 358 551 466 606; x_wconf 43' lang='lat' dir='ltr'>&#39;mmm</span> <span class='ocrx_word' id='word_1_22' title='bbox 478 553 581 618; x_wconf 49' lang='lat' dir='ltr'>mmm</span> <span class='ocrx_word' id='word_1_23' title='bbox 595 553 732 618; x_wconf 49' lang='lat' dir='ltr'>dom.</span> <span class='ocrx_word' id='word_1_24' title='bbox 745 553 833 620; x_wconf 56' lang='lat' dir='ltr'>mm</span> <span class='ocrx_word' id='word_1_25' title='bbox 966 511 999 568; x_wconf 93' lang='lat' dir='ltr'>id</span> <span class='ocrx_word' id='word_1_26' title='bbox 1010 514 1064 581; x_wconf 87' lang='lat' dir='ltr'>est,</span> <span class='ocrx_word' id='word_1_27' title='bbox 1073 510 1207 570; x_wconf 80' lang='lat' dir='ltr'>toramen</span> <span class='ocrx_word' id='word_1_28' title='bbox 1221 510 1252 568; x_wconf 92' lang='lat' dir='ltr'>in</span> <span class='ocrx_word' id='word_1_29' title='bbox 1265 523 1394 579; x_wconf 88' lang='lat' dir='ltr'>summo,</span> <span class='ocrx_word' id='word_1_30' title='bbox 1409 524 1463 586; x_wconf 89' lang='lat' dir='ltr'>per</span> <span class='ocrx_word' id='word_1_31' title='bbox 1473 508 1558 582; x_wconf 93' lang='lat' dir='ltr'>quod</span> <span class='ocrx_word' id='word_1_32' title='bbox 1570 513 1658 584; x_wconf 88' lang='lat' dir='ltr'>caput</span> <span class='ocrx_word' id='word_1_33' title='bbox 1670 514 1761 568; x_wconf 89' lang='lat' dir='ltr'>trans·</span> 
     </span>
    </p>
   </div>
   <div class='ocr_carea' id='block_1_4' title="bbox 193 583 1760 678">
    <p class='ocr_par' dir='ltr' id='par_1_4' title="bbox 193 583 1760 678">
     <span class='ocr_line' id='line_1_5' title="bbox 193 583 1760 678; baseline -0.008 -15"><span class='ocrx_word' id='word_1_34' title='bbox 193 615 251 674; x_wconf 66' lang='lat' dir='ltr'>&#39;cum</span> <span class='ocrx_word' id='word_1_35' title='bbox 263 621 363 676; x_wconf 58' lang='lat' dir='ltr'>,uuam</span> <span class='ocrx_word' id='word_1_36' title='bbox 374 623 463 676; x_wconf 54' lang='lat' dir='ltr'>animo,</span> <span class='ocrx_word' id='word_1_37' title='bbox 475 623 611 678; x_wconf 42' lang='lat' dir='ltr'>,umam</span> <span class='ocrx_word' id='word_1_38' title='bbox 966 593 1108 652; x_wconf 87' lang='lat' dir='ltr'>mittatur.</span> <span class='ocrx_word' id='word_1_39' title='bbox 1126 613 1141 647; x_wconf 76' lang='lat' dir='ltr'>u</span> <span class='ocrx_word' id='word_1_40' title='bbox 1155 583 1236 664; x_wconf 71' lang='lat' dir='ltr'>aaa,</span> <span class='ocrx_word' id='word_1_41' title='bbox 1249 593 1289 651; x_wconf 89' lang='lat' dir='ltr'>ait</span> <span class='ocrx_word' id='word_1_42' title='bbox 1306 594 1334 650; x_wconf 89' lang='lat' dir='ltr'>S.</span> <span class='ocrx_word' id='word_1_43' title='bbox 1350 591 1564 665; x_wconf 77' lang='lat' dir='ltr'>Hieronymus,</span> <span class='ocrx_word' id='word_1_44' title='bbox 1577 591 1640 650; x_wconf 83' lang='lat' dir='ltr'>haec</span> <span class='ocrx_word' id='word_1_45' title='bbox 1661 593 1760 651; x_wconf 91' lang='lat' dir='ltr'>tunica</span> 
     </span>
    </p>
   </div>
   <div class='ocr_carea' id='block_1_5' title="bbox 130 673 1760 922">
    <p class='ocr_par' dir='ltr' id='par_1_5' title="bbox 130 673 1760 922">
     <span class='ocr_line' id='line_1_6' title="bbox 966 673 1759 750; baseline 0.005 -18"><span class='ocrx_word' id='word_1_46' title='bbox 966 675 999 732; x_wconf 91' lang='lat' dir='ltr'>in</span> <span class='ocrx_word' id='word_1_47' title='bbox 1018 675 1164 749; x_wconf 78' lang='lat' dir='ltr'>superiori</span> <span class='ocrx_word' id='word_1_48' title='bbox 1184 681 1268 750; x_wconf 88' lang='lat' dir='ltr'>parte</span> <span class='ocrx_word' id='word_1_49' title='bbox 1287 691 1348 748; x_wconf 90' lang='lat' dir='ltr'>qua</span> <span class='ocrx_word' id='word_1_50' title='bbox 1369 673 1447 732; x_wconf 92' lang='lat' dir='ltr'>collo</span> <span class='ocrx_word' id='word_1_51' title='bbox 1464 674 1628 747; x_wconf 82' lang='lat' dir='ltr'>inducitur,</span> <span class='ocrx_word' id='word_1_52' title='bbox 1642 682 1759 750; x_wconf 87' lang='lat' dir='ltr'>aperta,</span> 
     </span>
     <span class='ocr_line' id='line_1_7' title="bbox 130 756 1362 836; baseline -0.003 -20"><span class='ocrx_word' id='word_1_53' title='bbox 130 756 227 820; x_wconf 78' lang='lat' dir='ltr'>Altera</span> <span class='ocrx_word' id='word_1_54' title='bbox 245 773 282 815; x_wconf 86' lang='lat' dir='ltr'>ex</span> <span class='ocrx_word' id='word_1_55' title='bbox 294 763 394 836; x_wconf 81' lang='lat' dir='ltr'>parte,</span> <span class='ocrx_word' id='word_1_56' title='bbox 412 763 446 818; x_wconf 88' lang='lat' dir='ltr'>ut</span> <span class='ocrx_word' id='word_1_57' title='bbox 458 758 499 816; x_wconf 88' lang='lat' dir='ltr'>alt</span> <span class='ocrx_word' id='word_1_58' title='bbox 510 759 537 818; x_wconf 79' lang='lat'>8.</span> <span class='ocrx_word' id='word_1_59' title='bbox 550 757 724 833; x_wconf 77' lang='lat' dir='ltr'>Gregorius,</span> <span class='ocrx_word' id='word_1_60' title='bbox 739 759 822 817; x_wconf 91' lang='lat' dir='ltr'>hom.</span> <span class='ocrx_word' id='word_1_61' title='bbox 842 761 879 818; x_wconf 80' lang='lat' dir='ltr'>ta</span> <span class='ocrx_word' id='word_1_62' title='bbox 892 763 924 815; x_wconf 80' lang='lat' dir='ltr'>tn</span> <span class='ocrx_word' id='word_1_63' title='bbox 966 759 1051 833; x_wconf 89' lang='lat' dir='ltr'>qnod</span> <span class='ocrx_word' id='word_1_64' title='bbox 1064 759 1205 832; x_wconf 82' lang='lat' dir='ltr'>capitium</span> <span class='ocrx_word' id='word_1_65' title='bbox 1217 759 1362 816; x_wconf 73' lang='lat' dir='ltr'>dicitur.»</span> 
     </span>
     <span class='ocr_line' id='line_1_8' title="bbox 130 841 1760 922; baseline 0.003 -22"><span class='ocrx_word' id='word_1_66' title='bbox 130 843 236 912; x_wconf 61' lang='lat' dir='ltr'>Manu.</span> <span class='ocrx_word' id='word_1_67' title='bbox 251 857 260 896; x_wconf 80' lang='lat' dir='ltr'>r</span> <span class='ocrx_word' id='word_1_68' title='bbox 278 841 413 904; x_wconf 75' lang='lat' dir='ltr'>«Durum</span> <span class='ocrx_word' id='word_1_69' title='bbox 424 845 481 912; x_wconf 86' lang='lat' dir='ltr'>est,</span> <span class='ocrx_word' id='word_1_70' title='bbox 492 845 525 899; x_wconf 88' lang='lat' dir='ltr'>ut</span> <span class='ocrx_word' id='word_1_71' title='bbox 537 843 591 922; x_wconf 86' lang='lat' dir='ltr'>qui</span> <span class='ocrx_word' id='word_1_72' title='bbox 604 843 696 899; x_wconf 86' lang='lat' dir='ltr'>nescit</span> <span class='ocrx_word' id='word_1_73' title='bbox 707 846 808 900; x_wconf 86' lang='lat' dir='ltr'>tenere</span> <span class='ocrx_word' id='word_1_74' title='bbox 820 841 924 902; x_wconf 91' lang='lat' dir='ltr'>mode-</span> <span class='ocrx_word' id='word_1_75' title='bbox 1001 841 1041 899; x_wconf 82' lang='lat' dir='ltr'>Er</span> <span class='ocrx_word' id='word_1_76' title='bbox 1054 857 1111 901; x_wconf 82' lang='lat' dir='ltr'>ors</span> <span class='ocrx_word' id='word_1_77' title='bbox 1124 855 1178 900; x_wconf 81' lang='lat' dir='ltr'>rra</span> <span class='ocrx_word' id='word_1_78' title='bbox 1190 857 1286 902; x_wconf 81' lang='lat' dir='ltr'>onaan</span> <span class='ocrx_word' id='word_1_79' title='bbox 1299 857 1364 900; x_wconf 78' lang='lat' dir='ltr'>atus</span> <span class='ocrx_word' id='word_1_80' title='bbox 1377 857 1513 901; x_wconf 83' lang='lat' dir='ltr'>rrxrrrrs.</span> <span class='ocrx_word' id='word_1_81' title='bbox 1525 871 1561 886; x_wconf 86' lang='lat'><em>-</em></span> <span class='ocrx_word' id='word_1_82' title='bbox 1572 844 1653 902; x_wconf 78' lang='lat' dir='ltr'>«Ora</span> <span class='ocrx_word' id='word_1_83' title='bbox 1667 866 1682 900; x_wconf 82' lang='lat' dir='ltr'>u</span> <span class='ocrx_word' id='word_1_84' title='bbox 1697 845 1760 905; x_wconf 79' lang='lat' dir='ltr'>haec</span> 
     </span>
    </p>
   </div>
   <div class='ocr_carea' id='block_1_6' title="bbox 130 923 1767 1000">
    <p class='ocr_par' dir='ltr' id='par_1_6' title="bbox 130 923 1767 1000">
     <span class='ocr_line' id='line_1_9' title="bbox 130 923 1767 1000; baseline 0.002 -21"><span class='ocrx_word' id='word_1_85' title='bbox 130 923 248 981; x_wconf 88' lang='lat' dir='ltr'>ramina</span> <span class='ocrx_word' id='word_1_86' title='bbox 262 923 331 984; x_wconf 78' lang='lat' dir='ltr'>ritca</span> <span class='ocrx_word' id='word_1_87' title='bbox 345 940 421 996; x_wconf 80' lang='lat' dir='ltr'>suae,</span> <span class='ocrx_word' id='word_1_88' title='bbox 437 923 531 996; x_wconf 81' lang='lat' dir='ltr'>judex</span> <span class='ocrx_word' id='word_1_89' title='bbox 549 923 602 983; x_wconf 88' lang='lat' dir='ltr'>fiat</span> <span class='ocrx_word' id='word_1_90' title='bbox 619 923 737 997; x_wconf 80' lang='lat' dir='ltr'>ehcuae3</span> <span class='ocrx_word' id='word_1_91' title='bbox 747 945 763 980; x_wconf 83' lang='lat' dir='ltr'>a</span> <span class='ocrx_word' id='word_1_92' title='bbox 775 929 819 995; x_wconf 88' lang='lat' dir='ltr'>et,</span> <span class='ocrx_word' id='word_1_93' title='bbox 834 928 868 982; x_wconf 92' lang='lat' dir='ltr'>ut</span> <span class='ocrx_word' id='word_1_94' title='bbox 883 923 924 981; x_wconf 84' lang='lat' dir='ltr'>ait</span> <span class='ocrx_word' id='word_1_95' title='bbox 966 929 1028 984; x_wconf 89' lang='lat' dir='ltr'>erat</span> <span class='ocrx_word' id='word_1_96' title='bbox 1038 925 1159 986; x_wconf 87' lang='lat' dir='ltr'>fimbria</span> <span class='ocrx_word' id='word_1_97' title='bbox 1170 927 1219 984; x_wconf 84' lang='lat' dir='ltr'>vel</span> <span class='ocrx_word' id='word_1_98' title='bbox 1232 926 1344 985; x_wconf 88' lang='lat' dir='ltr'>limbus</span> <span class='ocrx_word' id='word_1_99' title='bbox 1358 931 1502 1000; x_wconf 80' lang='lat' dir='ltr'>aperturae</span> <span class='ocrx_word' id='word_1_100' title='bbox 1513 927 1576 998; x_wconf 85' lang='lat' dir='ltr'>jam</span> <span class='ocrx_word' id='word_1_101' title='bbox 1590 927 1684 999; x_wconf 77' lang='lat' dir='ltr'>dictu,</span> <span class='ocrx_word' id='word_1_102' title='bbox 1699 929 1767 988; x_wconf 85' lang='lat' dir='ltr'>siue.</span> 
     </span>
    </p>
   </div>
   <div class='ocr_carea' id='block_1_7' title="bbox 0 1006 1760 4016">
    <p class='ocr_par' dir='ltr' id='par_1_7' title="bbox 131 1006 1760 1250">
     <span class='ocr_line' id='line_1_10' title="bbox 131 1006 1759 1084; baseline 0.006 -20"><span class='ocrx_word' id='word_1_103' title='bbox 131 1007 159 1064; x_wconf 85' lang='lat' dir='ltr'>S.</span> <span class='ocrx_word' id='word_1_104' title='bbox 182 1006 371 1080; x_wconf 78' lang='lat' dir='ltr'>Ambrosius,</span> <span class='ocrx_word' id='word_1_105' title='bbox 391 1011 472 1080; x_wconf 81' lang='lat' dir='ltr'>epist.</span> <span class='ocrx_word' id='word_1_106' title='bbox 495 1011 531 1066; x_wconf 80' lang='lat' dir='ltr'>&#39;ta</span> <span class='ocrx_word' id='word_1_107' title='bbox 551 1025 559 1065; x_wconf 77' lang='lat' dir='ltr'>e</span> <span class='ocrx_word' id='word_1_108' title='bbox 581 1009 686 1077; x_wconf 79' lang='lat' dir='ltr'>«Qurld</span> <span class='ocrx_word' id='word_1_109' title='bbox 705 1011 767 1066; x_wconf 69' lang='lat' dir='ltr'>mm</span> <span class='ocrx_word' id='word_1_110' title='bbox 788 1008 923 1066; x_wconf 87' lang='lat' dir='ltr'>divinum</span> <span class='ocrx_word' id='word_1_111' title='bbox 965 1009 1065 1082; x_wconf 89' lang='lat' dir='ltr'>capitii</span> <span class='ocrx_word' id='word_1_112' title='bbox 1077 1009 1182 1083; x_wconf 85' lang='lat' dir='ltr'>latera,</span> <span class='ocrx_word' id='word_1_113' title='bbox 1195 1026 1233 1068; x_wconf 91' lang='lat' dir='ltr'>ne</span> <span class='ocrx_word' id='word_1_114' title='bbox 1245 1013 1467 1084; x_wconf 89' lang='lat' dir='ltr'>rumperentur,</span> <span class='ocrx_word' id='word_1_115' title='bbox 1481 1012 1582 1082; x_wconf 88' lang='lat' dir='ltr'>tegens</span> <span class='ocrx_word' id='word_1_116' title='bbox 1596 1017 1624 1068; x_wconf 90' lang='lat' dir='ltr'>et</span> <span class='ocrx_word' id='word_1_117' title='bbox 1636 1011 1759 1074; x_wconf 84' lang='lat' dir='ltr'>firmans</span> 
     </span>
     <span class='ocr_line' id='line_1_11' title="bbox 131 1091 1759 1168; baseline 0.005 -21"><span class='ocrx_word' id='word_1_118' title='bbox 131 1091 923 1168; x_wconf 71' lang='lat' dir='ltr'>quamistasententia,utispeccatapuniatquipeo·</span> <span class='ocrx_word' id='word_1_119' title='bbox 964 1105 1020 1166; x_wconf 89' lang='lat' dir='ltr'>per</span> <span class='ocrx_word' id='word_1_120' title='bbox 1041 1093 1207 1152; x_wconf 87' lang='lat' dir='ltr'>circuitum.</span> <span class='ocrx_word' id='word_1_121' title='bbox 1236 1093 1317 1151; x_wconf 90' lang='lat' dir='ltr'>Unde</span> <span class='ocrx_word' id='word_1_122' title='bbox 1340 1091 1477 1150; x_wconf 87' lang='lat' dir='ltr'>hebraice</span> <span class='ocrx_word' id='word_1_123' title='bbox 1498 1099 1556 1164; x_wconf 90' lang='lat' dir='ltr'>est,</span> <span class='ocrx_word' id='word_1_124' title='bbox 1571 1098 1643 1152; x_wconf 74' lang='lat' dir='ltr'>sicca</span> <span class='ocrx_word' id='word_1_125' title='bbox 1663 1097 1759 1154; x_wconf 85' lang='lat' dir='ltr'>limbus</span> 
     </span>
     <span class='ocr_line' id='line_1_12' title="bbox 132 1171 1760 1250; baseline 0.004 -20"><span class='ocrx_word' id='word_1_126' title='bbox 132 1171 187 1236; x_wconf 90' lang='lat' dir='ltr'>cati</span> <span class='ocrx_word' id='word_1_127' title='bbox 207 1187 294 1232; x_wconf 84' lang='lat' dir='ltr'>exors</span> <span class='ocrx_word' id='word_1_128' title='bbox 313 1174 363 1246; x_wconf 80' lang='lat' dir='ltr'>sit3</span> <span class='ocrx_word' id='word_1_129' title='bbox 384 1175 540 1250; x_wconf 87' lang='lat' dir='ltr'>quomodo</span> <span class='ocrx_word' id='word_1_130' title='bbox 554 1176 635 1234; x_wconf 90' lang='lat' dir='ltr'>enim</span> <span class='ocrx_word' id='word_1_131' title='bbox 648 1174 724 1232; x_wconf 85' lang='lat' dir='ltr'>ieras</span> <span class='ocrx_word' id='word_1_132' title='bbox 744 1175 833 1231; x_wconf 91' lang='lat' dir='ltr'>alieni</span> <span class='ocrx_word' id='word_1_133' title='bbox 846 1173 923 1231; x_wconf 91' lang='lat' dir='ltr'>ulto·</span> <span class='ocrx_word' id='word_1_134' title='bbox 965 1177 1055 1232; x_wconf 79' lang='lat' dir='ltr'>lorice</span> <span class='ocrx_word' id='word_1_135' title='bbox 1067 1181 1121 1233; x_wconf 77' lang='lat' dir='ltr'>erit</span> <span class='ocrx_word' id='word_1_136' title='bbox 1135 1181 1409 1248; x_wconf 64' lang='lat' dir='ltr'>cinomannicae.</span> <span class='ocrx_word' id='word_1_137' title='bbox 1425 1176 1453 1231; x_wconf 90' lang='lat' dir='ltr'>d.</span> <span class='ocrx_word' id='word_1_138' title='bbox 1467 1177 1575 1234; x_wconf 90' lang='lat' dir='ltr'>liuniet</span> <span class='ocrx_word' id='word_1_139' title='bbox 1588 1193 1655 1235; x_wconf 88' lang='lat' dir='ltr'>cam</span> <span class='ocrx_word' id='word_1_140' title='bbox 1668 1180 1760 1238; x_wconf 88' lang='lat' dir='ltr'>instar</span> 
     </span>
    </p>

    <p class='ocr_par' dir='ltr' id='par_1_8' title="bbox 128 1256 1760 2004">
     <span class='ocr_line' id='line_1_13' title="bbox 130 1256 1458 1334; baseline -0.001 -20"><span class='ocrx_word' id='word_1_141' title='bbox 130 1271 211 1330; x_wconf 89' lang='lat' dir='ltr'>rem,</span> <span class='ocrx_word' id='word_1_142' title='bbox 232 1261 261 1314; x_wconf 91' lang='lat' dir='ltr'>et</span> <span class='ocrx_word' id='word_1_143' title='bbox 282 1257 396 1334; x_wconf 89' lang='lat' dir='ltr'>proprii</span> <span class='ocrx_word' id='word_1_144' title='bbox 417 1257 547 1316; x_wconf 89' lang='lat' dir='ltr'>criminis</span> <span class='ocrx_word' id='word_1_145' title='bbox 568 1257 799 1317; x_wconf 80' lang='lat' dir='ltr'>defensorem‘tr</span> <span class='ocrx_word' id='word_1_146' title='bbox 827 1259 922 1326; x_wconf 84' lang='lat' dir='ltr'>Quare</span> <span class='ocrx_word' id='word_1_147' title='bbox 964 1256 1050 1314; x_wconf 87' lang='lat' dir='ltr'>limbi</span> <span class='ocrx_word' id='word_1_148' title='bbox 1064 1259 1179 1330; x_wconf 83' lang='lat' dir='ltr'>loricae,</span> <span class='ocrx_word' id='word_1_149' title='bbox 1192 1274 1228 1316; x_wconf 89' lang='lat' dir='ltr'>nc</span> <span class='ocrx_word' id='word_1_150' title='bbox 1242 1262 1398 1331; x_wconf 89' lang='lat' dir='ltr'>rumpatur</span> <span class='ocrx_word' id='word_1_151' title='bbox 1410 1256 1458 1330; x_wconf 71' lang='lat' dir='ltr'>(t).</span> 
     </span>
     <span class='ocr_line' id='line_1_14' title="bbox 129 1339 1758 1421; baseline 0.005 -23"><span class='ocrx_word' id='word_1_152' title='bbox 129 1343 206 1398; x_wconf 88' lang='lat' dir='ltr'>recte</span> <span class='ocrx_word' id='word_1_153' title='bbox 217 1339 421 1411; x_wconf 86' lang='lat' dir='ltr'>Cassiodorus,</span> <span class='ocrx_word' id='word_1_154' title='bbox 434 1339 487 1398; x_wconf 92' lang='lat' dir='ltr'>lib.</span> <span class='ocrx_word' id='word_1_155' title='bbox 497 1341 532 1398; x_wconf 78' lang='lat' dir='ltr'>vi</span> <span class='ocrx_word' id='word_1_156' title='bbox 544 1341 621 1408; x_wconf 72' lang='lat' dir='ltr'>Ver„</span> <span class='ocrx_word' id='word_1_157' title='bbox 632 1341 709 1398; x_wconf 88' lang='lat' dir='ltr'>hano</span> <span class='ocrx_word' id='word_1_158' title='bbox 720 1340 848 1398; x_wconf 86' lang='lat' dir='ltr'>formam</span> <span class='ocrx_word' id='word_1_159' title='bbox 860 1355 924 1398; x_wconf 87' lang='lat' dir='ltr'>rec·</span> <span class='ocrx_word' id='word_1_160' title='bbox 1000 1344 1067 1399; x_wconf 83' lang='lat' dir='ltr'>Erat</span> <span class='ocrx_word' id='word_1_161' title='bbox 1079 1343 1142 1400; x_wconf 79' lang='lat' dir='ltr'>haec</span> <span class='ocrx_word' id='word_1_162' title='bbox 1159 1362 1174 1396; x_wconf 82' lang='grc' dir='ltr'>ι</span> <span class='ocrx_word' id='word_1_163' title='bbox 1188 1359 1240 1400; x_wconf 91' lang='lat' dir='ltr'>ora</span> <span class='ocrx_word' id='word_1_164' title='bbox 1253 1341 1375 1411; x_wconf 70' lang='lat' dir='ltr'>texilis,</span> <span class='ocrx_word' id='word_1_165' title='bbox 1389 1361 1403 1394; x_wconf 80' lang='lat' dir='ltr'>u</span> <span class='ocrx_word' id='word_1_166' title='bbox 1420 1342 1452 1398; x_wconf 91' lang='lat' dir='ltr'>id</span> <span class='ocrx_word' id='word_1_167' title='bbox 1465 1346 1509 1398; x_wconf 85' lang='lat' dir='ltr'>est</span> <span class='ocrx_word' id='word_1_168' title='bbox 1521 1342 1597 1402; x_wconf 90' lang='lat' dir='ltr'>iacta</span> <span class='ocrx_word' id='word_1_169' title='bbox 1611 1360 1673 1404; x_wconf 92' lang='lat' dir='ltr'>non</span> <span class='ocrx_word' id='word_1_170' title='bbox 1687 1361 1758 1421; x_wconf 89' lang='lat' dir='ltr'>acu,</span> 
     </span>
     <span class='ocr_line' id='line_1_15' title="bbox 130 1423 1760 1500; baseline 0.004 -19"><span class='ocrx_word' id='word_1_171' title='bbox 130 1423 187 1481; x_wconf 87' lang='lat' dir='ltr'>tori</span> <span class='ocrx_word' id='word_1_172' title='bbox 206 1423 391 1498; x_wconf 80' lang='lat' dir='ltr'>praecribit:</span> <span class='ocrx_word' id='word_1_173' title='bbox 410 1425 501 1480; x_wconf 70' lang='lat' dir='ltr'>«Esto</span> <span class='ocrx_word' id='word_1_174' title='bbox 510 1465 521 1496; x_wconf 97' lang='lat'>,</span> <span class='ocrx_word' id='word_1_175' title='bbox 542 1423 599 1492; x_wconf 84' lang='lat' dir='ltr'>ait,</span> <span class='ocrx_word' id='word_1_176' title='bbox 617 1424 679 1483; x_wconf 87' lang='lat' dir='ltr'>vita</span> <span class='ocrx_word' id='word_1_177' title='bbox 697 1425 870 1493; x_wconf 86' lang='lat' dir='ltr'>coutinehs,</span> <span class='ocrx_word' id='word_1_178' title='bbox 889 1426 923 1480; x_wconf 90' lang='lat' dir='ltr'>ut</span> <span class='ocrx_word' id='word_1_179' title='bbox 965 1425 1018 1482; x_wconf 90' lang='lat' dir='ltr'>sed</span> <span class='ocrx_word' id='word_1_180' title='bbox 1030 1440 1119 1498; x_wconf 88' lang='lat' dir='ltr'>opere</span> <span class='ocrx_word' id='word_1_181' title='bbox 1133 1426 1235 1483; x_wconf 88' lang='lat' dir='ltr'>textili.</span> <span class='ocrx_word' id='word_1_182' title='bbox 1252 1427 1441 1499; x_wconf 88' lang='lat' dir='ltr'>Septuaginta</span> <span class='ocrx_word' id='word_1_183' title='bbox 1453 1428 1580 1496; x_wconf 76' lang='lat' dir='ltr'>venunt,</span> <span class='ocrx_word' id='word_1_184' title='bbox 1592 1444 1659 1500; x_wconf 79' lang='lat' dir='ltr'>apua</span> <span class='ocrx_word' id='word_1_185' title='bbox 1674 1437 1760 1488; x_wconf 79' lang='lat' dir='ltr'>tento-</span> 
     </span>
     <span class='ocr_line' id='line_1_16' title="bbox 130 1507 1757 1586; baseline 0.003 -19"><span class='ocrx_word' id='word_1_186' title='bbox 130 1507 227 1584; x_wconf 87' lang='lat' dir='ltr'>possis</span> <span class='ocrx_word' id='word_1_187' title='bbox 238 1507 270 1566; x_wconf 93' lang='lat' dir='ltr'>in</span> <span class='ocrx_word' id='word_1_188' title='bbox 283 1508 358 1565; x_wconf 82' lang='lat' dir='ltr'>alios</span> <span class='ocrx_word' id='word_1_189' title='bbox 369 1523 432 1566; x_wconf 87' lang='lat' dir='ltr'>esse</span> <span class='ocrx_word' id='word_1_190' title='bbox 449 1507 553 1580; x_wconf 83' lang='lat' dir='ltr'>judex.</span> <span class='ocrx_word' id='word_1_191' title='bbox 575 1507 673 1564; x_wconf 86' lang='lat' dir='ltr'>Prima</span> <span class='ocrx_word' id='word_1_192' title='bbox 685 1507 808 1582; x_wconf 63' lang='lat' dir='ltr'>aequitas</span> <span class='ocrx_word' id='word_1_193' title='bbox 822 1512 884 1577; x_wconf 90' lang='lat' dir='ltr'>est,</span> <span class='ocrx_word' id='word_1_194' title='bbox 904 1521 923 1564; x_wconf 92' lang='lat' dir='ltr'>a</span> <span class='ocrx_word' id='word_1_195' title='bbox 963 1512 1019 1575; x_wconf 71' lang='lat' dir='ltr'>sii,</span> <span class='ocrx_word' id='word_1_196' title='bbox 1032 1511 1231 1582; x_wconf 84' lang='lat' dir='ltr'>copulationem</span> <span class='ocrx_word' id='word_1_197' title='bbox 1244 1515 1347 1566; x_wconf 80' lang='lat' dir='ltr'>tactam</span> <span class='ocrx_word' id='word_1_198' title='bbox 1360 1526 1394 1566; x_wconf 81' lang='lat' dir='ltr'>en</span> <span class='ocrx_word' id='word_1_199' title='bbox 1404 1513 1474 1580; x_wconf 86' lang='lat' dir='ltr'>ipso.</span> <span class='ocrx_word' id='word_1_200' title='bbox 1490 1511 1570 1567; x_wconf 89' lang='lat' dir='ltr'>Unde</span> <span class='ocrx_word' id='word_1_201' title='bbox 1582 1512 1611 1569; x_wconf 85' lang='lat' dir='ltr'>S.</span> <span class='ocrx_word' id='word_1_202' title='bbox 1624 1516 1757 1586; x_wconf 81' lang='lat' dir='ltr'>augusti-</span> 
     </span>
     <span class='ocr_line' id='line_1_17' title="bbox 130 1591 1759 1668; baseline 0.004 -18"><span class='ocrx_word' id='word_1_203' title='bbox 130 1607 162 1650; x_wconf 92' lang='lat' dir='ltr'>se</span> <span class='ocrx_word' id='word_1_204' title='bbox 172 1593 313 1668; x_wconf 76' lang='lat' dir='ltr'>praesides</span> <span class='ocrx_word' id='word_1_205' title='bbox 326 1593 483 1663; x_wconf 89' lang='lat' dir='ltr'>inchoare,</span> <span class='ocrx_word' id='word_1_206' title='bbox 502 1595 535 1649; x_wconf 94' lang='lat' dir='ltr'>ut</span> <span class='ocrx_word' id='word_1_207' title='bbox 549 1591 677 1650; x_wconf 89' lang='lat' dir='ltr'>debeant</span> <span class='ocrx_word' id='word_1_208' title='bbox 691 1591 842 1650; x_wconf 83' lang='lat' dir='ltr'>criminosi</span> <span class='ocrx_word' id='word_1_209' title='bbox 861 1606 923 1647; x_wconf 84' lang='lat' dir='ltr'>ma·</span> <span class='ocrx_word' id='word_1_210' title='bbox 964 1606 1037 1662; x_wconf 89' lang='lat' dir='ltr'>nus,</span> <span class='ocrx_word' id='word_1_211' title='bbox 1052 1595 1203 1660; x_wconf 68' lang='lat' dir='ltr'>Quaestione</span> <span class='ocrx_word' id='word_1_212' title='bbox 1223 1595 1323 1650; x_wconf 79' lang='lat' dir='ltr'>cllvlll</span> <span class='ocrx_word' id='word_1_213' title='bbox 1332 1623 1343 1662; x_wconf 83' lang='grc'>,</span> <span class='ocrx_word' id='word_1_214' title='bbox 1354 1596 1382 1650; x_wconf 90' lang='lat' dir='ltr'>et</span> <span class='ocrx_word' id='word_1_215' title='bbox 1399 1593 1427 1649; x_wconf 90' lang='lat' dir='ltr'>S.</span> <span class='ocrx_word' id='word_1_216' title='bbox 1442 1591 1638 1666; x_wconf 81' lang='lat' dir='ltr'>Hieronymus</span> <span class='ocrx_word' id='word_1_217' title='bbox 1652 1595 1759 1655; x_wconf 86' lang='lat' dir='ltr'>docent</span> 
     </span>
     <span class='ocr_line' id='line_1_18' title="bbox 129 1673 1758 1753; baseline 0.002 -19"><span class='ocrx_word' id='word_1_218' title='bbox 129 1679 225 1747; x_wconf 86' lang='lat' dir='ltr'>tuero,</span> <span class='ocrx_word' id='word_1_219' title='bbox 244 1689 334 1749; x_wconf 86' lang='lat' dir='ltr'>quern</span> <span class='ocrx_word' id='word_1_220' title='bbox 348 1678 501 1748; x_wconf 79' lang='lat' dir='ltr'>neqrreunt</span> <span class='ocrx_word' id='word_1_221' title='bbox 518 1673 645 1731; x_wconf 87' lang='lat' dir='ltr'>similem</span> <span class='ocrx_word' id='word_1_222' title='bbox 664 1674 802 1749; x_wconf 89' lang='lat' dir='ltr'>reperire.</span> <span class='ocrx_word' id='word_1_223' title='bbox 823 1675 922 1732; x_wconf 85' lang='lat' dir='ltr'>Nullas</span> <span class='ocrx_word' id='word_1_224' title='bbox 964 1673 1042 1731; x_wconf 91' lang='lat' dir='ltr'>hanc</span> <span class='ocrx_word' id='word_1_225' title='bbox 1059 1691 1143 1733; x_wconf 90' lang='lat' dir='ltr'>oram</span> <span class='ocrx_word' id='word_1_226' title='bbox 1161 1676 1209 1734; x_wconf 84' lang='lat' dir='ltr'>vel</span> <span class='ocrx_word' id='word_1_227' title='bbox 1225 1675 1377 1734; x_wconf 88' lang='lat' dir='ltr'>fimbriam</span> <span class='ocrx_word' id='word_1_228' title='bbox 1392 1679 1531 1733; x_wconf 81' lang='lat' dir='ltr'>attextum</span> <span class='ocrx_word' id='word_1_229' title='bbox 1546 1675 1636 1735; x_wconf 88' lang='lat' dir='ltr'>inisse</span> <span class='ocrx_word' id='word_1_230' title='bbox 1650 1681 1758 1753; x_wconf 90' lang='lat' dir='ltr'>capitio</span> 
     </span>
     <span class='ocr_line' id='line_1_19' title="bbox 129 1757 1756 1834; baseline 0.002 -18"><span class='ocrx_word' id='word_1_231' title='bbox 129 1759 161 1816; x_wconf 90' lang='lat' dir='ltr'>iu</span> <span class='ocrx_word' id='word_1_232' title='bbox 179 1775 212 1817; x_wconf 91' lang='lat' dir='ltr'>se</span> <span class='ocrx_word' id='word_1_233' title='bbox 227 1758 330 1834; x_wconf 90' lang='lat' dir='ltr'>culpas</span> <span class='ocrx_word' id='word_1_234' title='bbox 344 1759 427 1815; x_wconf 90' lang='lat' dir='ltr'>timet</span> <span class='ocrx_word' id='word_1_235' title='bbox 443 1772 527 1828; x_wconf 88' lang='lat' dir='ltr'>reus,</span> <span class='ocrx_word' id='word_1_236' title='bbox 546 1757 670 1831; x_wconf 89' lang='lat' dir='ltr'>quasin</span> <span class='ocrx_word' id='word_1_237' title='bbox 688 1773 718 1814; x_wconf 89' lang='lat' dir='ltr'>se</span> <span class='ocrx_word' id='word_1_238' title='bbox 731 1757 843 1816; x_wconf 89' lang='lat' dir='ltr'>habere</span> <span class='ocrx_word' id='word_1_239' title='bbox 855 1773 922 1832; x_wconf 89' lang='lat' dir='ltr'>per·</span> <span class='ocrx_word' id='word_1_240' title='bbox 964 1758 1053 1816; x_wconf 84' lang='lat' dir='ltr'>unica</span> <span class='ocrx_word' id='word_1_241' title='bbox 1065 1762 1251 1831; x_wconf 87' lang='lat' dir='ltr'>contextura,</span> <span class='ocrx_word' id='word_1_242' title='bbox 1266 1775 1329 1817; x_wconf 92' lang='lat' dir='ltr'>non</span> <span class='ocrx_word' id='word_1_243' title='bbox 1342 1773 1413 1816; x_wconf 81' lang='lat' dir='ltr'>uero</span> <span class='ocrx_word' id='word_1_244' title='bbox 1429 1757 1519 1815; x_wconf 83' lang='lat' dir='ltr'>luisse</span> <span class='ocrx_word' id='word_1_245' title='bbox 1539 1759 1583 1816; x_wconf 89' lang='lat' dir='ltr'>illi</span> <span class='ocrx_word' id='word_1_246' title='bbox 1603 1767 1733 1820; x_wconf 87' lang='lat' dir='ltr'>assutam</span> <span class='ocrx_word' id='word_1_247' title='bbox 1749 1780 1756 1819; x_wconf 77' lang='grc' dir='ltr'><strong>ε</strong></span> 
     </span>
     <span class='ocr_line' id='line_1_20' title="bbox 129 1840 1758 1919; baseline 0.002 -19"><span class='ocrx_word' id='word_1_248' title='bbox 129 1844 257 1919; x_wconf 75' lang='lat' dir='ltr'>sperarit</span> <span class='ocrx_word' id='word_1_249' title='bbox 269 1843 460 1916; x_wconf 87' lang='lat' dir='ltr'>cognitorem.</span> <span class='ocrx_word' id='word_1_250' title='bbox 473 1843 497 1899; x_wconf 91' lang='lat'>0</span> <span class='ocrx_word' id='word_1_251' title='bbox 510 1841 600 1916; x_wconf 88' lang='lat' dir='ltr'>quala</span> <span class='ocrx_word' id='word_1_252' title='bbox 612 1845 670 1914; x_wconf 89' lang='lat' dir='ltr'>est,</span> <span class='ocrx_word' id='word_1_253' title='bbox 684 1842 813 1900; x_wconf 88' lang='lat' dir='ltr'>liberum</span> <span class='ocrx_word' id='word_1_254' title='bbox 829 1843 923 1900; x_wconf 90' lang='lat' dir='ltr'>tribu·</span> <span class='ocrx_word' id='word_1_255' title='bbox 965 1840 1110 1916; x_wconf 85' lang='lat' dir='ltr'>losephus</span> <span class='ocrx_word' id='word_1_256' title='bbox 1129 1848 1230 1902; x_wconf 70' lang='lat' dir='ltr'>umen</span> <span class='ocrx_word' id='word_1_257' title='bbox 1251 1860 1318 1902; x_wconf 87' lang='lat' dir='ltr'>eam</span> <span class='ocrx_word' id='word_1_258' title='bbox 1340 1847 1471 1901; x_wconf 87' lang='lat' dir='ltr'>assutam</span> <span class='ocrx_word' id='word_1_259' title='bbox 1496 1844 1583 1916; x_wconf 82' lang='lat' dir='ltr'>dicit3</span> <span class='ocrx_word' id='word_1_260' title='bbox 1607 1847 1660 1903; x_wconf 88' lang='lat' dir='ltr'>sed</span> <span class='ocrx_word' id='word_1_261' title='bbox 1683 1847 1758 1906; x_wconf 89' lang='lat' dir='ltr'>iorte</span> 
     </span>
     <span class='ocr_line' id='line_1_21' title="bbox 128 1925 1758 2004; baseline 0.003 -20"><span class='ocrx_word' id='word_1_262' title='bbox 128 1925 248 1985; x_wconf 80' lang='lat' dir='ltr'>nulibus</span> <span class='ocrx_word' id='word_1_263' title='bbox 260 1927 427 1984; x_wconf 73' lang='lat' dir='ltr'>insideret»</span> <span class='ocrx_word' id='word_1_264' title='bbox 964 1929 1080 1984; x_wconf 91' lang='lat' dir='ltr'>tantum</span> <span class='ocrx_word' id='word_1_265' title='bbox 1101 1927 1168 1986; x_wconf 83' lang='lat' dir='ltr'>vult</span> <span class='ocrx_word' id='word_1_266' title='bbox 1190 1928 1286 1986; x_wconf 90' lang='lat' dir='ltr'>dicere</span> <span class='ocrx_word' id='word_1_267' title='bbox 1304 1944 1371 1986; x_wconf 89' lang='lat' dir='ltr'>eam</span> <span class='ocrx_word' id='word_1_268' title='bbox 1389 1927 1479 1984; x_wconf 89' lang='lat' dir='ltr'>inissa</span> <span class='ocrx_word' id='word_1_269' title='bbox 1495 1943 1660 2001; x_wconf 80' lang='lat' dir='ltr'>annexam,</span> <span class='ocrx_word' id='word_1_270' title='bbox 1674 1933 1758 2004; x_wconf 90' lang='lat' dir='ltr'>quod</span> 
     </span>
    </p>

    <p class='ocr_par' dir='ltr' id='par_1_9' title="bbox 0 2011 1760 3344">
     <span class='ocr_line' id='line_1_22' title="bbox 163 2011 1720 2086; baseline 0.001 -16"><span class='ocrx_word' id='word_1_271' title='bbox 163 2013 203 2070; x_wconf 85' lang='lat' dir='ltr'>Er</span> <span class='ocrx_word' id='word_1_272' title='bbox 216 2025 346 2069; x_wconf 76' lang='lat' dir='ltr'>cusrmrr</span> <span class='ocrx_word' id='word_1_273' title='bbox 359 2023 488 2070; x_wconf 78' lang='lat' dir='ltr'>Junrctun</span> <span class='ocrx_word' id='word_1_274' title='bbox 500 2023 632 2070; x_wconf 69' lang='lat' dir='ltr'>narona!</span> <span class='ocrx_word' id='word_1_275' title='bbox 642 2013 753 2069; x_wconf 79' lang='lat' dir='ltr'>lamna.</span> <span class='ocrx_word' id='word_1_276' title='bbox 767 2039 803 2054; x_wconf 88' lang='lat'><em>-</em></span> <span class='ocrx_word' id='word_1_277' title='bbox 819 2011 923 2070; x_wconf 72' lang='lat' dir='ltr'>utun·</span> <span class='ocrx_word' id='word_1_278' title='bbox 964 2013 1026 2068; x_wconf 88' lang='lat' dir='ltr'>tam</span> <span class='ocrx_word' id='word_1_279' title='bbox 1039 2012 1076 2069; x_wconf 86' lang='lat' dir='ltr'>de</span> <span class='ocrx_word' id='word_1_280' title='bbox 1088 2016 1219 2084; x_wconf 85' lang='lat' dir='ltr'>textura,</span> <span class='ocrx_word' id='word_1_281' title='bbox 1232 2029 1325 2086; x_wconf 87' lang='lat' dir='ltr'>quam</span> <span class='ocrx_word' id='word_1_282' title='bbox 1340 2011 1377 2070; x_wconf 85' lang='lat' dir='ltr'>de</span> <span class='ocrx_word' id='word_1_283' title='bbox 1391 2015 1494 2068; x_wconf 89' lang='lat' dir='ltr'>sutura</span> <span class='ocrx_word' id='word_1_284' title='bbox 1506 2012 1599 2085; x_wconf 87' lang='lat' dir='ltr'>accipi</span> <span class='ocrx_word' id='word_1_285' title='bbox 1613 2017 1720 2086; x_wconf 89' lang='lat' dir='ltr'>potest.</span> 
     </span>
     <span class='ocr_line' id='line_1_23' title="bbox 129 2093 1757 2170; baseline 0.002 -19"><span class='ocrx_word' id='word_1_286' title='bbox 129 2093 288 2164; x_wconf 80' lang='lat' dir='ltr'>cium,ald</span> <span class='ocrx_word' id='word_1_287' title='bbox 301 2097 355 2163; x_wconf 89' lang='lat' dir='ltr'>est,</span> <span class='ocrx_word' id='word_1_288' title='bbox 367 2093 512 2153; x_wconf 87' lang='lat' dir='ltr'>rationale</span> <span class='ocrx_word' id='word_1_289' title='bbox 522 2093 637 2166; x_wconf 81' lang='lat' dir='ltr'>ludicii,</span> <span class='ocrx_word' id='word_1_290' title='bbox 652 2094 690 2151; x_wconf 90' lang='lat' dir='ltr'>de</span> <span class='ocrx_word' id='word_1_291' title='bbox 703 2109 766 2168; x_wconf 89' lang='lat' dir='ltr'>quo</span> <span class='ocrx_word' id='word_1_292' title='bbox 779 2108 858 2151; x_wconf 84' lang='lat' dir='ltr'>vers.</span> <span class='ocrx_word' id='word_1_293' title='bbox 870 2097 920 2167; x_wconf 78' lang='lat'>153</span> <span class='ocrx_word' id='word_1_294' title='bbox 1000 2097 1045 2152; x_wconf 88' lang='grc'>33.</span> <span class='ocrx_word' id='word_1_295' title='bbox 1067 2099 1197 2156; x_wconf 83' lang='lat' dir='ltr'>bronsuu</span> <span class='ocrx_word' id='word_1_296' title='bbox 1221 2111 1295 2154; x_wconf 84' lang='lat' dir='ltr'>uuuo</span> <span class='ocrx_word' id='word_1_297' title='bbox 1318 2111 1357 2154; x_wconf 79' lang='lat' dir='ltr'>aa</span> <span class='ocrx_word' id='word_1_298' title='bbox 1378 2109 1464 2152; x_wconf 85' lang='lat' dir='ltr'>rsnrs</span> <span class='ocrx_word' id='word_1_299' title='bbox 1487 2109 1609 2152; x_wconf 73' lang='lat' dir='ltr'>musaeu</span> <span class='ocrx_word' id='word_1_300' title='bbox 1632 2113 1757 2170; x_wconf 77' lang='lat' dir='ltr'>runica,</span> 
     </span>
     <span class='ocr_line' id='line_1_24' title="bbox 130 2177 1757 2252; baseline 0.003 -18"><span class='ocrx_word' id='word_1_301' title='bbox 130 2181 174 2236; x_wconf 89' lang='lat' dir='ltr'>est</span> <span class='ocrx_word' id='word_1_302' title='bbox 186 2177 379 2251; x_wconf 82' lang='lat' dir='ltr'>metonymia.</span> <span class='ocrx_word' id='word_1_303' title='bbox 393 2177 438 2234; x_wconf 87' lang='lat' dir='ltr'>Sic</span> <span class='ocrx_word' id='word_1_304' title='bbox 451 2192 516 2252; x_wconf 89' lang='lat' dir='ltr'>cap.</span> <span class='ocrx_word' id='word_1_305' title='bbox 530 2191 624 2248; x_wconf 84' lang='lat' dir='ltr'>xxru,</span> <span class='ocrx_word' id='word_1_306' title='bbox 637 2193 716 2235; x_wconf 84' lang='lat' dir='ltr'>uers.</span> <span class='ocrx_word' id='word_1_307' title='bbox 737 2179 769 2234; x_wconf 73' lang='lat' dir='ltr'>nt</span> <span class='ocrx_word' id='word_1_308' title='bbox 791 2183 821 2235; x_wconf 92' lang='lat' dir='ltr'>et</span> <span class='ocrx_word' id='word_1_309' title='bbox 833 2177 920 2245; x_wconf 90' lang='lat' dir='ltr'>alibi,</span> <span class='ocrx_word' id='word_1_310' title='bbox 964 2192 1019 2235; x_wconf 80' lang='lat' dir='ltr'>ren</span> <span class='ocrx_word' id='word_1_311' title='bbox 1036 2193 1185 2238; x_wconf 85' lang='lat' dir='ltr'>cracurrcu</span> <span class='ocrx_word' id='word_1_312' title='bbox 1207 2195 1289 2250; x_wconf 77' lang='lat' dir='ltr'>Quasi</span> <span class='ocrx_word' id='word_1_313' title='bbox 1311 2195 1387 2238; x_wconf 78' lang='lat' dir='ltr'>usas</span> <span class='ocrx_word' id='word_1_314' title='bbox 1400 2181 1504 2238; x_wconf 75' lang='lat' dir='ltr'>&#39;ruurca</span> <span class='ocrx_word' id='word_1_315' title='bbox 1521 2195 1614 2238; x_wconf 78' lang='lat' dir='ltr'>sacras</span> <span class='ocrx_word' id='word_1_316' title='bbox 1632 2197 1668 2238; x_wconf 85' lang='lat' dir='ltr'>rx</span> <span class='ocrx_word' id='word_1_317' title='bbox 1687 2197 1757 2240; x_wconf 53' lang='lat' dir='ltr'>nuru-</span> 
     </span>
     <span class='ocr_line' id='line_1_25' title="bbox 130 2260 1758 2335; baseline 0.004 -17"><span class='ocrx_word' id='word_1_318' title='bbox 130 2266 313 2320; x_wconf 81' lang='lat' dir='ltr'>testimouiam</span> <span class='ocrx_word' id='word_1_319' title='bbox 322 2265 409 2319; x_wconf 85' lang='lat' dir='ltr'>vocat</span> <span class='ocrx_word' id='word_1_320' title='bbox 422 2261 519 2335; x_wconf 88' lang='lat' dir='ltr'>ipsam</span> <span class='ocrx_word' id='word_1_321' title='bbox 533 2277 653 2332; x_wconf 89' lang='lat' dir='ltr'>arcam,</span> <span class='ocrx_word' id='word_1_322' title='bbox 672 2260 704 2318; x_wconf 93' lang='lat' dir='ltr'>in</span> <span class='ocrx_word' id='word_1_323' title='bbox 717 2276 778 2335; x_wconf 84' lang='lat' dir='ltr'>qua</span> <span class='ocrx_word' id='word_1_324' title='bbox 791 2265 853 2320; x_wconf 87' lang='lat' dir='ltr'>erat</span> <span class='ocrx_word' id='word_1_325' title='bbox 865 2266 921 2319; x_wconf 88' lang='lat' dir='ltr'>tes·</span> <span class='ocrx_word' id='word_1_326' title='bbox 964 2276 1085 2333; x_wconf 81' lang='lat' dir='ltr'>crunno,</span> <span class='ocrx_word' id='word_1_327' title='bbox 1098 2279 1135 2320; x_wconf 80' lang='lat' dir='ltr'>rr</span> <span class='ocrx_word' id='word_1_328' title='bbox 1150 2278 1295 2334; x_wconf 79' lang='lat' dir='ltr'>aurnuns,</span> <span class='ocrx_word' id='word_1_329' title='bbox 1313 2278 1348 2319; x_wconf 83' lang='lat' dir='ltr'>ur</span> <span class='ocrx_word' id='word_1_330' title='bbox 1365 2277 1454 2320; x_wconf 88' lang='lat' dir='ltr'>coeco</span> <span class='ocrx_word' id='word_1_331' title='bbox 1471 2277 1513 2319; x_wconf 84' lang='lat' dir='ltr'>ars</span> <span class='ocrx_word' id='word_1_332' title='bbox 1531 2278 1649 2334; x_wconf 76' lang='lat' dir='ltr'>rucco,</span> <span class='ocrx_word' id='word_1_333' title='bbox 1665 2281 1758 2324; x_wconf 77' lang='lat' dir='ltr'>uraris</span> 
     </span>
     <span class='ocr_line' id='line_1_26' title="bbox 129 2343 1758 2419; baseline 0.002 -17"><span class='ocrx_word' id='word_1_334' title='bbox 129 2345 305 2416; x_wconf 90' lang='lat' dir='ltr'>timonium,</span> <span class='ocrx_word' id='word_1_335' title='bbox 318 2345 406 2404; x_wconf 91' lang='lat' dir='ltr'>idest</span> <span class='ocrx_word' id='word_1_336' title='bbox 418 2343 479 2412; x_wconf 81' lang='lat' dir='ltr'>lex,</span> <span class='ocrx_word' id='word_1_337' title='bbox 496 2345 558 2403; x_wconf 85' lang='lat' dir='ltr'>sive</span> <span class='ocrx_word' id='word_1_338' title='bbox 571 2345 682 2403; x_wconf 81' lang='lat' dir='ltr'>tabulae</span> <span class='ocrx_word' id='word_1_339' title='bbox 695 2343 778 2416; x_wconf 89' lang='lat' dir='ltr'>legis.</span> <span class='ocrx_word' id='word_1_340' title='bbox 964 2359 994 2415; x_wconf 77' lang='lat' dir='ltr'>ru</span> <span class='ocrx_word' id='word_1_341' title='bbox 1011 2360 1099 2405; x_wconf 86' lang='lat' dir='ltr'>usuro</span> <span class='ocrx_word' id='word_1_342' title='bbox 1120 2361 1341 2405; x_wconf 68' lang='lat' dir='ltr'>multandus.</span> <span class='ocrx_word' id='word_1_343' title='bbox 1356 2374 1392 2389; x_wconf 86' lang='lat'><em>-</em></span> <span class='ocrx_word' id='word_1_344' title='bbox 1405 2346 1549 2419; x_wconf 87' lang='lat' dir='ltr'>losepbus</span> <span class='ocrx_word' id='word_1_345' title='bbox 1569 2347 1631 2404; x_wconf 85' lang='lat' dir='ltr'>hoee</span> <span class='ocrx_word' id='word_1_346' title='bbox 1652 2350 1693 2406; x_wconf 91' lang='lat' dir='ltr'>sic</span> <span class='ocrx_word' id='word_1_347' title='bbox 1707 2351 1758 2406; x_wconf 88' lang='lat' dir='ltr'>de·</span> 
     </span>
     <span class='ocr_line' id='line_1_27' title="bbox 17 2427 1757 2504; baseline 0.005 -21"><span class='ocrx_word' id='word_1_348' title='bbox 17 2451 70 2484; x_wconf 68' lang='lat' dir='ltr'>sss.</span> <span class='ocrx_word' id='word_1_349' title='bbox 82 2441 116 2486; x_wconf 85' lang='lat' dir='ltr'>er.</span> <span class='ocrx_word' id='word_1_350' title='bbox 165 2429 210 2486; x_wconf 78' lang='lat' dir='ltr'>al.</span> <span class='ocrx_word' id='word_1_351' title='bbox 235 2429 334 2486; x_wconf 75' lang='lat' dir='ltr'>Factus</span> <span class='ocrx_word' id='word_1_352' title='bbox 355 2441 392 2484; x_wconf 81' lang='lat' dir='ltr'>rr</span> <span class='ocrx_word' id='word_1_353' title='bbox 413 2441 533 2486; x_wconf 81' lang='lat' dir='ltr'>rumcau</span> <span class='ocrx_word' id='word_1_354' title='bbox 556 2441 801 2486; x_wconf 78' lang='lat' dir='ltr'>surranuunasus</span> <span class='ocrx_word' id='word_1_355' title='bbox 827 2443 922 2488; x_wconf 77' lang='lat' dir='ltr'>cornu</span> <span class='ocrx_word' id='word_1_356' title='bbox 940 2476 945 2486; x_wconf 96' lang='lat'><em>.</em></span> <span class='ocrx_word' id='word_1_357' title='bbox 965 2427 1067 2487; x_wconf 81' lang='lat' dir='ltr'>scribit</span> <span class='ocrx_word' id='word_1_358' title='bbox 1080 2448 1089 2486; x_wconf 74' lang='grc' dir='ltr'><strong><em>ε</em></strong></span> <span class='ocrx_word' id='word_1_359' title='bbox 1103 2433 1203 2501; x_wconf 79' lang='lat' dir='ltr'>«lma,</span> <span class='ocrx_word' id='word_1_360' title='bbox 1217 2433 1268 2501; x_wconf 92' lang='lat' dir='ltr'>ait,</span> <span class='ocrx_word' id='word_1_361' title='bbox 1278 2431 1367 2488; x_wconf 83' lang='lat' dir='ltr'>uestis</span> <span class='ocrx_word' id='word_1_362' title='bbox 1378 2430 1541 2487; x_wconf 87' lang='lat' dir='ltr'>ornabatur</span> <span class='ocrx_word' id='word_1_363' title='bbox 1554 2431 1648 2488; x_wconf 90' lang='lat' dir='ltr'>limbo</span> <span class='ocrx_word' id='word_1_364' title='bbox 1663 2433 1757 2504; x_wconf 79' lang='lat' dir='ltr'>eiilgia</span> 
     </span>
     <span class='ocr_line' id='line_1_28' title="bbox 14 2499 1757 2588; baseline 0.001 -18"><span class='ocrx_word' id='word_1_365' title='bbox 14 2499 104 2545; x_wconf 68' lang='lat' dir='ltr'>rena</span> <span class='ocrx_word' id='word_1_366' title='bbox 132 2507 351 2572; x_wconf 73' lang='lat' dir='ltr'>urscrnrn&#39;rusn.</span> <span class='ocrx_word' id='word_1_367' title='bbox 365 2539 401 2554; x_wconf 89' lang='lat'><em>-</em></span> <span class='ocrx_word' id='word_1_368' title='bbox 418 2511 483 2567; x_wconf 84' lang='lat' dir='ltr'>llaec</span> <span class='ocrx_word' id='word_1_369' title='bbox 494 2513 538 2570; x_wconf 89' lang='lat' dir='ltr'>est</span> <span class='ocrx_word' id='word_1_370' title='bbox 553 2510 639 2568; x_wconf 88' lang='lat' dir='ltr'>tertia</span> <span class='ocrx_word' id='word_1_371' title='bbox 654 2509 743 2568; x_wconf 82' lang='lat' dir='ltr'>uestis</span> <span class='ocrx_word' id='word_1_372' title='bbox 761 2511 920 2586; x_wconf 88' lang='lat' dir='ltr'>pontificis.</span> <span class='ocrx_word' id='word_1_373' title='bbox 964 2512 1114 2570; x_wconf 86' lang='lat' dir='ltr'>malorum</span> <span class='ocrx_word' id='word_1_374' title='bbox 1132 2515 1313 2588; x_wconf 89' lang='lat' dir='ltr'>punicorum</span> <span class='ocrx_word' id='word_1_375' title='bbox 1335 2514 1521 2583; x_wconf 89' lang='lat' dir='ltr'>distincto,a</span> <span class='ocrx_word' id='word_1_376' title='bbox 1539 2529 1601 2586; x_wconf 90' lang='lat' dir='ltr'>quo</span> <span class='ocrx_word' id='word_1_377' title='bbox 1619 2518 1647 2571; x_wconf 88' lang='lat' dir='ltr'>et</span> <span class='ocrx_word' id='word_1_378' title='bbox 1660 2516 1757 2573; x_wconf 89' lang='lat' dir='ltr'>tintin-</span> 
     </span>
     <span class='ocr_line' id='line_1_29' title="bbox 7 2561 1760 2680; baseline 0.002 -26"><span class='ocrx_word' id='word_1_379' title='bbox 7 2561 107 2680; x_wconf 49' lang='grc' dir='ltr'>ἓξὲξ.</span> <span class='ocrx_word' id='word_1_380' title='bbox 131 2597 227 2654; x_wconf 78' lang='lat' dir='ltr'>l’rima</span> <span class='ocrx_word' id='word_1_381' title='bbox 245 2594 325 2654; x_wconf 86' lang='lat' dir='ltr'>enim</span> <span class='ocrx_word' id='word_1_382' title='bbox 340 2597 402 2654; x_wconf 89' lang='lat' dir='ltr'>erat</span> <span class='ocrx_word' id='word_1_383' title='bbox 414 2593 533 2669; x_wconf 89' lang='lat' dir='ltr'>ephod,</span> <span class='ocrx_word' id='word_1_384' title='bbox 552 2594 682 2653; x_wconf 86' lang='lat' dir='ltr'>secunda</span> <span class='ocrx_word' id='word_1_385' title='bbox 695 2598 756 2654; x_wconf 88' lang='lat' dir='ltr'>erat</span> <span class='ocrx_word' id='word_1_386' title='bbox 769 2595 922 2665; x_wconf 85' lang='lat' dir='ltr'>rationale,</span> <span class='ocrx_word' id='word_1_387' title='bbox 964 2593 1077 2653; x_wconf 86' lang='lat' dir='ltr'>nabala</span> <span class='ocrx_word' id='word_1_388' title='bbox 1090 2612 1180 2654; x_wconf 89' lang='lat' dir='ltr'>aurea</span> <span class='ocrx_word' id='word_1_389' title='bbox 1193 2595 1234 2654; x_wconf 90' lang='lat' dir='ltr'>sic</span> <span class='ocrx_word' id='word_1_390' title='bbox 1249 2596 1472 2669; x_wconf 84' lang='lat' dir='ltr'>dependebant,</span> <span class='ocrx_word' id='word_1_391' title='bbox 1489 2600 1522 2652; x_wconf 89' lang='lat' dir='ltr'>ut</span> <span class='ocrx_word' id='word_1_392' title='bbox 1536 2598 1670 2654; x_wconf 90' lang='lat' dir='ltr'>medium</span> <span class='ocrx_word' id='word_1_393' title='bbox 1684 2604 1760 2657; x_wconf 87' lang='lat' dir='ltr'>asset</span> 
     </span>
     <span class='ocr_line' id='line_1_30' title="bbox 0 2677 1759 2756; baseline 0.002 -18"><span class='ocrx_word' id='word_1_394' title='bbox 0 2685 54 2734; x_wconf 71' lang='lat' dir='ltr'>rs.</span> <span class='ocrx_word' id='word_1_395' title='bbox 83 2687 118 2727; x_wconf 77' lang='lat' dir='ltr'>su·</span> <span class='ocrx_word' id='word_1_396' title='bbox 131 2681 214 2739; x_wconf 89' lang='lat' dir='ltr'>tertia</span> <span class='ocrx_word' id='word_1_397' title='bbox 227 2685 270 2738; x_wconf 83' lang='lat' dir='ltr'>est</span> <span class='ocrx_word' id='word_1_398' title='bbox 283 2679 345 2738; x_wconf 78' lang='lat' dir='ltr'>haec</span> <span class='ocrx_word' id='word_1_399' title='bbox 358 2678 468 2746; x_wconf 90' lang='lat' dir='ltr'>tunica,</span> <span class='ocrx_word' id='word_1_400' title='bbox 483 2692 551 2754; x_wconf 77' lang='lat' dir='ltr'>quae</span> <span class='ocrx_word' id='word_1_401' title='bbox 560 2677 687 2752; x_wconf 87' lang='lat' dir='ltr'>proinde</span> <span class='ocrx_word' id='word_1_402' title='bbox 699 2679 797 2736; x_wconf 90' lang='lat' dir='ltr'>tunica</span> <span class='ocrx_word' id='word_1_403' title='bbox 811 2679 922 2752; x_wconf 90' lang='lat' dir='ltr'>ephod,</span> <span class='ocrx_word' id='word_1_404' title='bbox 965 2679 1109 2756; x_wconf 80' lang='lat' dir='ltr'>quodque</span> <span class='ocrx_word' id='word_1_405' title='bbox 1118 2679 1231 2738; x_wconf 88' lang='lat' dir='ltr'>malum</span> <span class='ocrx_word' id='word_1_406' title='bbox 1241 2681 1385 2754; x_wconf 89' lang='lat' dir='ltr'>punicum</span> <span class='ocrx_word' id='word_1_407' title='bbox 1395 2679 1471 2736; x_wconf 87' lang='lat' dir='ltr'>inter</span> <span class='ocrx_word' id='word_1_408' title='bbox 1484 2681 1547 2736; x_wconf 91' lang='lat' dir='ltr'>duo</span> <span class='ocrx_word' id='word_1_409' title='bbox 1561 2681 1759 2741; x_wconf 87' lang='lat' dir='ltr'>tintinnabula</span> 
     </span>
     <span class='ocr_line' id='line_1_31' title="bbox 1 2745 1759 2851; baseline 0.001 -29"><span class='ocrx_word' id='word_1_410' title='bbox 1 2745 119 2851; x_wconf 53' lang='lat' dir='ltr'>fflffi</span> <span class='ocrx_word' id='word_1_411' title='bbox 132 2763 163 2822; x_wconf 93' lang='lat' dir='ltr'>id</span> <span class='ocrx_word' id='word_1_412' title='bbox 175 2770 218 2822; x_wconf 88' lang='lat' dir='ltr'>est</span> <span class='ocrx_word' id='word_1_413' title='bbox 229 2761 488 2842; x_wconf 85' lang='lat' dir='ltr'>superhumeralis,</span> <span class='ocrx_word' id='word_1_414' title='bbox 503 2759 627 2833; x_wconf 89' lang='lat' dir='ltr'>dicitur,</span> <span class='ocrx_word' id='word_1_415' title='bbox 639 2761 712 2836; x_wconf 87' lang='lat' dir='ltr'>quia</span> <span class='ocrx_word' id='word_1_416' title='bbox 721 2761 777 2837; x_wconf 91' lang='lat' dir='ltr'>ipsi</span> <span class='ocrx_word' id='word_1_417' title='bbox 786 2763 923 2837; x_wconf 87' lang='lat' dir='ltr'>proxima</span> <span class='ocrx_word' id='word_1_418' title='bbox 965 2763 1072 2833; x_wconf 90' lang='lat' dir='ltr'>situm,</span> <span class='ocrx_word' id='word_1_419' title='bbox 1083 2767 1112 2821; x_wconf 89' lang='lat' dir='ltr'>et</span> <span class='ocrx_word' id='word_1_420' title='bbox 1123 2763 1253 2820; x_wconf 83' lang='lat' dir='ltr'>uicissim</span> <span class='ocrx_word' id='word_1_421' title='bbox 1266 2761 1500 2820; x_wconf 87' lang='lat' dir='ltr'>tintinnabulum</span> <span class='ocrx_word' id='word_1_422' title='bbox 1513 2763 1588 2819; x_wconf 89' lang='lat' dir='ltr'>inter</span> <span class='ocrx_word' id='word_1_423' title='bbox 1602 2765 1664 2822; x_wconf 89' lang='lat' dir='ltr'>duo</span> <span class='ocrx_word' id='word_1_424' title='bbox 1679 2767 1759 2824; x_wconf 86' lang='lat' dir='ltr'>mala</span> 
     </span>
     <span class='ocr_line' id='line_1_32' title="bbox 8 2844 1759 2924; baseline 0.002 -21"><span class='ocrx_word' id='word_1_425' title='bbox 8 2888 27 2903; x_wconf 26' lang='grc' dir='ltr'>,ι</span> <span class='ocrx_word' id='word_1_426' title='bbox 78 2866 118 2912; x_wconf 79' lang='lat' dir='ltr'>ru</span> <span class='ocrx_word' id='word_1_427' title='bbox 131 2847 321 2906; x_wconf 87' lang='lat' dir='ltr'>incumbebat</span> <span class='ocrx_word' id='word_1_428' title='bbox 334 2844 434 2924; x_wconf 90' lang='lat' dir='ltr'>ephod</span> <span class='ocrx_word' id='word_1_429' title='bbox 454 2859 523 2903; x_wconf 89' lang='lat' dir='ltr'>eum</span> <span class='ocrx_word' id='word_1_430' title='bbox 542 2845 694 2917; x_wconf 67' lang='lat' dir='ltr'>catenali,</span> <span class='ocrx_word' id='word_1_431' title='bbox 714 2845 756 2903; x_wconf 86' lang='lat' dir='ltr'>ita</span> <span class='ocrx_word' id='word_1_432' title='bbox 775 2849 809 2902; x_wconf 88' lang='lat' dir='ltr'>ut</span> <span class='ocrx_word' id='word_1_433' title='bbox 823 2845 924 2921; x_wconf 87' lang='lat' dir='ltr'>ephod</span> <span class='ocrx_word' id='word_1_434' title='bbox 965 2847 1074 2922; x_wconf 89' lang='lat' dir='ltr'>punica</span> <span class='ocrx_word' id='word_1_435' title='bbox 1094 2865 1132 2903; x_wconf 77' lang='lat' dir='ltr'>:a</span> <span class='ocrx_word' id='word_1_436' title='bbox 1151 2851 1234 2904; x_wconf 88' lang='lat' dir='ltr'>erant</span> <span class='ocrx_word' id='word_1_437' title='bbox 1246 2861 1316 2917; x_wconf 88' lang='lat' dir='ltr'>ergo</span> <span class='ocrx_word' id='word_1_438' title='bbox 1330 2846 1496 2902; x_wconf 87' lang='lat' dir='ltr'>alternatim</span> <span class='ocrx_word' id='word_1_439' title='bbox 1509 2847 1564 2902; x_wconf 90' lang='lat' dir='ltr'>sita</span> <span class='ocrx_word' id='word_1_440' title='bbox 1577 2849 1688 2904; x_wconf 86' lang='lat' dir='ltr'>malum</span> <span class='ocrx_word' id='word_1_441' title='bbox 1703 2867 1759 2924; x_wconf 90' lang='lat' dir='ltr'>pu·</span> 
     </span>
     <span class='ocr_line' id='line_1_33' title="bbox 28 2927 1758 3006; baseline 0 -16"><span class='ocrx_word' id='word_1_442' title='bbox 28 2931 83 2972; x_wconf 71' lang='lat'><strong>¹¹¹¹·</strong></span> <span class='ocrx_word' id='word_1_443' title='bbox 130 2927 625 3006; x_wconf 76' lang='lat' dir='ltr'>immediatasuprahanctunleam</span> <span class='ocrx_word' id='word_1_444' title='bbox 634 2928 921 3005; x_wconf 87' lang='lat' dir='ltr'>indueretpontiicx.</span> <span class='ocrx_word' id='word_1_445' title='bbox 965 2929 1066 2988; x_wconf 90' lang='lat' dir='ltr'>nicum</span> <span class='ocrx_word' id='word_1_446' title='bbox 1080 2933 1109 2988; x_wconf 87' lang='lat' dir='ltr'>et</span> <span class='ocrx_word' id='word_1_447' title='bbox 1120 2929 1363 2988; x_wconf 89' lang='lat' dir='ltr'>tintinnabulum.</span> <span class='ocrx_word' id='word_1_448' title='bbox 1383 2929 1599 2986; x_wconf 79' lang='lat' dir='ltr'>Ecclesiasticus</span> <span class='ocrx_word' id='word_1_449' title='bbox 1614 2946 1679 3004; x_wconf 86' lang='lat' dir='ltr'>cap.</span> <span class='ocrx_word' id='word_1_450' title='bbox 1692 2947 1758 3004; x_wconf 81' lang='lat' dir='ltr'>xcv,</span> 
     </span>
     <span class='ocr_line' id='line_1_34' title="bbox 132 3013 1759 3089; baseline 0 -15"><span class='ocrx_word' id='word_1_451' title='bbox 132 3019 172 3074; x_wconf 89' lang='lat' dir='ltr'>lta</span> <span class='ocrx_word' id='word_1_452' title='bbox 184 3017 212 3076; x_wconf 87' lang='lat' dir='ltr'>S.</span> <span class='ocrx_word' id='word_1_453' title='bbox 225 3015 428 3089; x_wconf 81' lang='lat' dir='ltr'>Hieronymus.</span> <span class='ocrx_word' id='word_1_454' title='bbox 965 3029 1042 3073; x_wconf 76' lang='lat' dir='ltr'>vers.</span> <span class='ocrx_word' id='word_1_455' title='bbox 1056 3015 1106 3085; x_wconf 81' lang='lat' dir='ltr'>la,</span> <span class='ocrx_word' id='word_1_456' title='bbox 1119 3014 1249 3088; x_wconf 89' lang='lat' dir='ltr'>plurima</span> <span class='ocrx_word' id='word_1_457' title='bbox 1262 3013 1400 3071; x_wconf 85' lang='lat' dir='ltr'>caluisse</span> <span class='ocrx_word' id='word_1_458' title='bbox 1421 3013 1507 3083; x_wconf 91' lang='lat' dir='ltr'>dicit,</span> <span class='ocrx_word' id='word_1_459' title='bbox 1520 3015 1548 3070; x_wconf 89' lang='lat' dir='ltr'>S.</span> <span class='ocrx_word' id='word_1_460' title='bbox 1564 3015 1759 3089; x_wconf 71' lang='lat' dir='ltr'>hieronymus</span> 
     </span>
     <span class='ocr_line' id='line_1_35' title="bbox 0 3096 1759 3176; baseline 0.002 -22"><span class='ocrx_word' id='word_1_461' title='bbox 0 3111 91 3156; x_wconf 74' lang='lat' dir='ltr'>ramo.</span> <span class='ocrx_word' id='word_1_462' title='bbox 166 3103 238 3162; x_wconf 85' lang='lat' dir='ltr'>licta</span> <span class='ocrx_word' id='word_1_463' title='bbox 244 3104 335 3174; x_wconf 72' lang='lat' dir='ltr'>primo</span> <span class='ocrx_word' id='word_1_464' title='bbox 347 3118 356 3156; x_wconf 77' lang='grc' dir='ltr'><strong><em>ε</em></strong></span> <span class='ocrx_word' id='word_1_465' title='bbox 366 3101 431 3158; x_wconf 79' lang='lat' dir='ltr'>ilaec</span> <span class='ocrx_word' id='word_1_466' title='bbox 439 3098 541 3160; x_wconf 90' lang='lat' dir='ltr'>tunica</span> <span class='ocrx_word' id='word_1_467' title='bbox 547 3101 611 3158; x_wconf 85' lang='lat' dir='ltr'>crat</span> <span class='ocrx_word' id='word_1_468' title='bbox 618 3097 715 3157; x_wconf 86' lang='lat' dir='ltr'>laxior</span> <span class='ocrx_word' id='word_1_469' title='bbox 723 3113 815 3176; x_wconf 59' lang='lat' dir='ltr'>mam</span> <span class='ocrx_word' id='word_1_470' title='bbox 823 3096 924 3154; x_wconf 74' lang='lat' dir='ltr'>tunica</span> <span class='ocrx_word' id='word_1_471' title='bbox 966 3102 994 3157; x_wconf 88' lang='lat' dir='ltr'>et</span> <span class='ocrx_word' id='word_1_472' title='bbox 1006 3098 1153 3170; x_wconf 86' lang='lat' dir='ltr'>isidorus,</span> <span class='ocrx_word' id='word_1_473' title='bbox 1167 3097 1220 3156; x_wconf 92' lang='lat' dir='ltr'>lib.</span> <span class='ocrx_word' id='word_1_474' title='bbox 1234 3099 1246 3156; x_wconf 90' lang='lat'>1</span> <span class='ocrx_word' id='word_1_475' title='bbox 1260 3099 1377 3168; x_wconf 75' lang='lat' dir='ltr'>Etumoi.</span> <span class='ocrx_word' id='word_1_476' title='bbox 1393 3111 1456 3167; x_wconf 80' lang='lat' dir='ltr'>nnn,</span> <span class='ocrx_word' id='word_1_477' title='bbox 1468 3096 1589 3168; x_wconf 73' lang='lat' dir='ltr'>praecise</span> <span class='ocrx_word' id='word_1_478' title='bbox 1602 3104 1759 3157; x_wconf 84' lang='lat' dir='ltr'>numerant</span> 
     </span>
     <span class='ocr_line' id='line_1_36' title="bbox 132 3178 1759 3260; baseline -0.001 -19"><span class='ocrx_word' id='word_1_479' title='bbox 132 3184 245 3256; x_wconf 87' lang='lat' dir='ltr'>stricta,</span> <span class='ocrx_word' id='word_1_480' title='bbox 258 3184 321 3244; x_wconf 86' lang='lat' dir='ltr'>sive</span> <span class='ocrx_word' id='word_1_481' title='bbox 332 3183 429 3250; x_wconf 87' lang='lat' dir='ltr'>linea,</span> <span class='ocrx_word' id='word_1_482' title='bbox 442 3183 480 3241; x_wconf 87' lang='lat' dir='ltr'>de</span> <span class='ocrx_word' id='word_1_483' title='bbox 493 3198 643 3260; x_wconf 80' lang='lat' dir='ltr'>quarens.</span> <span class='ocrx_word' id='word_1_484' title='bbox 657 3184 710 3253; x_wconf 82' lang='lat' dir='ltr'>tu,</span> <span class='ocrx_word' id='word_1_485' title='bbox 724 3185 813 3256; x_wconf 86' lang='lat' dir='ltr'>atque</span> <span class='ocrx_word' id='word_1_486' title='bbox 826 3181 867 3238; x_wconf 85' lang='lat' dir='ltr'>ed</span> <span class='ocrx_word' id='word_1_487' title='bbox 881 3183 923 3239; x_wconf 89' lang='lat' dir='ltr'>ta·</span> <span class='ocrx_word' id='word_1_488' title='bbox 966 3183 1028 3240; x_wconf 94' lang='lat' dir='ltr'>duo</span> <span class='ocrx_word' id='word_1_489' title='bbox 1043 3186 1073 3239; x_wconf 91' lang='lat' dir='ltr'>et</span> <span class='ocrx_word' id='word_1_490' title='bbox 1083 3181 1268 3257; x_wconf 77' lang='lat' dir='ltr'>septuaginta</span> <span class='ocrx_word' id='word_1_491' title='bbox 1281 3180 1360 3238; x_wconf 91' lang='lat' dir='ltr'>mala</span> <span class='ocrx_word' id='word_1_492' title='bbox 1372 3178 1499 3254; x_wconf 85' lang='lat' dir='ltr'>punica,</span> <span class='ocrx_word' id='word_1_493' title='bbox 1513 3185 1542 3236; x_wconf 86' lang='lat' dir='ltr'>et</span> <span class='ocrx_word' id='word_1_494' title='bbox 1562 3181 1684 3238; x_wconf 87' lang='lat' dir='ltr'>totidem</span> <span class='ocrx_word' id='word_1_495' title='bbox 1703 3183 1759 3239; x_wconf 90' lang='lat' dir='ltr'>tin·</span> 
     </span>
     <span class='ocr_line' id='line_1_37' title="bbox 131 3263 1425 3344; baseline -0.002 -19"><span class='ocrx_word' id='word_1_496' title='bbox 131 3268 177 3327; x_wconf 90' lang='lat' dir='ltr'>los</span> <span class='ocrx_word' id='word_1_497' title='bbox 195 3283 290 3344; x_wconf 85' lang='lat' dir='ltr'>usque</span> <span class='ocrx_word' id='word_1_498' title='bbox 308 3265 516 3326; x_wconf 88' lang='lat' dir='ltr'>descendebat.</span> <span class='ocrx_word' id='word_1_499' title='bbox 536 3267 617 3326; x_wconf 88' lang='lat' dir='ltr'>Unde</span> <span class='ocrx_word' id='word_1_500' title='bbox 637 3265 924 3344; x_wconf 84' lang='lat' dir='ltr'>aSeptueglntavo-</span> <span class='ocrx_word' id='word_1_501' title='bbox 965 3263 1130 3324; x_wconf 88' lang='lat' dir='ltr'>tinnabula.</span> <span class='ocrx_word' id='word_1_502' title='bbox 1422 3291 1425 3298; x_wconf 39' lang='lat' dir='ltr'><em>v</em></span> 
     </span>
    </p>

    <p class='ocr_par' dir='ltr' id='par_1_10' title="bbox 132 3345 1760 4016">
     <span class='ocr_line' id='line_1_38' title="bbox 132 3345 1759 3428; baseline -0.001 -17"><span class='ocrx_word' id='word_1_503' title='bbox 132 3358 214 3412; x_wconf 90' lang='lat' dir='ltr'>catur</span> <span class='ocrx_word' id='word_1_504' title='bbox 226 3349 342 3424; x_wconf 71' lang='grc' dir='ltr'>ποδήρης,</span> <span class='ocrx_word' id='word_1_505' title='bbox 357 3353 403 3406; x_wconf 69' lang='lat' dir='ltr'>tat</span> <span class='ocrx_word' id='word_1_506' title='bbox 416 3358 456 3405; x_wconf 76' lang='grc' dir='ltr'>τοῦ</span> <span class='ocrx_word' id='word_1_507' title='bbox 468 3345 556 3420; x_wconf 62' lang='grc' dir='ltr'>ποδός,</span> <span class='ocrx_word' id='word_1_508' title='bbox 575 3350 661 3428; x_wconf 85' lang='lat' dir='ltr'>quod</span> <span class='ocrx_word' id='word_1_509' title='bbox 671 3365 768 3426; x_wconf 83' lang='lat' dir='ltr'>usque</span> <span class='ocrx_word' id='word_1_510' title='bbox 778 3347 819 3406; x_wconf 90' lang='lat' dir='ltr'>ad</span> <span class='ocrx_word' id='word_1_511' title='bbox 831 3346 922 3422; x_wconf 88' lang='lat' dir='ltr'>pedes</span> <span class='ocrx_word' id='word_1_512' title='bbox 1001 3353 1046 3407; x_wconf 75' lang='lat'>35.</span> <span class='ocrx_word' id='word_1_513' title='bbox 1061 3351 1102 3406; x_wconf 86' lang='lat' dir='ltr'>ttr</span> <span class='ocrx_word' id='word_1_514' title='bbox 1116 3363 1259 3407; x_wconf 74' lang='lat' dir='ltr'>scaurus</span> <span class='ocrx_word' id='word_1_515' title='bbox 1272 3361 1401 3418; x_wconf 84' lang='lat' dir='ltr'>scurrus,</span> <span class='ocrx_word' id='word_1_516' title='bbox 1415 3359 1529 3416; x_wconf 77' lang='lat' dir='ltr'>cusano</span> <span class='ocrx_word' id='word_1_517' title='bbox 1542 3362 1711 3407; x_wconf 79' lang='lat' dir='ltr'>moranum</span> <span class='ocrx_word' id='word_1_518' title='bbox 1724 3363 1759 3410; x_wconf 78' lang='grc' dir='ltr'>ιτ</span> 
     </span>
     <span class='ocr_line' id='line_1_39' title="bbox 132 3435 1760 3515; baseline -0.002 -19"><span class='ocrx_word' id='word_1_519' title='bbox 132 3441 207 3496; x_wconf 89' lang='lat' dir='ltr'>esset</span> <span class='ocrx_word' id='word_1_520' title='bbox 219 3435 376 3515; x_wconf 88' lang='lat' dir='ltr'>promlssa.</span> <span class='ocrx_word' id='word_1_521' title='bbox 965 3447 1124 3492; x_wconf 77' lang='lat' dir='ltr'>suasanus</span> <span class='ocrx_word' id='word_1_522' title='bbox 1146 3445 1338 3491; x_wconf 80' lang='lat' dir='ltr'>saucruunrnu</span> <span class='ocrx_word' id='word_1_523' title='bbox 1359 3445 1388 3488; x_wconf 80' lang='lat' dir='ltr'>us</span> <span class='ocrx_word' id='word_1_524' title='bbox 1408 3445 1564 3489; x_wconf 82' lang='lat' dir='ltr'>cousrrcru</span> <span class='ocrx_word' id='word_1_525' title='bbox 1585 3435 1704 3505; x_wconf 79' lang='lat' dir='ltr'>bonaur,</span> <span class='ocrx_word' id='word_1_526' title='bbox 1725 3449 1760 3492; x_wconf 80' lang='lat' dir='ltr'>rr</span> 
     </span>
     <span class='ocr_line' id='line_1_40' title="bbox 167 3515 1760 3593; baseline -0.003 -13"><span class='ocrx_word' id='word_1_527' title='bbox 167 3521 299 3589; x_wconf 83' lang='lat' dir='ltr'>Secundo,</span> <span class='ocrx_word' id='word_1_528' title='bbox 322 3519 462 3579; x_wconf 77' lang='lat' dir='ltr'>arathae</span> <span class='ocrx_word' id='word_1_529' title='bbox 481 3519 580 3577; x_wconf 80' lang='lat' dir='ltr'>arniea</span> <span class='ocrx_word' id='word_1_530' title='bbox 591 3517 799 3593; x_wconf 83' lang='lat' dir='ltr'>hyacinthina,</span> <span class='ocrx_word' id='word_1_531' title='bbox 817 3516 850 3574; x_wconf 92' lang='lat' dir='ltr'>id</span> <span class='ocrx_word' id='word_1_532' title='bbox 868 3519 922 3589; x_wconf 87' lang='lat' dir='ltr'>est,</span> <span class='ocrx_word' id='word_1_533' title='bbox 965 3533 1023 3575; x_wconf 81' lang='lat' dir='ltr'>acu</span> <span class='ocrx_word' id='word_1_534' title='bbox 1036 3531 1197 3586; x_wconf 80' lang='lat' dir='ltr'>uouurua,</span> <span class='ocrx_word' id='word_1_535' title='bbox 1210 3515 1290 3572; x_wconf 91' lang='lat' dir='ltr'>-id</span> <span class='ocrx_word' id='word_1_536' title='bbox 1304 3521 1360 3585; x_wconf 87' lang='lat' dir='ltr'>est,</span> <span class='ocrx_word' id='word_1_537' title='bbox 1375 3518 1408 3572; x_wconf 90' lang='lat' dir='ltr'>ut</span> <span class='ocrx_word' id='word_1_538' title='bbox 1427 3529 1488 3572; x_wconf 92' lang='lat' dir='ltr'>nou</span> <span class='ocrx_word' id='word_1_539' title='bbox 1510 3516 1653 3574; x_wconf 83' lang='lat' dir='ltr'>moriatur</span> <span class='ocrx_word' id='word_1_540' title='bbox 1669 3533 1760 3592; x_wconf 85' lang='lat' dir='ltr'>prop-</span> 
     </span>
     <span class='ocr_line' id='line_1_41' title="bbox 132 3598 1759 3677; baseline -0.002 -13"><span class='ocrx_word' id='word_1_541' title='bbox 132 3605 208 3664; x_wconf 86' lang='lat' dir='ltr'>facta</span> <span class='ocrx_word' id='word_1_542' title='bbox 220 3622 257 3666; x_wconf 85' lang='lat' dir='ltr'>ex</span> <span class='ocrx_word' id='word_1_543' title='bbox 270 3604 340 3664; x_wconf 91' lang='lat' dir='ltr'>lana</span> <span class='ocrx_word' id='word_1_544' title='bbox 359 3603 565 3677; x_wconf 84' lang='lat' dir='ltr'>hyacinthina,</span> <span class='ocrx_word' id='word_1_545' title='bbox 584 3602 646 3660; x_wconf 87' lang='lat' dir='ltr'>siva</span> <span class='ocrx_word' id='word_1_546' title='bbox 658 3601 782 3660; x_wconf 87' lang='lat' dir='ltr'>violacei</span> <span class='ocrx_word' id='word_1_547' title='bbox 797 3599 920 3671; x_wconf 84' lang='lat' dir='ltr'>coloris3</span> <span class='ocrx_word' id='word_1_548' title='bbox 965 3605 1009 3658; x_wconf 89' lang='lat' dir='ltr'>ter</span> <span class='ocrx_word' id='word_1_549' title='bbox 1022 3598 1254 3658; x_wconf 88' lang='lat' dir='ltr'>inobedientiam</span> <span class='ocrx_word' id='word_1_550' title='bbox 1270 3615 1278 3654; x_wconf 90' lang='lat'>:</span> <span class='ocrx_word' id='word_1_551' title='bbox 1293 3598 1362 3654; x_wconf 89' lang='lat' dir='ltr'>volo</span> <span class='ocrx_word' id='word_1_552' title='bbox 1380 3598 1460 3654; x_wconf 88' lang='lat' dir='ltr'>enim</span> <span class='ocrx_word' id='word_1_553' title='bbox 1478 3603 1507 3654; x_wconf 87' lang='lat' dir='ltr'>et</span> <span class='ocrx_word' id='word_1_554' title='bbox 1522 3599 1615 3670; x_wconf 86' lang='lat' dir='ltr'>jubeo</span> <span class='ocrx_word' id='word_1_555' title='bbox 1630 3603 1759 3660; x_wconf 88' lang='lat' dir='ltr'>sonitum</span> 
     </span>
     <span class='ocr_line' id='line_1_42' title="bbox 132 3681 1759 3762; baseline -0.002 -15"><span class='ocrx_word' id='word_1_556' title='bbox 132 3688 317 3762; x_wconf 84' lang='lat' dir='ltr'>significabat</span> <span class='ocrx_word' id='word_1_557' title='bbox 334 3687 415 3746; x_wconf 90' lang='lat' dir='ltr'>enim</span> <span class='ocrx_word' id='word_1_558' title='bbox 434 3685 593 3746; x_wconf 89' lang='lat' dir='ltr'>sacerdotis</span> <span class='ocrx_word' id='word_1_559' title='bbox 614 3685 707 3742; x_wconf 88' lang='lat' dir='ltr'>vitam</span> <span class='ocrx_word' id='word_1_560' title='bbox 727 3683 835 3741; x_wconf 87' lang='lat' dir='ltr'>debere</span> <span class='ocrx_word' id='word_1_561' title='bbox 859 3697 922 3740; x_wconf 86' lang='lat' dir='ltr'>esse</span> <span class='ocrx_word' id='word_1_562' title='bbox 965 3681 1345 3759; x_wconf 86' lang='lat' dir='ltr'>pontilicis,putapulsum</span> <span class='ocrx_word' id='word_1_563' title='bbox 1355 3681 1623 3741; x_wconf 88' lang='lat' dir='ltr'>tintinnabulorum</span> <span class='ocrx_word' id='word_1_564' title='bbox 1633 3687 1697 3756; x_wconf 89' lang='lat' dir='ltr'>ejus</span> <span class='ocrx_word' id='word_1_565' title='bbox 1707 3703 1759 3744; x_wconf 91' lang='lat' dir='ltr'>au·</span> 
     </span>
     <span class='ocr_line' id='line_1_43' title="bbox 133 3764 1760 3849; baseline -0.004 -15"><span class='ocrx_word' id='word_1_566' title='bbox 133 3775 290 3842; x_wconf 88' lang='lat' dir='ltr'>coelestem,</span> <span class='ocrx_word' id='word_1_567' title='bbox 305 3772 396 3849; x_wconf 87' lang='lat' dir='ltr'>idque</span> <span class='ocrx_word' id='word_1_568' title='bbox 410 3787 505 3848; x_wconf 88' lang='lat' dir='ltr'>usque</span> <span class='ocrx_word' id='word_1_569' title='bbox 519 3771 559 3828; x_wconf 92' lang='lat' dir='ltr'>ad</span> <span class='ocrx_word' id='word_1_570' title='bbox 571 3769 663 3828; x_wconf 86' lang='lat' dir='ltr'>finem</span> <span class='ocrx_word' id='word_1_571' title='bbox 675 3789 683 3826; x_wconf 76' lang='lat' dir='ltr'><strong><em>z</em></strong></span> <span class='ocrx_word' id='word_1_572' title='bbox 695 3770 761 3843; x_wconf 88' lang='lat' dir='ltr'>ipsa</span> <span class='ocrx_word' id='word_1_573' title='bbox 775 3783 846 3840; x_wconf 88' lang='lat' dir='ltr'>argo</span> <span class='ocrx_word' id='word_1_574' title='bbox 859 3782 924 3824; x_wconf 71' lang='lat' dir='ltr'>mo</span> <span class='ocrx_word' id='word_1_575' title='bbox 966 3769 1024 3826; x_wconf 86' lang='lat' dir='ltr'>diri</span> <span class='ocrx_word' id='word_1_576' title='bbox 1036 3768 1068 3824; x_wconf 91' lang='lat' dir='ltr'>in</span> <span class='ocrx_word' id='word_1_577' title='bbox 1080 3767 1215 3839; x_wconf 83' lang='lat' dir='ltr'>ingressu</span> <span class='ocrx_word' id='word_1_578' title='bbox 1232 3769 1261 3822; x_wconf 88' lang='lat' dir='ltr'>et</span> <span class='ocrx_word' id='word_1_579' title='bbox 1279 3780 1399 3835; x_wconf 89' lang='lat' dir='ltr'>egressu</span> <span class='ocrx_word' id='word_1_580' title='bbox 1416 3764 1614 3837; x_wconf 88' lang='lat' dir='ltr'>tabernaculi,</span> <span class='ocrx_word' id='word_1_581' title='bbox 1630 3771 1669 3826; x_wconf 90' lang='lat' dir='ltr'>ad</span> <span class='ocrx_word' id='word_1_582' title='bbox 1683 3771 1760 3827; x_wconf 86' lang='lat' dir='ltr'>exci-</span> 
     </span>
     <span class='ocr_line' id='line_1_44' title="bbox 132 3849 1758 3928; baseline -0.004 -10"><span class='ocrx_word' id='word_1_583' title='bbox 132 3860 221 3918; x_wconf 89' lang='lat' dir='ltr'>nebat</span> <span class='ocrx_word' id='word_1_584' title='bbox 235 3856 431 3926; x_wconf 88' lang='lat' dir='ltr'>sacerdotem,</span> <span class='ocrx_word' id='word_1_585' title='bbox 450 3859 485 3912; x_wconf 88' lang='lat' dir='ltr'>ut</span> <span class='ocrx_word' id='word_1_586' title='bbox 501 3855 564 3928; x_wconf 89' lang='lat' dir='ltr'>ipse</span> <span class='ocrx_word' id='word_1_587' title='bbox 582 3853 639 3910; x_wconf 90' lang='lat' dir='ltr'>hoc</span> <span class='ocrx_word' id='word_1_588' title='bbox 660 3869 715 3909; x_wconf 93' lang='lat' dir='ltr'>suo</span> <span class='ocrx_word' id='word_1_589' title='bbox 735 3852 834 3911; x_wconf 90' lang='lat' dir='ltr'>colore</span> <span class='ocrx_word' id='word_1_590' title='bbox 853 3866 923 3909; x_wconf 88' lang='lat' dir='ltr'>eon·</span> <span class='ocrx_word' id='word_1_591' title='bbox 966 3852 1088 3910; x_wconf 85' lang='lat' dir='ltr'>landam</span> <span class='ocrx_word' id='word_1_592' title='bbox 1101 3851 1133 3907; x_wconf 94' lang='lat' dir='ltr'>in</span> <span class='ocrx_word' id='word_1_593' title='bbox 1149 3865 1185 3907; x_wconf 91' lang='lat' dir='ltr'>eo</span> <span class='ocrx_word' id='word_1_594' title='bbox 1200 3851 1229 3906; x_wconf 90' lang='lat' dir='ltr'>et</span> <span class='ocrx_word' id='word_1_595' title='bbox 1242 3850 1272 3904; x_wconf 93' lang='lat' dir='ltr'>in</span> <span class='ocrx_word' id='word_1_596' title='bbox 1286 3849 1401 3920; x_wconf 91' lang='lat' dir='ltr'>populo</span> <span class='ocrx_word' id='word_1_597' title='bbox 1414 3851 1608 3908; x_wconf 81' lang='lat' dir='ltr'>reverentiam</span> <span class='ocrx_word' id='word_1_598' title='bbox 1620 3853 1694 3910; x_wconf 90' lang='lat' dir='ltr'>mlbl</span> <span class='ocrx_word' id='word_1_599' title='bbox 1708 3855 1758 3912; x_wconf 88' lang='lat' dir='ltr'>de·</span> 
     </span>
     <span class='ocr_line' id='line_1_45' title="bbox 132 3932 1760 4016; baseline -0.001 -18"><span class='ocrx_word' id='word_1_600' title='bbox 132 3947 244 4016; x_wconf 92' lang='lat' dir='ltr'>specto,</span> <span class='ocrx_word' id='word_1_601' title='bbox 257 3943 386 3997; x_wconf 87' lang='lat' dir='ltr'>mentem</span> <span class='ocrx_word' id='word_1_602' title='bbox 399 3938 429 3995; x_wconf 92' lang='lat' dir='ltr'>in</span> <span class='ocrx_word' id='word_1_603' title='bbox 444 3937 570 3994; x_wconf 86' lang='lat' dir='ltr'>coelestia</span> <span class='ocrx_word' id='word_1_604' title='bbox 586 3935 764 4002; x_wconf 82' lang='lat' dir='ltr'>sublevaret,</span> <span class='ocrx_word' id='word_1_605' title='bbox 778 3935 818 3990; x_wconf 92' lang='lat' dir='ltr'>ait</span> <span class='ocrx_word' id='word_1_606' title='bbox 830 3935 923 3990; x_wconf 81' lang='lat' dir='ltr'>Theo·</span> <span class='ocrx_word' id='word_1_607' title='bbox 966 3935 1069 4005; x_wconf 84' lang='lat' dir='ltr'>bitum,</span> <span class='ocrx_word' id='word_1_608' title='bbox 1080 3933 1215 3990; x_wconf 85' lang='lat' dir='ltr'>uidelicet</span> <span class='ocrx_word' id='word_1_609' title='bbox 1225 3947 1262 3987; x_wconf 86' lang='lat' dir='ltr'>ne</span> <span class='ocrx_word' id='word_1_610' title='bbox 1272 3932 1396 3987; x_wconf 90' lang='lat' dir='ltr'>domum</span> <span class='ocrx_word' id='word_1_611' title='bbox 1410 3947 1507 3989; x_wconf 87' lang='lat' dir='ltr'>meam</span> <span class='ocrx_word' id='word_1_612' title='bbox 1520 3934 1609 3992; x_wconf 87' lang='lat' dir='ltr'>intret</span> <span class='ocrx_word' id='word_1_613' title='bbox 1618 3937 1674 3994; x_wconf 89' lang='lat' dir='ltr'>nisi</span> <span class='ocrx_word' id='word_1_614' title='bbox 1684 3953 1760 4010; x_wconf 73' lang='lat' dir='ltr'>praa·</span> 
     </span>
    </p>
   </div>
   <div class='ocr_carea' id='block_1_8' title="bbox 132 4015 1760 4096">
    <p class='ocr_par' dir='ltr' id='par_1_11' title="bbox 132 4015 1760 4096">
     <span class='ocr_line' id='line_1_46' title="bbox 132 4015 1760 4096; baseline -0.01 -12"><span class='ocrx_word' id='word_1_615' title='bbox 132 4026 263 4096; x_wconf 80' lang='lat' dir='ltr'>curcua,</span> <span class='ocrx_word' id='word_1_616' title='bbox 275 4019 568 4096; x_wconf 86' lang='lat' dir='ltr'>acproindecuraret</span> <span class='ocrx_word' id='word_1_617' title='bbox 580 4016 882 4092; x_wconf 86' lang='lat' dir='ltr'>eorpushabereleve</span> <span class='ocrx_word' id='word_1_618' title='bbox 894 4019 923 4072; x_wconf 91' lang='lat' dir='ltr'>et</span> <span class='ocrx_word' id='word_1_619' title='bbox 966 4019 1015 4077; x_wconf 86' lang='lat' dir='ltr'>uio</span> <span class='ocrx_word' id='word_1_620' title='bbox 1036 4018 1143 4092; x_wconf 89' lang='lat' dir='ltr'>pulsu,</span> <span class='ocrx_word' id='word_1_621' title='bbox 1158 4031 1220 4072; x_wconf 92' lang='lat' dir='ltr'>non</span> <span class='ocrx_word' id='word_1_622' title='bbox 1239 4030 1329 4088; x_wconf 90' lang='lat' dir='ltr'>quem</span> <span class='ocrx_word' id='word_1_623' title='bbox 1349 4030 1406 4086; x_wconf 86' lang='lat' dir='ltr'>ego</span> <span class='ocrx_word' id='word_1_624' title='bbox 1426 4015 1529 4073; x_wconf 80' lang='lat' dir='ltr'>audire</span> <span class='ocrx_word' id='word_1_625' title='bbox 1549 4019 1685 4092; x_wconf 83' lang='lat' dir='ltr'>cupiam,</span> <span class='ocrx_word' id='word_1_626' title='bbox 1707 4023 1760 4081; x_wconf 64' lang='lat' dir='ltr'>sed</span> 
     </span>
    </p>
   </div>
   <div class='ocr_carea' id='block_1_9' title="bbox 1774 363 1879 662">
    <p class='ocr_par' dir='ltr' id='par_1_12' title="bbox 1774 363 1879 482">
     <span class='ocr_line' id='line_1_47' title="bbox 1774 363 1879 418; baseline 0.038 -12"><span class='ocrx_word' id='word_1_627' title='bbox 1774 363 1833 408; x_wconf 79' lang='lat' dir='ltr'>vers.</span> <span class='ocrx_word' id='word_1_628' title='bbox 1845 368 1879 418; x_wconf 71' lang='lat' dir='ltr'>tt.</span> 
     </span>
     <span class='ocr_line' id='line_1_48' title="bbox 1796 424 1857 482; baseline 0.049 -15"><span class='ocrx_word' id='word_1_629' title='bbox 1796 424 1857 482; x_wconf 83' lang='lat' dir='ltr'>Gepi-</span> 
     </span>
    </p>

    <p class='ocr_par' dir='ltr' id='par_1_13' title="bbox 1774 484 1877 662">
     <span class='ocr_line' id='line_1_49' title="bbox 1774 484 1877 530; baseline 0.039 -4"><span class='ocrx_word' id='word_1_630' title='bbox 1774 484 1877 530; x_wconf 88' lang='lat' dir='ltr'>tiumtu·</span> 
     </span>
     <span class='ocr_line' id='line_1_50' title="bbox 1800 547 1852 591; baseline 0.038 -2"><span class='ocrx_word' id='word_1_631' title='bbox 1800 547 1852 591; x_wconf 74' lang='lat' dir='ltr'>nica</span> 
     </span>
     <span class='ocr_line' id='line_1_51' title="bbox 1786 606 1863 662; baseline 0.026 -14"><span class='ocrx_word' id='word_1_632' title='bbox 1786 606 1863 662; x_wconf 80' lang='lat' dir='ltr'>qarodi</span> 
     </span>
    </p>
   </div>
   <div class='ocr_carea' id='block_1_10' title="bbox 1771 2119 1874 2166">
    <p class='ocr_par' dir='ltr' id='par_1_14' title="bbox 1771 2119 1874 2166">
     <span class='ocr_line' id='line_1_52' title="bbox 1771 2119 1874 2166; baseline 0.029 -3"><span class='ocrx_word' id='word_1_633' title='bbox 1771 2119 1829 2164; x_wconf 75' lang='lat' dir='ltr'>vers.</span> <span class='ocrx_word' id='word_1_634' title='bbox 1840 2124 1874 2166; x_wconf 76' lang='lat' dir='ltr'>tl.</span> 
     </span>
    </p>
   </div>
   <div class='ocr_carea' id='block_1_11' title="bbox 1770 2367 1878 2596">
    <p class='ocr_par' dir='ltr' id='par_1_15' title="bbox 1770 2367 1878 2596">
     <span class='ocr_line' id='line_1_53' title="bbox 1771 2367 1878 2426; baseline 0.019 -14"><span class='ocrx_word' id='word_1_635' title='bbox 1771 2367 1828 2414; x_wconf 74' lang='lat' dir='ltr'>liuta</span> <span class='ocrx_word' id='word_1_636' title='bbox 1837 2382 1878 2426; x_wconf 89' lang='lat' dir='ltr'>pu·</span> 
     </span>
     <span class='ocr_line' id='line_1_54' title="bbox 1770 2431 1876 2477; baseline 0 -3"><span class='ocrx_word' id='word_1_637' title='bbox 1770 2431 1818 2475; x_wconf 83' lang='lat' dir='ltr'>ntea</span> <span class='ocrx_word' id='word_1_638' title='bbox 1854 2436 1876 2477; x_wconf 83' lang='lat' dir='ltr'>et</span> 
     </span>
     <span class='ocr_line' id='line_1_55' title="bbox 1770 2492 1878 2538; baseline 0.028 -3"><span class='ocrx_word' id='word_1_639' title='bbox 1770 2492 1878 2538; x_wconf 71' lang='lat' dir='ltr'>trutan-</span> 
     </span>
     <span class='ocr_line' id='line_1_56' title="bbox 1771 2550 1831 2596; baseline 0.017 -1"><span class='ocrx_word' id='word_1_640' title='bbox 1771 2550 1831 2596; x_wconf 79' lang='lat' dir='ltr'>buta.</span> 
     </span>
    </p>
   </div>
   <div class='ocr_carea' id='block_1_12' title="bbox 1772 3369 1974 3434">
    <p class='ocr_par' dir='ltr' id='par_1_16' title="bbox 1772 3369 1974 3434">
     <span class='ocr_line' id='line_1_57' title="bbox 1772 3369 1974 3434; baseline 0.01 -21"><span class='ocrx_word' id='word_1_641' title='bbox 1772 3369 1831 3416; x_wconf 79' lang='lat' dir='ltr'>llere.</span> <span class='ocrx_word' id='word_1_642' title='bbox 1842 3375 1876 3416; x_wconf 77' lang='lat'>³5.</span> <span class='ocrx_word' id='word_1_643' title='bbox 1971 3425 1974 3434; x_wconf 36' lang='grc' dir='ltr'><strong><em>Ι</em></strong></span> 
     </span>
    </p>
   </div>
   <div class='ocr_carea' id='block_1_13' title="bbox 132 4097 1882 4175">
    <p class='ocr_par' dir='ltr' id='par_1_17' title="bbox 132 4097 1882 4175">
     <span class='ocr_line' id='line_1_58' title="bbox 132 4097 1882 4175; baseline -0.005 -5"><span class='ocrx_word' id='word_1_644' title='bbox 132 4123 252 4170; x_wconf 87' lang='lat' dir='ltr'>aereum</span> <span class='ocrx_word' id='word_1_645' title='bbox 266 4121 302 4164; x_wconf 81' lang='lat' dir='ltr'>ex</span> <span class='ocrx_word' id='word_1_646' title='bbox 315 4103 473 4164; x_wconf 79' lang='lat' dir='ltr'>sobrietate</span> <span class='ocrx_word' id='word_1_647' title='bbox 485 4107 515 4162; x_wconf 88' lang='lat' dir='ltr'>et</span> <span class='ocrx_word' id='word_1_648' title='bbox 526 4101 621 4158; x_wconf 85' lang='lat' dir='ltr'>uictus</span> <span class='ocrx_word' id='word_1_649' title='bbox 633 4097 787 4170; x_wconf 90' lang='lat' dir='ltr'>tenuitate,</span> <span class='ocrx_word' id='word_1_650' title='bbox 801 4099 842 4156; x_wconf 92' lang='lat' dir='ltr'>ait</span> <span class='ocrx_word' id='word_1_651' title='bbox 852 4101 922 4172; x_wconf 77' lang='lat' dir='ltr'>Nys</span> <span class='ocrx_word' id='word_1_652' title='bbox 967 4117 1058 4175; x_wconf 88' lang='lat' dir='ltr'>quem</span> <span class='ocrx_word' id='word_1_653' title='bbox 1077 4101 1140 4174; x_wconf 88' lang='lat' dir='ltr'>ipse</span> <span class='ocrx_word' id='word_1_654' title='bbox 1160 4099 1203 4156; x_wconf 90' lang='lat' dir='ltr'>uti</span> <span class='ocrx_word' id='word_1_655' title='bbox 1224 4101 1252 4155; x_wconf 92' lang='lat' dir='ltr'>et</span> <span class='ocrx_word' id='word_1_656' title='bbox 1268 4098 1549 4172; x_wconf 88' lang='lat' dir='ltr'>populusaudiens,</span> <span class='ocrx_word' id='word_1_657' title='bbox 1564 4103 1760 4163; x_wconf 84' lang='lat' dir='ltr'>admoncatur</span> <span class='ocrx_word' id='word_1_658' title='bbox 1878 4121 1882 4128; x_wconf 89' lang='lat'><em>·</em></span> 
     </span>
    </p>
   </div>
   <div class='ocr_carea' id='block_1_14' title="bbox 90 4182 1761 4934">
    <p class='ocr_par' dir='ltr' id='par_1_18' title="bbox 90 4182 1758 4344">
     <span class='ocr_line' id='line_1_59' title="bbox 133 4182 1758 4257; baseline -0.009 -5"><span class='ocrx_word' id='word_1_659' title='bbox 133 4207 231 4254; x_wconf 85' lang='lat' dir='ltr'>sanus.</span> <span class='ocrx_word' id='word_1_660' title='bbox 967 4182 1758 4257; x_wconf 53' lang='lat' dir='ltr'>majestatismeae,aujustemplumingrediundum</span> 
     </span>
     <span class='ocr_line' id='line_1_60' title="bbox 90 4263 1405 4344; baseline -0.01 -10"><span class='ocrx_word' id='word_1_661' title='bbox 90 4320 96 4334; x_wconf 95' lang='lat'><strong>.</strong></span> <span class='ocrx_word' id='word_1_662' title='bbox 169 4279 276 4344; x_wconf 79' lang='lat' dir='ltr'>Tertia,</span> <span class='ocrx_word' id='word_1_663' title='bbox 287 4271 417 4334; x_wconf 90' lang='lat' dir='ltr'>tunicam</span> <span class='ocrx_word' id='word_1_664' title='bbox 437 4271 514 4330; x_wconf 89' lang='lat' dir='ltr'>hane</span> <span class='ocrx_word' id='word_1_665' title='bbox 530 4268 662 4328; x_wconf 89' lang='lat' dir='ltr'>manicas</span> <span class='ocrx_word' id='word_1_666' title='bbox 681 4266 819 4325; x_wconf 89' lang='lat' dir='ltr'>habuisse</span> <span class='ocrx_word' id='word_1_667' title='bbox 837 4266 924 4324; x_wconf 88' lang='lat' dir='ltr'>docet</span> <span class='ocrx_word' id='word_1_668' title='bbox 967 4273 997 4326; x_wconf 91' lang='lat' dir='ltr'>et</span> <span class='ocrx_word' id='word_1_669' title='bbox 1008 4266 1176 4324; x_wconf 74' lang='lat' dir='ltr'>reverentias</span> <span class='ocrx_word' id='word_1_670' title='bbox 1188 4263 1335 4337; x_wconf 80' lang='lat' dir='ltr'>officiique</span> <span class='ocrx_word' id='word_1_671' title='bbox 1349 4266 1405 4321; x_wconf 89' lang='lat' dir='ltr'>sui.</span> 
     </span>
    </p>

    <p class='ocr_par' dir='ltr' id='par_1_19' title="bbox 133 4348 1758 4433">
     <span class='ocr_line' id='line_1_61' title="bbox 133 4348 1758 4433; baseline -0.009 -13"><span class='ocrx_word' id='word_1_672' title='bbox 133 4364 161 4420; x_wconf 90' lang='lat' dir='ltr'>S.</span> <span class='ocrx_word' id='word_1_673' title='bbox 177 4361 388 4433; x_wconf 76' lang='lat' dir='ltr'>hieronymus,</span> <span class='ocrx_word' id='word_1_674' title='bbox 400 4369 455 4412; x_wconf 93' lang='lat' dir='ltr'>nec</span> <span class='ocrx_word' id='word_1_675' title='bbox 468 4357 613 4427; x_wconf 89' lang='lat' dir='ltr'>repugnat</span> <span class='ocrx_word' id='word_1_676' title='bbox 624 4350 786 4425; x_wconf 86' lang='lat' dir='ltr'>losepbus,</span> <span class='ocrx_word' id='word_1_677' title='bbox 801 4350 826 4406; x_wconf 89' lang='lat' dir='ltr'>si</span> <span class='ocrx_word' id='word_1_678' title='bbox 846 4350 923 4407; x_wconf 91' lang='lat' dir='ltr'>bene</span> <span class='ocrx_word' id='word_1_679' title='bbox 1004 4353 1075 4410; x_wconf 87' lang='lat' dir='ltr'>ilinc</span> <span class='ocrx_word' id='word_1_680' title='bbox 1088 4351 1129 4407; x_wconf 90' lang='lat' dir='ltr'>ait</span> <span class='ocrx_word' id='word_1_681' title='bbox 1141 4348 1261 4422; x_wconf 89' lang='lat' dir='ltr'>Sapiens</span> <span class='ocrx_word' id='word_1_682' title='bbox 1271 4363 1337 4422; x_wconf 85' lang='lat' dir='ltr'>cap.</span> <span class='ocrx_word' id='word_1_683' title='bbox 1350 4363 1432 4420; x_wconf 80' lang='lat' dir='ltr'>xum,</span> <span class='ocrx_word' id='word_1_684' title='bbox 1445 4365 1521 4408; x_wconf 86' lang='lat' dir='ltr'>vers.</span> <span class='ocrx_word' id='word_1_685' title='bbox 1532 4353 1589 4408; x_wconf 70' lang='lat' dir='ltr'>ll:</span> <span class='ocrx_word' id='word_1_686' title='bbox 1607 4355 1667 4412; x_wconf 78' lang='lat' dir='ltr'>uln</span> <span class='ocrx_word' id='word_1_687' title='bbox 1679 4359 1758 4414; x_wconf 66' lang='lat' dir='ltr'>uesta</span> 
     </span>
    </p>

    <p class='ocr_par' dir='ltr' id='par_1_20' title="bbox 96 4431 1760 4598">
     <span class='ocr_line' id='line_1_62' title="bbox 133 4431 1758 4516; baseline -0.01 -7"><span class='ocrx_word' id='word_1_688' title='bbox 133 4445 314 4505; x_wconf 80' lang='lat' dir='ltr'>examinetur</span> <span class='ocrx_word' id='word_1_689' title='bbox 330 4440 378 4516; x_wconf 83' lang='lat' dir='ltr'>(i).</span> <span class='ocrx_word' id='word_1_690' title='bbox 636 4441 640 4450; x_wconf 90' lang='lat'>&#39;</span> <span class='ocrx_word' id='word_1_691' title='bbox 968 4431 1256 4511; x_wconf 72' lang='lat' dir='ltr'>poderistintunica</span> <span class='ocrx_word' id='word_1_692' title='bbox 1269 4431 1325 4487; x_wconf 90' lang='lat' dir='ltr'>hac</span> <span class='ocrx_word' id='word_1_693' title='bbox 1335 4431 1537 4516; x_wconf 83' lang='lat' dir='ltr'>hyacinthina,</span> <span class='ocrx_word' id='word_1_694' title='bbox 1549 4435 1679 4510; x_wconf 79' lang='lat' dir='ltr'>subque</span> <span class='ocrx_word' id='word_1_695' title='bbox 1689 4453 1758 4496; x_wconf 87' lang='lat' dir='ltr'>cum</span> 
     </span>
     <span class='ocr_line' id='line_1_63' title="bbox 96 4514 1760 4598; baseline -0.01 -13"><span class='ocrx_word' id='word_1_696' title='bbox 96 4579 102 4594; x_wconf 89' lang='grc'>,</span> <span class='ocrx_word' id='word_1_697' title='bbox 169 4529 286 4598; x_wconf 81' lang='lat' dir='ltr'>Qamto,</span> <span class='ocrx_word' id='word_1_698' title='bbox 305 4523 368 4581; x_wconf 84' lang='lat' dir='ltr'>haec</span> <span class='ocrx_word' id='word_1_699' title='bbox 385 4519 486 4580; x_wconf 90' lang='lat' dir='ltr'>tunica</span> <span class='ocrx_word' id='word_1_700' title='bbox 497 4517 610 4577; x_wconf 81' lang='lat' dir='ltr'>interne</span> <span class='ocrx_word' id='word_1_701' title='bbox 625 4517 656 4576; x_wconf 93' lang='lat' dir='ltr'>in</span> <span class='ocrx_word' id='word_1_702' title='bbox 669 4515 781 4587; x_wconf 88' lang='lat' dir='ltr'>limbo,</span> <span class='ocrx_word' id='word_1_703' title='bbox 795 4517 848 4591; x_wconf 93' lang='lat' dir='ltr'>qui</span> <span class='ocrx_word' id='word_1_704' title='bbox 862 4521 925 4575; x_wconf 88' lang='lat' dir='ltr'>crat</span> <span class='ocrx_word' id='word_1_705' title='bbox 967 4523 1099 4592; x_wconf 82' lang='lat' dir='ltr'>lyrano,</span> <span class='ocrx_word' id='word_1_706' title='bbox 1111 4514 1251 4586; x_wconf 83' lang='lat' dir='ltr'>ntonysio</span> <span class='ocrx_word' id='word_1_707' title='bbox 1268 4519 1298 4571; x_wconf 87' lang='lat' dir='ltr'>et</span> <span class='ocrx_word' id='word_1_708' title='bbox 1317 4517 1439 4588; x_wconf 79' lang='lat' dir='ltr'>liugane</span> <span class='ocrx_word' id='word_1_709' title='bbox 1458 4532 1564 4576; x_wconf 83' lang='lat' dir='ltr'>omnes</span> <span class='ocrx_word' id='word_1_710' title='bbox 1576 4519 1650 4578; x_wconf 84' lang='lat' dir='ltr'>alias</span> <span class='ocrx_word' id='word_1_711' title='bbox 1661 4524 1760 4595; x_wconf 74' lang='lat' dir='ltr'>penu.</span> 
     </span>
    </p>

    <p class='ocr_par' dir='ltr' id='par_1_21' title="bbox 132 4598 1761 4688">
     <span class='ocr_line' id='line_1_64' title="bbox 132 4598 1761 4688; baseline -0.006 -18"><span class='ocrx_word' id='word_1_712' title='bbox 132 4615 215 4688; x_wconf 82' lang='lat' dir='ltr'>juxta</span> <span class='ocrx_word' id='word_1_713' title='bbox 233 4609 339 4685; x_wconf 88' lang='lat' dir='ltr'>pedes,</span> <span class='ocrx_word' id='word_1_714' title='bbox 356 4603 486 4664; x_wconf 86' lang='lat' dir='ltr'>habebat</span> <span class='ocrx_word' id='word_1_715' title='bbox 505 4603 567 4661; x_wconf 90' lang='lat' dir='ltr'>duo</span> <span class='ocrx_word' id='word_1_716' title='bbox 590 4605 618 4658; x_wconf 89' lang='lat' dir='ltr'>et</span> <span class='ocrx_word' id='word_1_717' title='bbox 640 4600 826 4674; x_wconf 82' lang='lat' dir='ltr'>septuaginta</span> <span class='ocrx_word' id='word_1_718' title='bbox 844 4601 924 4659; x_wconf 89' lang='lat' dir='ltr'>mala</span> <span class='ocrx_word' id='word_1_719' title='bbox 968 4603 1031 4662; x_wconf 83' lang='lat' dir='ltr'>ficis</span> <span class='ocrx_word' id='word_1_720' title='bbox 1044 4605 1138 4658; x_wconf 85' lang='lat' dir='ltr'>uestes</span> <span class='ocrx_word' id='word_1_721' title='bbox 1151 4598 1280 4670; x_wconf 79' lang='lat' dir='ltr'>intellige</span> <span class='ocrx_word' id='word_1_722' title='bbox 1291 4614 1345 4673; x_wconf 89' lang='lat' dir='ltr'>par</span> <span class='ocrx_word' id='word_1_723' title='bbox 1358 4601 1581 4675; x_wconf 77' lang='lat' dir='ltr'>synecdochen)</span> <span class='ocrx_word' id='word_1_724' title='bbox 1600 4608 1682 4662; x_wconf 89' lang='lat' dir='ltr'>totus</span> <span class='ocrx_word' id='word_1_725' title='bbox 1697 4613 1761 4664; x_wconf 76' lang='lat' dir='ltr'>mot</span> 
     </span>
    </p>

    <p class='ocr_par' dir='ltr' id='par_1_22' title="bbox 134 4684 1758 4772">
     <span class='ocr_line' id='line_1_65' title="bbox 134 4684 1758 4772; baseline -0.006 -18"><span class='ocrx_word' id='word_1_726' title='bbox 134 4694 256 4772; x_wconf 88' lang='lat' dir='ltr'>punica,</span> <span class='ocrx_word' id='word_1_727' title='bbox 268 4695 296 4752; x_wconf 92' lang='lat' dir='ltr'>et</span> <span class='ocrx_word' id='word_1_728' title='bbox 308 4689 431 4748; x_wconf 90' lang='lat' dir='ltr'>totidem</span> <span class='ocrx_word' id='word_1_729' title='bbox 441 4685 655 4755; x_wconf 91' lang='lat' dir='ltr'>tintinnabula,</span> <span class='ocrx_word' id='word_1_730' title='bbox 666 4688 699 4742; x_wconf 90' lang='lat' dir='ltr'>ut</span> <span class='ocrx_word' id='word_1_731' title='bbox 712 4685 821 4741; x_wconf 88' lang='lat' dir='ltr'>horum</span> <span class='ocrx_word' id='word_1_732' title='bbox 832 4685 923 4757; x_wconf 89' lang='lat' dir='ltr'>pulsu</span> <span class='ocrx_word' id='word_1_733' title='bbox 969 4685 1050 4745; x_wconf 89' lang='lat' dir='ltr'>orbis</span> <span class='ocrx_word' id='word_1_734' title='bbox 1062 4688 1217 4742; x_wconf 89' lang='lat' dir='ltr'>terrarum.</span> <span class='ocrx_word' id='word_1_735' title='bbox 1232 4701 1248 4737; x_wconf 75' lang='lat' dir='ltr'>s</span> <span class='ocrx_word' id='word_1_736' title='bbox 1263 4684 1336 4740; x_wconf 87' lang='lat' dir='ltr'>liam</span> <span class='ocrx_word' id='word_1_737' title='bbox 1351 4688 1451 4756; x_wconf 61' lang='lat' dir='ltr'>pomo,</span> <span class='ocrx_word' id='word_1_738' title='bbox 1462 4684 1617 4748; x_wconf 85' lang='lat' dir='ltr'>femoralia</span> <span class='ocrx_word' id='word_1_739' title='bbox 1629 4686 1708 4746; x_wconf 86' lang='lat' dir='ltr'>linea</span> <span class='ocrx_word' id='word_1_740' title='bbox 1720 4689 1758 4747; x_wconf 83' lang='lat' dir='ltr'>fl·</span> 
     </span>
    </p>

    <p class='ocr_par' dir='ltr' id='par_1_23' title="bbox 133 4769 925 4848">
     <span class='ocr_line' id='line_1_66' title="bbox 133 4769 925 4848; baseline -0.013 -11"><span class='ocrx_word' id='word_1_741' title='bbox 133 4769 720 4848; x_wconf 85' lang='lat' dir='ltr'>uocalisincederetpontiiex,ingrediens</span> <span class='ocrx_word' id='word_1_742' title='bbox 729 4771 925 4830; x_wconf 83' lang='lat' dir='ltr'>sanctasanc-</span> 
     </span>
    </p>

    <p class='ocr_par' dir='ltr' id='par_1_24' title="bbox 135 4841 1761 4934">
     <span class='ocr_line' id='line_1_67' title="bbox 135 4841 1761 4934; baseline -0.01 -11"><span class='ocrx_word' id='word_1_743' title='bbox 135 4870 247 4934; x_wconf 86' lang='lat' dir='ltr'>torum,</span> <span class='ocrx_word' id='word_1_744' title='bbox 260 4859 372 4934; x_wconf 86' lang='lat' dir='ltr'>alioqui</span> <span class='ocrx_word' id='word_1_745' title='bbox 386 4857 561 4927; x_wconf 87' lang='lat' dir='ltr'>moriturus,</span> <span class='ocrx_word' id='word_1_746' title='bbox 575 4855 613 4912; x_wconf 90' lang='lat' dir='ltr'>de</span> <span class='ocrx_word' id='word_1_747' title='bbox 626 4851 825 4930; x_wconf 83' lang='lat' dir='ltr'>quibusuers.</span> <span class='ocrx_word' id='word_1_748' title='bbox 840 4855 885 4914; x_wconf 74' lang='grc'>33.</span> <span class='ocrx_word' id='word_1_749' title='bbox 1001 4857 1038 4922; x_wconf 78' lang='lat' dir='ltr'>(a)</span> <span class='ocrx_word' id='word_1_750' title='bbox 1054 4871 1069 4904; x_wconf 78' lang='lat' dir='ltr'>s</span> <span class='ocrx_word' id='word_1_751' title='bbox 1084 4853 1168 4920; x_wconf 82' lang='lat' dir='ltr'>volgo</span> <span class='ocrx_word' id='word_1_752' title='bbox 1186 4859 1307 4918; x_wconf 79' lang='lat' dir='ltr'>renunt,</span> <span class='ocrx_word' id='word_1_753' title='bbox 1323 4867 1355 4905; x_wconf 78' lang='lat' dir='ltr'>aa</span> <span class='ocrx_word' id='word_1_754' title='bbox 1377 4857 1502 4912; x_wconf 72' lang='lat' dir='ltr'>acuetur,</span> <span class='ocrx_word' id='word_1_755' title='bbox 1521 4855 1696 4910; x_wconf 76' lang='lat' dir='ltr'>existimantes</span> <span class='ocrx_word' id='word_1_756' title='bbox 1715 4841 1761 4925; x_wconf 60' lang='grc' dir='ltr'>,ἡ</span> 
     </span>
    </p>
   </div>
   <div class='ocr_carea' id='block_1_15' title="bbox 97 4905 1760 5106">
    <p class='ocr_par' dir='ltr' id='par_1_25' title="bbox 97 4905 1760 5124">
     <span class='ocr_line' id='line_1_68' title="bbox 97 4905 1758 5016; baseline -0.01 -13"><span class='ocrx_word' id='word_1_757' title='bbox 97 4995 105 5012; x_wconf 82' lang='grc'>,</span> <span class='ocrx_word' id='word_1_758' title='bbox 170 4948 286 5016; x_wconf 79' lang='lat' dir='ltr'>Quinto,</span> <span class='ocrx_word' id='word_1_759' title='bbox 298 4941 428 5000; x_wconf 87' lang='lat' dir='ltr'>habebat</span> <span class='ocrx_word' id='word_1_760' title='bbox 441 4939 582 5013; x_wconf 88' lang='lat' dir='ltr'>capitium</span> <span class='ocrx_word' id='word_1_761' title='bbox 595 4951 665 4994; x_wconf 89' lang='lat' dir='ltr'>eum</span> <span class='ocrx_word' id='word_1_762' title='bbox 678 4951 740 5007; x_wconf 89' lang='lat' dir='ltr'>ora,</span> <span class='ocrx_word' id='word_1_763' title='bbox 753 4935 814 4993; x_wconf 83' lang='lat' dir='ltr'>sire</span> <span class='ocrx_word' id='word_1_764' title='bbox 827 4935 923 4996; x_wconf 91' lang='lat' dir='ltr'>limbo</span> <span class='ocrx_word' id='word_1_765' title='bbox 968 4929 1038 5010; x_wconf 55' lang='lat' dir='ltr'>ileu}</span> <span class='ocrx_word' id='word_1_766' title='bbox 1048 4927 1131 4978; x_wconf 59' lang='lat' dir='ltr'>”im</span> <span class='ocrx_word' id='word_1_767' title='bbox 1144 4925 1213 4990; x_wconf 81' lang='lat' dir='ltr'>quod</span> <span class='ocrx_word' id='word_1_768' title='bbox 1223 4905 1278 4988; x_wconf 64' lang='lat' dir='ltr'>kitt.</span> <span class='ocrx_word' id='word_1_769' title='bbox 1288 4925 1337 5010; x_wconf 74' lang='lat' dir='ltr'>sad</span> <span class='ocrx_word' id='word_1_770' title='bbox 1347 4926 1498 5006; x_wconf 70' lang='lat' dir='ltr'>uertendum</span> <span class='ocrx_word' id='word_1_771' title='bbox 1508 4929 1603 5008; x_wconf 66' lang='lat' dir='ltr'>esaan</span> <span class='ocrx_word' id='word_1_772' title='bbox 1612 4928 1758 5010; x_wconf 71' lang='lat' dir='ltr'>sammaa...</span> 
     </span>
     <span class='ocr_line' id='line_1_69' title="bbox 134 4995 1760 5106; baseline -0.014 34"><span class='ocrx_word' id='word_1_773' title='bbox 134 5029 243 5104; x_wconf 61' lang='lat' dir='ltr'>aar,</span> <span class='ocrx_word' id='word_1_774' title='bbox 256 5028 294 5090; x_wconf 72' lang='lat'>&lt;¹0</span> <span class='ocrx_word' id='word_1_775' title='bbox 307 5025 443 5106; x_wconf 69' lang='lat' dir='ltr'>uum</span> <span class='ocrx_word' id='word_1_776' title='bbox 456 5021 598 5097; x_wconf 60' lang='lat' dir='ltr'>autu·</span> <span class='ocrx_word' id='word_1_777' title='bbox 969 4995 1760 5061; x_wconf 52' lang='lat' dir='ltr'>ui*</span> 
     </span>
    </p>
   </div>
   <div class='ocr_carea' id='block_1_16' title="bbox 970 5134 1758 5204">
    <p class='ocr_par' dir='ltr' id='par_1_26' title="bbox 970 5134 1758 5204">
     <span class='ocr_line' id='line_1_70' title="bbox 970 5134 1758 5204; baseline 0.003 -14"><span class='ocrx_word' id='word_1_778' title='bbox 970 5139 997 5190; x_wconf 89' lang='lat' dir='ltr'>b.</span> <span class='ocrx_word' id='word_1_779' title='bbox 1011 5139 1029 5192; x_wconf 87' lang='lat'>1.</span> <span class='ocrx_word' id='word_1_780' title='bbox 1049 5139 1101 5190; x_wconf 84' lang='lat' dir='ltr'>Nec</span> <span class='ocrx_word' id='word_1_781' title='bbox 1116 5137 1278 5202; x_wconf 85' lang='lat' dir='ltr'>intelligenda</span> <span class='ocrx_word' id='word_1_782' title='bbox 1294 5136 1337 5185; x_wconf 91' lang='lat' dir='ltr'>bic</span> <span class='ocrx_word' id='word_1_783' title='bbox 1352 5134 1429 5187; x_wconf 89' lang='lat' dir='ltr'>lorica</span> <span class='ocrx_word' id='word_1_784' title='bbox 1446 5150 1515 5188; x_wconf 76' lang='lat' dir='ltr'>nnec</span> <span class='ocrx_word' id='word_1_785' title='bbox 1531 5144 1576 5188; x_wconf 88' lang='lat' dir='ltr'>aut</span> <span class='ocrx_word' id='word_1_786' title='bbox 1595 5138 1693 5204; x_wconf 81' lang='lat' dir='ltr'>ferrea,</span> <span class='ocrx_word' id='word_1_787' title='bbox 1713 5141 1758 5192; x_wconf 79' lang='lat' dir='ltr'>sed</span> 
     </span>
    </p>
   </div>
   <div class='ocr_carea' id='block_1_17' title="bbox 135 5205 1759 5398">
    <p class='ocr_par' dir='ltr' id='par_1_27' title="bbox 135 5205 1759 5398">
     <span class='ocr_line' id='line_1_71' title="bbox 166 5205 1759 5290; baseline -0.015 -11"><span class='ocrx_word' id='word_1_788' title='bbox 166 5223 201 5290; x_wconf 79' lang='lat' dir='ltr'>ut</span> <span class='ocrx_word' id='word_1_789' title='bbox 216 5218 417 5276; x_wconf 67' lang='lat' dir='ltr'>anmullcrue</span> <span class='ocrx_word' id='word_1_790' title='bbox 433 5222 520 5270; x_wconf 80' lang='lat' dir='ltr'>tamen</span> <span class='ocrx_word' id='word_1_791' title='bbox 538 5211 599 5268; x_wconf 79' lang='lat' dir='ltr'>bula</span> <span class='ocrx_word' id='word_1_792' title='bbox 615 5207 708 5267; x_wconf 76' lang='lat' dir='ltr'>unca</span> <span class='ocrx_word' id='word_1_793' title='bbox 727 5207 847 5264; x_wconf 80' lang='lat' dir='ltr'>exteriori</span> <span class='ocrx_word' id='word_1_794' title='bbox 867 5223 927 5264; x_wconf 84' lang='lat' dir='ltr'>me·</span> <span class='ocrx_word' id='word_1_795' title='bbox 969 5212 1048 5290; x_wconf 72' lang='lat' dir='ltr'>ttuea.</span> <span class='ocrx_word' id='word_1_796' title='bbox 1067 5209 1152 5272; x_wconf 88' lang='lat' dir='ltr'>quates</span> <span class='ocrx_word' id='word_1_797' title='bbox 1167 5205 1250 5262; x_wconf 77' lang='lat' dir='ltr'>lorice</span> <span class='ocrx_word' id='word_1_798' title='bbox 1262 5205 1290 5256; x_wconf 89' lang='lat' dir='ltr'>in</span> <span class='ocrx_word' id='word_1_799' title='bbox 1306 5207 1416 5268; x_wconf 72' lang='lat' dir='ltr'>AEgypto</span> <span class='ocrx_word' id='word_1_800' title='bbox 1434 5205 1498 5258; x_wconf 82' lang='lat' dir='ltr'>terri</span> <span class='ocrx_word' id='word_1_801' title='bbox 1514 5207 1636 5286; x_wconf 71' lang='lat' dir='ltr'>sotebant.</span> <span class='ocrx_word' id='word_1_802' title='bbox 1651 5209 1759 5262; x_wconf 35' lang='lat' dir='ltr'>eloim-</span> 
     </span>
     <span class='ocr_line' id='line_1_72' title="bbox 135 5275 1728 5350; baseline -0.014 -2"><span class='ocrx_word' id='word_1_803' title='bbox 135 5291 206 5344; x_wconf 79' lang='lat' dir='ltr'>ulces</span> <span class='ocrx_word' id='word_1_804' title='bbox 216 5291 324 5350; x_wconf 81' lang='lat' dir='ltr'>delaissa</span> <span class='ocrx_word' id='word_1_805' title='bbox 339 5287 456 5340; x_wconf 81' lang='lat' dir='ltr'>affirmat.</span> <span class='ocrx_word' id='word_1_806' title='bbox 969 5275 1670 5344; x_wconf 55' lang='lat' dir='ltr'>mumditst.nat.lltll,1,i;tleredotum,lrb.tlteap.</span> <span class='ocrx_word' id='word_1_807' title='bbox 1682 5293 1728 5342; x_wconf 69' lang='lat' dir='ltr'>ng</span> 
     </span>
     <span class='ocr_line' id='line_1_73' title="bbox 866 5364 1728 5398; baseline -0.026 12"><span class='ocrx_word' id='word_1_808' title='bbox 866 5391 869 5397; x_wconf 62' lang='lat'>¹</span> <span class='ocrx_word' id='word_1_809' title='bbox 1456 5387 1459 5398; x_wconf 88' lang='lat'>.</span> <span class='ocrx_word' id='word_1_810' title='bbox 1567 5364 1581 5392; x_wconf 66' lang='lat'><em>0</em></span> <span class='ocrx_word' id='word_1_811' title='bbox 1720 5377 1728 5388; x_wconf 84' lang='lat'><em>.</em></span> 
     </span>
    </p>
   </div>
   <div class='ocr_carea' id='block_1_18' title="bbox 1770 4375 1878 4726">
    <p class='ocr_par' dir='ltr' id='par_1_28' title="bbox 1770 4375 1878 4726">
     <span class='ocr_line' id='line_1_74' title="bbox 1771 4375 1877 4422; baseline 0.009 -1"><span class='ocrx_word' id='word_1_812' title='bbox 1771 4375 1798 4421; x_wconf 89' lang='lat' dir='ltr'>ln</span> <span class='ocrx_word' id='word_1_813' title='bbox 1818 4381 1877 4422; x_wconf 80' lang='lat' dir='ltr'>vaste</span> 
     </span>
     <span class='ocr_line' id='line_1_75' title="bbox 1771 4436 1877 4492; baseline 0.028 -13"><span class='ocrx_word' id='word_1_814' title='bbox 1771 4436 1877 4492; x_wconf 75' lang='lat' dir='ltr'>paucitate</span> 
     </span>
     <span class='ocr_line' id='line_1_76' title="bbox 1771 4502 1878 4542; baseline 0 0"><span class='ocrx_word' id='word_1_815' title='bbox 1771 4502 1817 4542; x_wconf 78' lang='lat' dir='ltr'>erat</span> <span class='ocrx_word' id='word_1_816' title='bbox 1843 4503 1878 4542; x_wconf 87' lang='lat' dir='ltr'>to-</span> 
     </span>
     <span class='ocr_line' id='line_1_77' title="bbox 1770 4561 1878 4602; baseline 0 0"><span class='ocrx_word' id='word_1_817' title='bbox 1770 4561 1808 4602; x_wconf 83' lang='lat' dir='ltr'>tus</span> <span class='ocrx_word' id='word_1_818' title='bbox 1842 4570 1878 4602; x_wconf 86' lang='lat' dir='ltr'>or·</span> 
     </span>
     <span class='ocr_line' id='line_1_78' title="bbox 1772 4618 1877 4678; baseline 0.019 -16"><span class='ocrx_word' id='word_1_819' title='bbox 1772 4618 1877 4678; x_wconf 51' lang='lat' dir='ltr'>biamus·</span> 
     </span>
     <span class='ocr_line' id='line_1_79' title="bbox 1772 4679 1849 4726; baseline -0.026 0"><span class='ocrx_word' id='word_1_820' title='bbox 1772 4679 1849 4726; x_wconf 74' lang='lat' dir='ltr'>uacua</span> 
     </span>
    </p>
   </div>
   <div class='ocr_carea' id='block_1_19' title="bbox 0 0 2014 5972">
    <p class='ocr_par' dir='ltr' id='par_1_29' title="bbox 0 0 2014 5972">
     <span class='ocr_line' id='line_1_80' title="bbox 0 0 2014 5972; baseline 0 0"><span class='ocrx_word' id='word_1_821' title='bbox 0 0 2014 5972; x_wconf 95' lang='lat' dir='ltr'> </span> 
     </span>
    </p>
   </div>
  </div>
 </body>
</html>
