4182 6044
689 361 932 420 COMMENTAth
949 362 983 419 ttt
1001 361 1152 431 menen,
1166 373 1229 418 cir.
1248 359 1303 416 xll.
1763 353 1817 416 tet

51 471 123 521 vara
133 479 168 522 aa.
217 467 264 525 26.
279 465 346 536 Qun
359 479 411 523 rer
422 473 487 525 tert
497 467 633 525 aserere?
646 495 683 512 -
695 465 848 537 llehraice,
862 469 925 539 eatis
939 472 980 524 est
1021 466 1083 538 nis,
1095 467 1169 540 quin
1182 470 1210 526 et
1230 463 1344 540 proprii
1356 464 1402 522 sui
1423 459 1570 537 parentis,
1580 471 1683 537 poenes
1697 455 1744 537 (in
1756 475 1818 537 qua

181 552 234 608 istc
248 553 357 608 euleu?
368 551 408 607 ad
419 551 504 624 quid,
515 567 608 624 quare
618 550 771 608 celebratis
780 551 892 624 paseha
904 551 980 607 hoc?
1022 553 1121 606 tamen
1134 549 1248 608 visione
1258 548 1369 606 tabule
1381 548 1537 606 Gentilium
1550 546 1760 618 admiscentur,
1769 545 1818 604 vel

49 637 122 688 van.
133 646 167 689 rt.
216 637 263 693 29.
276 637 391 691 iterun
406 649 455 690 ssr
472 647 566 690 rursu
584 650 613 691 m
628 649 728 692 ueerrs
742 649 849 703 nnete,
863 647 980 690 rancus·
1022 649 1041 690 a
1058 634 1194 692 dmmene
1210 631 1333 690 visionis
1347 636 1481 702 auctore,
1497 630 1599 688 veleb
1613 631 1817 704 ipsolhespe-

182 731 226 774 str
248 719 375 791 bertinus
398 729 476 774 ones
496 731 719 774 rntneesrttrun.
734 747 769 760 -
783 717 877 774 lledia
898 717 978 772 enim
1023 716 1093 788 sio),
1109 732 1143 773 ae
1156 716 1319 790 quemdam
1331 732 1348 774 a
1362 715 1494 787 cognatis
1509 714 1570 772 suis
1581 714 1642 771 vita
1654 713 1761 772 iunctis
1777 715 1817 771 ad

181 804 268 858 necte
281 801 329 857 vel
343 801 408 874 ipsa
421 815 498 858 eoeea
511 799 627 858 silentia
644 804 766 872 terrent,
781 817 818 858 ee
834 815 906 872 erge
925 803 980 856 ter·
1022 816 1092 856 eum
1106 801 1275 871 accessisse,
1287 803 1315 856 et
1328 800 1469 856 salutasse
1483 815 1491 854 τ
1510 799 1626 868 eSelve,
1638 797 1815 872 Thespesi;a

181 885 299 942 ribilier
310 883 435 942 iuithaec
445 899 534 957 poena
542 902 551 956 ;
561 884 628 941 talis
638 885 692 941 erit
701 889 731 941 et
742 885 887 942 adventus
898 883 980 941 Chri·
1022 884 1070 940 cui
1084 883 1133 941 ille
1149 901 1156 940 :
1174 887 1263 941 alien
1275 883 1448 957 thespesius
1461 897 1563 953 vocer,
1577 883 1631 939 sed
1641 882 1813 954 aridaeus„

71 1003 79 1009 -
182 967 219 1025 sti
235 969 275 1025 ad
285 967 446 1039 iudicium,
461 967 505 1024 uti
518 966 579 1023 dixi
595 983 661 1042 cap.
676 983 716 1036 tu,
731 983 808 1024 vers.
824 969 851 1024 s.
1021 983 1094 1025 mox
1107 967 1208 1026 anima
1224 970 1342 1040 cognati
1355 966 1507 1040 replicavit
1522 982 1529 1022 :
1547 966 1706 1024 «arideus
1719 968 1816 1026 hecte-

218 1053 298 1109 Onss
309 1066 534 1122 insuescimus,
549 1053 679 1126 -qued
691 1051 790 1126 primo
804 1053 909 1107 natum
922 1051 977 1120 est,
1022 1066 1079 1108 nus
1098 1051 1191 1122 iuisti3
1206 1051 1259 1110 sed
1276 1051 1415 1124 deinceps
1437 1050 1493 1107 eris
1514 1049 1732 1124 Thespesius,»
1749 1067 1817 1126 quas

182 1136 295 1193 etiamsi
309 1136 346 1193 sit
355 1136 551 1207 unigenitum,
564 1135 677 1192 etiamsi
691 1151 854 1206 annosum3
868 1134 937 1191 hinc
946 1133 978 1190 in
1021 1150 1080 1191 vox
1092 1151 1185 1206 graece
1198 1135 1335 1194 divinum
1347 1133 1502 1206 significan
1517 1132 1558 1190 ita
1571 1132 1681 1191 iactum
1692 1139 1735 1190 est
1746 1153 1753 1191 :
1764 1135 1817 1211 qui
1920 1155 1923 1160 ·

181 1235 242 1277 una
256 1220 347 1276 deme
359 1219 461 1292 plures
474 1219 601 1276 subinde
617 1220 684 1275 caesi
698 1224 785 1289 sunt,
798 1222 872 1292 puta
889 1233 976 1286 avua,
1022 1219 1102 1275 enim
1122 1223 1208 1276 antea
1228 1220 1290 1275 erat
1309 1217 1434 1292 impius,
1449 1216 1644 1287 libidinosus,
1667 1216 1815 1292 ebriosus,

180 1309 275 1378 pater,
290 1302 386 1373 filius,
398 1317 485 1372 uxor,
503 1302 528 1359 si
546 1318 649 1358 omnes
664 1307 746 1359 erant
762 1301 951 1376 primogeniti
968 1318 976 1356 ε
1021 1296 1088 1371 etc,
1099 1303 1156 1360 hoc
1169 1317 1239 1358 casu
1253 1304 1282 1357 et
1294 1305 1381 1374 raptu
1395 1299 1488 1356 iectus
1501 1299 1635 1373 ccipias,
1648 1305 1756 1372 castus,
1770 1317 1818 1360 so-

180 1387 261 1446 idem
279 1387 347 1444 dico
370 1386 407 1442 de
428 1386 518 1443 servis
536 1390 564 1442 et
583 1386 735 1456 iumentis.
755 1386 826 1442 tide
847 1399 912 1458 cap.
932 1399 977 1455 xt,
1020 1383 1121 1454 brius,
1134 1386 1246 1457 justus,
1265 1383 1480 1457 speculumque
1501 1381 1653 1440 virtutum.
1675 1385 1717 1441 lta
1739 1386 1816 1446 dure

180 1483 257 1526 vers.
273 1472 301 1527 8.
1020 1468 1103 1526 node
1117 1469 1210 1526 durus
1225 1467 1402 1541 qrraareudus
1417 1472 1460 1524 est
1473 1482 1602 1538 cuneus,
1614 1467 1734 1542 acrique
1746 1487 1817 1546 sup·

214 1557 238 1608 Α
252 1567 444 1610 sarnoesruro
459 1556 631 1611 mannonis.
647 1583 684 1598 --
697 1553 819 1611 Ponitur
834 1553 882 1610 hic
898 1553 930 1609 in
944 1553 977 1608 fi·
1020 1552 1110 1626 plieio
1124 1552 1288 1624 frangenda
1301 1556 1343 1609 est
1356 1552 1443 1609 malae
1455 1551 1561 1608 mentis
1575 1550 1734 1612 obfirmata
1746 1571 1817 1616 cen·

181 1635 224 1693 lio
240 1637 372 1707 Pharao,
395 1637 448 1693 scd
466 1637 529 1710 ipse
547 1639 654 1710 majori
678 1638 775 1696 dolori
794 1641 822 1694 et
841 1639 978 1695 vindictas
1020 1638 1157 1695 suetudo.

180 1719 363 1790 servabatur,
374 1722 552 1794 mergendus
563 1737 631 1777 cum
641 1722 702 1778 suis
713 1721 892 1779 omnibusin
902 1721 977 1778 mari
1055 1724 1101 1778 33.
1116 1724 1321 1791 Uremtureun
1331 1725 1460 1780 AEerrrtr
1472 1736 1602 1780 rerunutt
1615 1738 1652 1780 ns
1662 1739 1755 1783 renna
1767 1736 1816 1784 nx·
1827 1725 1888 1770 vae.
1897 1728 1932 1772 ³t·

181 1801 294 1860 Rubro.
1019 1819 1067 1862 tes
1088 1821 1260 1878 vsteerrsr,
1278 1837 1314 1850 -
1333 1807 1439 1864 timere
1458 1806 1567 1864 scilicet
1587 1823 1624 1864 ex
1644 1812 1725 1866 tanta
1746 1827 1815 1869 sue·

215 1887 309 1954 esem
320 1901 358 1944 ao
372 1902 583 1946 rntnoestttrun
596 1889 897 1959 carrum-ancille
909 1905 977 1964 cap·
1018 1905 1087 1946 rum
1101 1893 1197 1962 strage
1216 1890 1355 1965 perculsi.
1372 1892 1443 1948 llinc
1461 1890 1563 1947 videas
1582 1889 1701 1950 iabulas
1719 1899 1748 1952 et
1767 1912 1814 1954 ca·
1840 1892 1931 1966 'uenea-

179 1969 247 2026 tivre
269 1971 309 2028 ad
324 1971 484 2046 pistrinum
503 1973 666 2044 damnatae,
679 1975 712 2029 ut
729 1975 809 2046 patet
824 1978 914 2046 caput
931 1988 975 2046 rt,
1020 1973 1148 2032 lumnias
1162 1975 1338 2047 Gentilium,
1354 1976 1396 2032 uti
1415 1975 1541 2033 Cornelii
1557 1977 1646 2034 Taciti
1652 1977 1726 2047 ,lib.
1740 1981 1773 2050 V,
1786 1984 1815 2038 et
1827 1966 1884 2059 ’ἔξω
1893 1954 1931 2058 T,

180 2068 258 2111 vers.
271 2057 299 2112 3.
1019 2060 1104 2131 Trogi
1118 2059 1260 2134 Pompeii,
1271 2060 1319 2116 vel
1332 2060 1431 2134 petius
1444 2060 1564 2131 tustini,
1578 2059 1631 2118 lib.
1646 2065 1756 2132 lllllllil,
1769 2081 1814 2122 as-
1828 2075 1916 2120 tuerint.

57 2151 166 2197 emec.
215 2141 261 2196 30.
274 2139 977 2211 Sunnsxtronsl‘ntnae,etc.,vemrtsousllorsa
1019 2143 1179 2202 serentium
1197 2145 1333 2202 llebraeos
1353 2144 1394 2202 ob
1416 2145 1546 2202 scabiem
1564 2148 1593 2202 et
1612 2147 1815 2225 pruriginem,

180 2235 216 2277 ur
233 2227 351 2280 lunens
366 2237 456 2282 neers
472 2238 537 2281 arr:
554 2226 685 2296 siricus,
704 2242 740 2282 ιτ
753 2240 930 2285 sennonem.
942 2254 978 2268 -
1020 2227 1132 2285 oraculi
1143 2229 1258 2286 monitu
1271 2229 1310 2288 ab
1323 2229 1464 2303 AEgyptiis
1482 2232 1608 2303 AEgypte
1622 2245 1685 2287 esse
1699 2231 1814 2305 pulses.

180 2305 341 2364 Verisimile
356 2313 399 2366 est
412 2309 573 2382 ipsummet
589 2311 773 2368 Pharaonem
787 2314 868 2370 tauta
881 2314 977 2382 strage
1020 2311 1118 2369 Simile
1135 2317 1179 2369 est
1201 2313 1284 2386 quod
1302 2313 1424 2369 tradunt
1446 2314 1617 2385 Manethon,
1642 2315 1815 2376 Chaeremon

179 2390 369 2463 perculsum,
390 2393 603 2466 timentemque
624 2395 728 2468 pejora
748 2394 925 2465 surrexisse,
944 2397 978 2452 ut
1020 2398 1049 2452 et
1061 2396 1251 2468 Lysimachus
1263 2397 1391 2470 AEgyptii
1404 2397 1535 2453 historici
1548 2399 1631 2471 apud
1643 2401 1815 2476 iosephum,

179 2474 279 2530 blesen
296 2475 405 2547 adiret,
420 2492 511 2550 quern
531 2477 659 2533 suaviter
675 2478 875 2550 quiescentem
894 2477 977 2539 demi
1019 2477 1073 2534 lib.
1087 2481 1099 2535 l
1114 2478 1215 2535 Caetra
1231 2481 1376 2551 apionem,
1388 2479 1603 2538 scilicetllesen
1613 2482 1695 2542 idola
1708 2489 1817 2560 AEgyp-

181 2571 242 2612 sum
263 2556 418 2615 inveniens
439 2559 578 2617 vocando
603 2561 753 2630 excitarit,
779 2561 944 2633 dixeritque
968 2578 976 2615 :
1019 2564 1130 2620 tiorum
1144 2563 1309 2635 abstulisse,
1319 2563 1447 2638 ideoque
1462 2581 1531 2621 eum
1544 2571 1714 2639 persecutos
1726 2568 1817 2628 inisse

174 2642 306 2713 Surgite,
330 2643 521 2715 egredimini3
546 2645 579 2701 id
601 2644 710 2702 clarius
735 2643 902 2715 significent
926 2647 979 2700 lie·
1019 2648 1182 2721 AEgypties,
1191 2649 1245 2705 sed
1255 2647 1479 2721 tempestatibus
1490 2649 1615 2707 domum
1628 2652 1724 2709 redire
1735 2669 1816 2711 cem·

180 2725 261 2782 hrtaa
276 2727 323 2801 (i).
1018 2731 1123 2806 pulses
1137 2749 1145 2787 ε
1160 2747 1229 2788 cum
1243 2732 1418 2790 econtrario
1433 2747 1516 2790 sacra
1530 2734 1678 2808 Scriptura
1692 2751 1747 2794 nes
1762 2739 1816 2796 do·

54 2827 167 2872 temer.
216 2813 444 2868 essarrorum
459 2827 585 2882 xtnr,·-
600 2814 681 2869 erate
692 2825 750 2884 pre
765 2827 830 2882 me,
844 2814 877 2869 ut
893 2813 978 2869 vertit
1019 2813 1353 2872 ceatemnesadunum
1363 2815 1438 2872 mari
1453 2815 1553 2874 liuhre
1567 2833 1630 2874 esse
1645 2819 1812 2894 absorptos.

181 2893 347 2953 Chaldaeus.
1053 2899 1120 2956 Tale
1131 2903 1174 2956 est
1184 2902 1213 2954 et
1221 2898 1297 2956 illud
1306 2899 1405 2968 Taciti,
1415 2900 1534 2957 iudaeos
1543 2901 1601 2958 dici
1612 2904 1698 2976 quasi
1710 2907 1812 2978 ldaees,
1837 2893 1921 2968 ΜΨ*

79 2997 141 3042 nura
216 2981 371 3053 llereliter,
384 2980 464 3038 disce
473 2980 522 3038 hic
533 2979 608 3038 dura
619 2985 647 3038 et
659 2979 807 3038 obstinata
815 2982 907 3039 corda
915 2997 976 3040 nen
1019 2999 1055 3041 ee
1074 2985 1159 3058 quod
1178 2998 1215 3039 ex
1235 2983 1286 3039 lda
1303 2983 1391 3038 Crete
1414 2988 1514 3041 mente
1537 2985 1742 3044 descenderint
1748 3008 1758 3059 3
1771 3008 1814 3049 se·
1827 2970 1931 3064 ωᾞῒὲῑ,

57 3068 143 3164 dmm·
181 3063 348 3134 blanditiis,
365 3079 427 3122 nen
441 3065 545 3134 minis,
560 3079 623 3122 nen
640 3064 783 3136 flagellis,
798 3065 851 3122 sed
864 3069 974 3136 morte,
1018 3067 1121 3134 eunde,
1136 3066 1318 3123 iudaeessue
1334 3066 1588 3141 nonvesci,quia
1602 3084 1766 3146 suesaeque
1781 3080 1931 3133 uteremur
1971 3071 1974 3080 ’

13 3176 16 3182 ‚
55 3129 170 3227 »ἓξὲξ
182 3148 313 3224 dirisque
326 3148 464 3206 cladibus
476 3148 572 3221 frangi
586 3153 614 3207 et
627 3149 842 3207 molliri:sicut
854 3149 977 3207 adamas
1019 3151 1122 3220 iudei,
1135 3149 1244 3207 scabiei
1255 3153 1324 3206 sunt
1337 3149 1578 3222 ohnoxii3tertie,
1592 3152 1691 3210 asinos
1704 3157 1813 3214 Judaeis
1831 3141 1925 3188 ΜΨ·

67 3246 148 3302 geum.
181 3247 243 3292 nen
262 3233 408 3291 mellescit
425 3233 483 3290 nisi
504 3233 619 3291 hircino
642 3233 801 3305 sanguine,
820 3233 861 3290 ita
880 3236 976 3305 strage
1017 3237 1143 3308 AEgypto
1158 3233 1377 3305 egredientibus
1389 3233 1468 3290 viam
1482 3241 1671 3309 monstrasse,
1684 3238 1812 3316 ideoque

180 3317 448 3391 primogenitorum
470 3317 607 3374 omnium
632 3317 739 3374 fractus
763 3321 792 3373 et
815 3316 910 3374 flexus
933 3319 977 3374 est
1018 3335 1070 3376 ees
1084 3319 1179 3376 celere
1194 3317 1302 3376 asinos.

86 3412 165 3458 mem·
180 3399 308 3471 Pherae,
324 3415 488 3475 omnesque
504 3401 642 3475 AEgyptii.
662 3405 702 3458 lta
718 3400 865 3474 superbus
880 3401 977 3459 Nebn·
1053 3403 1120 3459 Tale
1140 3405 1184 3459 est
1197 3401 1274 3459 illud
1295 3401 1417 3471 tustini,
1432 3403 1539 3476 ioseph
1563 3419 1687 3476 magum
1704 3405 1811 3480 inisse,

56 3473 106 3532 ⁹¹²·
179 3484 508 3544 chedenosercervices
522 3486 654 3555 demisit,
668 3502 738 3542 cum
750 3486 976 3542 mutatusestin
1017 3485 1141 3558 ejusque
1161 3484 1258 3541 filium
1279 3483 1368 3540 inisse
1391 3487 1507 3556 lioscn3
1534 3503 1618 3558 reges
1641 3491 1812 3550 iudeorum

178 3567 315 3628 bestiam.
336 3573 378 3628 ltu
395 3571 500 3628 Saulus
520 3574 686 3644 prostratus
708 3570 739 3626 in
757 3575 865 3627 terram
881 3568 976 3627 iactus
1017 3568 1107 3626 inisse
1121 3569 1247 3643 ioseph,
1259 3571 1357 3626 blesen
1366 3611 1375 3640 ,
1389 3574 1418 3625 et
1435 3569 1542 3640 lsrael,
1556 3571 1610 3644 qui
1623 3573 1735 3630 avitum
1749 3591 1814 3647 reg-

180 3658 223 3712 est
234 3655 357 3727 Paulus,
372 3656 506 3730 dixitque
521 3671 529 3712 :
548 3655 715 3725 «Domine,
730 3655 805 3728 quid
818 3669 866 3710 me
879 3655 924 3710 vis
934 3656 977 3712 ia·
1017 3667 1091 3709 num
1105 3652 1136 3709 in
1150 3654 1252 3709 decem
1267 3651 1406 3708 diviserit.
1422 3654 1503 3710 Unde
1515 3652 1618 3710 videas
1632 3671 1724 3728 quam
1738 3660 1812 3715 Gen-

180 3741 288 3798 eerete
301 3743 341 3798 lta
353 3741 525 3812 ldagdalena
535 3755 674 3814 possessa
684 3756 702 3796 a
714 3738 900 3796 daemonibus
911 3753 976 3812 sep·
1016 3737 1082 3793 tiles
1096 3736 1202 3794 iudeis
1215 3736 1323 3792 luerint
1333 3735 1439 3792 infensi
1451 3740 1479 3793 et
1491 3737 1603 3812 iniqui,
1615 3741 1664 3798 vel
1677 3741 1813 3800 iudaica-

179 3823 239 3880 iem
247 3866 256 3894 ,
272 3825 418 3881 Christum
431 3823 581 3880 medicum
592 3823 757 3898 requisivit.
1017 3835 1085 3877 rum
1098 3835 1198 3877 rerum
1212 3820 1307 3892 ignari
1320 3823 1348 3876 et
1360 3820 1499 3893 imperiti.

216 3908 320 3963 llirnm
332 3907 415 3980 apud
428 3908 553 3964 Gentiles
567 3908 738 3980 exemplum
752 3910 852 3964 narret
865 3907 976 3964 Plutar-
1053 3907 1099 3960 34.
1119 3907 1204 3960 Tuttr
1224 3917 1321 3960 terren
1336 3917 1460 3960 seruans
1478 3918 1657 3963 certsrsttsttt
1671 3921 1813 3980 saerata,
1827 3902 1886 3947 ven.
1895 3906 1929 3950 ³⁴·

181 3989 271 4059 chus,
284 3988 362 4045 libre
381 3991 419 4044 De
437 4005 498 4044 sere
510 3995 630 4046 neminis
644 3991 778 4054 vindicte,
792 3989 849 4044 sub
863 3990 975 4045 finem:
1018 4001 1169 4052 tamenin
1191 4000 1488 4041 taruannensem-
1502 4005 1516 4038 a
1530 3989 1742 4061 conspersam,
1755 4011 1770 4046 r
1787 3997 1816 4048 et

181 4071 365 4144 ttrespestns,
380 4071 488 4143 inquit,
503 4071 594 4127 home
608 4071 663 4126 tuit
677 4071 823 4125 sceleratus
834 4074 864 4126 et
876 4072 979 4142 deplo-
1019 4083 1130 4137 magne
1148 4067 1252 4122 labere
1274 4066 1413 4121 manibus
1430 4067 1480 4122 vel
1497 4069 1624 4140 pedibus
1644 4071 1815 4144 subactam,

181 4159 252 4214 rate
262 4155 343 4226 viee
357 4155 394 4211 de
407 4170 443 4210 eo
456 4153 624 4210 consultum
638 4153 809 4221 oraculum,
821 4167 895 4208 num
910 4170 978 4226 qum
1018 4153 1092 4222 puta
1109 4163 1255 4217 massam,
1268 4148 1316 4204 vel
1336 4151 1469 4221 pastam,
1484 4151 1526 4206 uti
1547 4167 1618 4208 mex
1636 4152 1747 4211 habent
1765 4157 1817 4211 lle-

182 4237 396 4296 emendatienis
407 4238 471 4308 ejus
484 4235 559 4293 ieret
572 4238 657 4309 spes?
670 4235 842 4308 respondit:
857 4236 979 4293 allelior
1019 4233 1115 4302 brae,
1130 4231 1202 4304 quia
1221 4231 1330 4286 scilicet
1351 4246 1413 4286 non
1433 4231 1584 4291 hebebant
1603 4237 1732 4308 spatium
1750 4252 1817 4294 eam

182 4323 238 4380 erit
250 4324 411 4396 postquam
424 4319 512 4377 tuerit
524 4323 670 4375 mortuus.
679 4338 695 4371 ι
708 4319 799 4376 Paulo
813 4323 881 4391 pest
893 4321 980 4376 Thes·
1019 4313 1215 4372 tormentaret
1228 4317 1256 4370 et
1269 4313 1428 4386 coquendi,
1440 4316 1551 4372 ceeturi
1563 4316 1647 4373 illam
1656 4318 1755 4390 prime
1769 4334 1818 4376 ec·

181 4405 283 4480 pesius
296 4403 379 4476 gravi
397 4403 483 4476 lapsu
498 4406 526 4459 et
542 4419 613 4458 casu
626 4402 764 4472 collisus,
781 4403 925 4459 exanimis
935 4405 980 4474 J'a·
1021 4399 1140 4455 cesione
1156 4396 1203 4467 (2).

183 4490 243 4547 cuit
258 4507 265 4545 ι
280 4488 366 4545 tertie
381 4487 428 4544 die
442 4487 481 4543 ad
493 4501 523 4542 se
536 4486 671 4555 rediens,
683 4489 821 4556 regatus,
838 4484 890 4541 ubi
908 4485 980 4542 iuis-
1057 4483 1095 4536 Er
1116 4492 1217 4536 aretas
1235 4492 1265 4534 ut
1287 4491 1406 4534 rietus.
1420 4507 1457 4522 -
1469 4478 1625 4538 Chaldaeus
1646 4484 1675 4540 et
1695 4483 1817 4556 Septua-

184 4575 242 4641 set,
256 4571 412 4646 quomedo
430 4569 581 4627 rediisset?
594 4568 685 4638 dixit,
698 4568 730 4624 in
747 4583 818 4624 casu
836 4567 895 4624 hec
915 4568 980 4624 eui·
1021 4565 1117 4638 ginta,
1131 4568 1162 4619 in
1175 4564 1302 4618 cestibus.
1315 4561 1468 4619 liebraeum
1483 4542 1577 4627 lilim
1587 4567 1683 4622 simale
1695 4551 1826 4641 proprie·

183 4671 266 4713 mam
277 4670 363 4711 suam
373 4654 675 4726 eductamceerpere,
687 4652 746 4708 alia
760 4651 860 4708 emnia
871 4651 980 4708 vidisse
1021 4647 1166 4720 significat
1175 4645 1374 4716 involucrum,
1385 4645 1433 4701 vel
1443 4646 1616 4718 amiculum,
1628 4663 1689 4720 que
1700 4648 1817 4723 aliquid

184 4742 213 4797 et
230 4738 371 4808 sensisse,
388 4738 517 4811 ideoque
530 4753 602 4794 mex
621 4740 715 4793 totam
732 4736 821 4791 aliam
840 4742 903 4790 esse
922 4735 982 4792 iae·

184 4825 264 4891 ‘⁸¹1¹'
277 4820 400 4894 perinde
414 4835 449 4876 ⁸⁰
461 4820 487 4876 Si
500 4820 567 4893 ‘inis
586 4837 602 4876 θ
618 4819 688 4875 ¹¹³Vi
702 4818 734 4874 in
752 4833 833 4911 ¹¹¹³,OE
848 4822 981 4892 mimate
1054 4843 1089 4906 (n)
1107 4839 1157 4892 atii
1170 4845 1289 4903 vertunt,
1302 4849 1408 4890 mactraa
1421 4854 1481 4891 saer
1501 4844 1594 4904 ligatae
1612 4845 1640 4892 in
1659 4847 1816 4904 erramus,

184 4904 243 4963 alie
263 4918 387 4977 prorsus
403 4903 490 4959 sentit
508 4906 536 4958 et
554 4902 647 4975 sapit3
662 4901 761 4973 itaque
780 4898 877 4955 arebat
894 4915 926 4958 se
938 4900 982 4958 vi-
1022 4916 1071 4965 llas
1082 4917 1182 4976 oportet
1194 4925 1282 4976 parvas
1295 4911 1432 4962 admodum
1443 4909 1535 4969 lube,
1549 4913 1634 4975 quales
1646 4921 1706 4965 sunt
1720 4915 1818 4978 patella

185 4987 264 5045 disse
281 4985 433 5043 benorum
447 4984 632 5055 felicitatem
649 4983 828 5056 impiorum,
844 4985 876 5039 ut
894 4984 981 5040 Ner-0.
1022 4985 1127 5048 lignem,
1147 4982 1174 5031 in
1188 4981 1281 5044 quibus
1296 4980 1437 5031 etiamnum
1455 4981 1549 5030 Arabes
1564 4983 1690 5044 placentas
1710 4997 1767 5035 suas
1779 4983 1819 5035 in·

1022 5055 1186 5106 fermentatas
1207 5051 1324 5114 depsere,
1337 5057 1363 5100 et
1379 5056 1465 5100 coctas
1482 5051 1511 5100 in
1524 5050 1616 5102 itinere
1631 5065 1718 5103 secem
1730 5066 1819 5118 gerere

217 5128 254 5195 (l)
269 5133 350 5188 Neque
368 5135 422 5176 eret
436 5127 528 5174 demus.
543 5125 579 5175 De
599 5122 718 5174 omnihus
734 5121 776 5172 hic
789 5120 892 5182 dicitnr,
913 5124 981 5186 qued
1022 5125 1111 5175 solent.
1130 5120 1286 5170 Vestimenta
1298 5125 1394 5180 autem,
1410 5119 1503 5182 quibus
1515 5120 1626 5184 illigatas
1641 5127 1750 5174 mactras
1762 5137 1819 5187 per-

186 5197 305 5249 maximae
319 5199 386 5261 parti
403 5195 570 5258 competebat.
584 5193 631 5244 Vel
646 5193 667 5243 si
681 5192 758 5242 verba
771 5191 815 5241 illa
828 5192 930 5256 proprie
941 5207 982 5243 su·
1022 5198 1109 5243 tarunt
1122 5191 1221 5240 Hebraei
1233 5202 1308 5252 super
1321 5189 1445 5254 humeris,
1455 5188 1548 5239 similia
1560 5189 1636 5240 luisse
1652 5192 1741 5242 velunt
1753 5200 1756 5238 t

186 5281 249 5333 mas,
259 5269 327 5319 haud
341 5267 507 5331 improbabile
518 5265 607 5330 erit,si
617 5264 644 5315 in
657 5264 743 5328 aliqua
753 5263 829 5313 demo
839 5277 890 5313 non
903 5262 982 5314 tuerit
1023 5271 1138 5314 ceterum
1151 5261 1323 5310 Romanorum
1340 5263 1367 5308 et
1382 5263 1479 5320 πέπλοις
1492 5261 1652 5322 Graeeernm,
1667 5274 1724 5324 quae
1737 5283 1740 5306 ‹

187 5339 381 5404 primogenitus,
396 5338 441 5401 qui
458 5337 569 5389 indeme
577 5337 625 5389 hac
636 5333 764 5388 maximus
770 5333 822 5386 tuit
830 5347 876 5400 pro
886 5333 981 5400 primo-
1022 5345 1096 5396 super
1107 5331 1244 5382 humerum
1253 5327 1394 5381 habuerint
1405 5327 1499 5392 alnum,
1508 5329 1583 5380 varie
1595 5329 1623 5382 iu
1633 5329 1665 5383 lie
1673 5343 1714 5384 rea
1724 5344 1740 5395 p

188 5411 275 5473 genite
284 5407 402 5460 habitam
412 5419 473 5460 sete.
1023 5405 1150 5468 poterant.
