4088 6032
272 364 308 422 10
819 357 995 419 nucoutuu
1013 358 1133 418 SAGRAE
1150 355 1355 416 scutulatum.

270 466 450 541 Scripturas,
465 469 498 524 ut
515 467 545 526 at
557 465 615 539 ipat
628 473 700 524 tuoe
718 479 770 522 eae
782 465 923 524 docerent
936 464 1068 538 discipu·
1109 461 1219 520 indens
1232 461 1300 520 libr.
1315 463 1442 518 Diuinae.
1458 462 1603 518 lectionum
1617 460 1753 520 retileus
1766 475 1850 534 mm,
1861 462 1907 521 ln-

271 551 327 622 loa,
338 553 557 624 etadposteros
567 549 1067 624 continua,atparmanusaccepta
1108 547 1188 620 quii,
1209 561 1279 604 enm
1297 544 1469 602 beatimimo
1483 547 1616 618 Agepeto
1627 545 1711 602 urbis
1725 548 1842 615 llomae,
1856 549 1905 616 nt,

272 635 452 694 derivatione
474 634 713 694 transmitterent.
733 633 779 692 Sia
797 649 848 692 aas
868 633 925 692 sibi
944 632 1065 690 treditm
1109 632 1184 690 sicut
1204 631 1288 705 apud
1308 627 1516 688 Alexandriam
1539 629 1635 688 multo
1659 634 1793 701 tempera
1814 629 1906 686 luisse

272 718 380 778 docent
397 719 424 776 S.
445 717 602 790 Dionysius
622 716 750 791 apostoli
767 717 868 789 Pauli,
886 721 916 776 et
932 717 1065 774 Clemens
1107 716 1234 772 traditur
1247 713 1427 782 institutum,
1442 727 1523 770 nune
1537 712 1626 770 etiam
1639 712 1671 770 in
1685 713 1776 770 Nisibi
1789 713 1905 772 civitate

272 801 299 858 s.
315 800 388 860 Patri
402 800 550 874 discipuli.
1107 800 1250 872 Syrorum
1272 797 1399 858 Hebraeis
1419 796 1524 854 sedulo
1537 794 1630 854 iertur
1647 796 1771 870 exponi,
1788 797 1905 854 collatis

151 888 176 938 8·
194 889 261 935 urerer
308 886 367 944 lloe
380 886 514 955 consilio,
527 884 756 958 hacipsaaeteta
774 886 803 943 s.
818 886 929 943 liarcua
942 883 1067 942 Alexan·
1107 881 1244 954 expensis
1271 881 1304 940 in
1330 880 1406 940 urbs
1431 881 1565 938 Romane
1588 879 1738 953 professos
1767 882 1904 937 [lectores

160 951 253 1057 affl:
274 967 345 1026 driea
354 969 546 1028 Christianam
556 969 632 1027 banc
640 983 791 1026 sacrarum
801 968 974 1026 Litterarum
984 983 1065 1025 com·
1107 965 1216 1024 sehale
1230 964 1330 1038 potius
1340 963 1505 1038 acciperent
1514 963 1794 1033 Christianm,unde
1802 963 1905 1022 anima

170 1070 240 1119 nim,
271 1052 482 1112 mentationenr
491 1051 624 1112 instituit.
633 1051 734 1110 Videre
743 1050 811 1108 lieet
820 1051 903 1123 apud
912 1051 1065 1110 Philonem
1107 1049 1267 1122 susciperet
1288 1052 1429 1106 eternam
1449 1047 1574 1106 salutm
1580 1087 1590 1117 ,
1604 1051 1634 1106 et
1649 1052 1730 1104 casto
1743 1051 1832 1120 atque
1843 1063 1903 1120 pu·

271 1134 406 1194 sudeam
420 1136 571 1194 oculatum
584 1138 698 1204 testam,
714 1133 793 1194 libro
806 1137 845 1192 ile
869 1136 1065 1192 Vitaaoatem-
1106 1132 1224 1190 ausimo
1237 1132 1359 1206 eloquio
1374 1130 1509 1188 ridellum
1525 1129 1628 1202 lingua
1640 1135 1815 1188 comeretur.
1867 1141 1873 1150 ·

270 1221 388 1290 pieriae,
408 1223 436 1276 at
454 1219 625 1289 Eusebium,
644 1217 697 1276 lib.
713 1220 770 1276 xlv
793 1219 868 1277 Eiet.
891 1220 1063 1288 Easarorum,
1143 1213 1633 1288 luterbatiuosparroprimusjme
1642 1214 1903 1274 ermeneuma-
1916 1219 1943 1263 S·
1974 1223 2019 1267 aa

269 1317 363 1375 qaam
375 1302 493 1362 assidue
507 1302 617 1370 Esseni,
637 1300 738 1374 primi,
756 1299 892 1372 inquam,
906 1300 949 1360 illi
968 1301 1064 1358 chris·
1106 1313 1251 1372 ronymus
1265 1299 1311 1356 eui
1325 1297 1380 1356 oevi
1393 1297 1529 1370 phoenix,
1543 1296 1597 1370 qui
1610 1297 1686 1356 adeo
1700 1300 1778 1356 totus
1790 1297 1839 1354 bie
1850 1311 1903 1358 ex·
1915 1295 2012 1388 ᾛξξι·

269 1386 341 1446 tianl
354 1386 553 1456 Alexandrini,
566 1385 607 1444 ab
621 1399 729 1444 aurora
739 1385 771 1442 iu
784 1387 900 1442 noctem
912 1385 1002 1442 sacris
1012 1401 1064 1442 vo·
1106 1381 1242 1452 aubevil,
1265 1386 1299 1439 ut
1320 1381 1352 1438 iu
1374 1381 1455 1440 bisce
1468 1380 1580 1438 bitteris
1594 1381 1633 1438 ad
1646 1385 1809 1440 exuemanr
1821 1381 1902 1440 cani-
1920 1404 2009 1460 ,am

269 1469 434 1530 luminibus
451 1469 596 1540 legendis,
609 1467 776 1535 audiendis,
789 1467 993 1542 rimandisque
1015 1485 1064 1526 su·
1106 1466 1177 1526 bem
1192 1466 1392 1535 consenuerit,
1413 1468 1502 1538 atque
1524 1480 1562 1522 ax
1576 1464 1697 1522 liebraeo
1711 1466 1843 1524 Latinam
1856 1465 1904 1522 Ei·

269 1551 459 1612 blimioribus
470 1551 618 1623 allegoria
632 1551 767 1610 sensibus
781 1553 925 1608 ePetrum
938 1566 1063 1610 suorum
1106 1547 1746 1618 bliorumvorsionemconsignaritEaclesim,
1756 1563 1904 1622 quapro-

270 1636 498 1707 commentariis,
508 1636 715 1696 omnamdiem
726 1635 940 1708 impenderent.
953 1635 1063 1694 Exinde
1106 1631 1177 1690 inde
1201 1648 1271 1690 eum
1292 1633 1324 1690 in
1346 1632 1531 1703 exponendis
1551 1632 1641 1688 secde
1658 1632 1812 1705 scripturis
1829 1633 1904 1692 dea

267 1722 331 1793 jam
344 1721 547 1782 Euandrius
566 1719 674 1778 subolae
692 1720 770 1792 jacta
789 1724 859 1776 sunt
875 1719 1062 1791 primordia:
1107 1720 1201 1774 torem
1224 1716 1390 1774 maximum
1410 1715 1557 1786 indigitat.
1580 1714 1700 1774 Celebre
1722 1731 1843 1788 quoque
1857 1721 1904 1776 eat

271 1823 339 1881 quea
351 1808 489 1880 deinceps
503 1806 657 1875 succrevit,
671 1808 700 1864 et
712 1805 785 1862 mire
799 1805 908 1862 sensim
922 1804 1063 1876 adolevit,
1106 1798 1182 1857 illud
1195 1801 1223 1856 S.
1237 1799 1404 1871 Hieronymi
1414 1815 1423 1855 r
1435 1817 1452 1853 e
1464 1798 1613 1859 Disaenius
1623 1799 1654 1856 in
1664 1798 1904 1872 terris,quarum

271 1904 306 1950 aa
318 1891 509 1964 sequendbue
525 1890 640 1948 seculis
653 1891 813 1961 llarlyrum
832 1889 962 1958 agmina,
981 1888 1064 1946 illus-
1107 1883 1226 1942 scientia
1240 1882 1396 1940 nobiscum
1409 1886 1574 1955 perseveret
1587 1882 1618 1938 in
1631 1883 1726 1954 cmlis5
1740 1889 1814 1942 rats
1830 1883 1904 1942 «Sic

269 1978 345 2036 trem
359 1976 516 2032 beatorum
530 1973 752 2045 Prmealumque
765 1971 903 2041 charum,
914 1975 1003 2044 atque
1013 1987 1063 2028 or·
1107 1972 1209 2042 stude,
1222 1975 1366 2043 tanquam
1380 1985 1497 2044 semper
1514 1969 1665 2037 victurus3
1686 1968 1729 2028 sia
1740 1969 1821 2038 vive,
1836 1972 1903 2026 tan·

269 2057 317 2115 bia
336 2057 451 2118 lumina
469 2057 571 2127 dadit3
595 2061 625 2114 et
643 2060 677 2115 ut
690 2055 729 2114 ab
744 2071 805 2112 uno
820 2055 978 2114 metiamur
997 2055 1064 2112 reli·
1106 2071 1199 2130 quam
1219 2071 1337 2130 semper
1358 2055 1561 2112 morituram.»
1587 2056 1644 2111 liae
1663 2054 1701 2111 de
1723 2069 1814 2110 cause
1835 2053 1902 2127 lpse

270 2155 363 2215 quos,
375 2139 591 2214 videamusque
603 2153 695 2213 quem
713 2137 799 2196 avide
820 2142 849 2196 et
861 2137 1006 2200 indefesse
1020 2138 1064 2196 di·
1107 2141 1257 2212 Hebraeas,
1280 2143 1322 2201 uti
1344 2145 1415 2201 Cato
1437 2143 1550 2200 arecas
1570 2140 1679 2198 litterae
1702 2141 1734 2198 in
1753 2143 1903 2198 senectute

269 2223 407 2282 vinorum
420 2223 609 2298 eloquiorum
623 2222 805 2282 curriculum
819 2221 1014 2292 decurrerint,
1025 2222 1064 2283 da
1107 2225 1263 2301 perdidicit
1268 2245 1277 2298 3
1288 2227 1344 2283 hae
1355 2227 1392 2283 de
1407 2240 1497 2282 causa
1505 2223 1672 2280 Bethlehem
1680 2225 1709 2280 et
1721 2222 1789 2280 loca
1799 2228 1903 2282 sanem

153 2307 394 2380 ⁰¹⁴⁸⁰¹1⁸⁸0i180110
417 2311 521 2366 ullum
542 2311 586 2364 ⁶⁸¹
607 2305 761 2376 Eusebius,
784 2319 854 2362 0⁰⁰1
870 2306 934 2376 lum
955 2305 1065 2366 iudea
1106 2311 1193 2380 adllt3
1214 2311 1270 2369 bea
1290 2312 1328 2369 de
1348 2323 1438 2366 eausa
1456 2313 1568 2365 veteres
1582 2322 1685 2364 ornnes
1698 2309 1812 2366 Grecos
1826 2308 1903 2366 Latia

151 2383 259 2478 ‘nffl
271 2405 364 2464 puero
387 2391 462 2450 illud
480 2390 645 2459 inchoasse,
660 2388 840 2460 solitumque
859 2387 936 2461 patri
955 2388 987 2446 in
1000 2387 1063 2446 dies
1107 2409 1221 2466 nosque
1235 2397 1494 2461 commentatores,
1506 2395 1577 2448 testa
1590 2392 1617 2448 S.
1629 2392 1808 2463 Augustino,
1823 2393 1903 2464 lege.

171 2506 235 2540 aare
271 2475 405 2546 singulae
417 2475 575 2532 sententias
589 2472 835 2545 aliquotsaarese
848 2472 1064 2538 memoriam·
1106 2484 1166 2551 mr,
1180 2493 1310 2554 quorum
1328 2479 1487 2552 plerosque
1509 2477 1572 2548 ipse
1589 2491 1666 2550 quos
1680 2481 1902 2554 secutur-asaia,

156 2554 252 2612 ΜΡΝ·
270 2558 315 2616 lut
328 2558 470 2616 diurnum
482 2569 611 2629 peneum
624 2556 748 2614 fflddsslfl
767 2561 796 2614 θ*
815 2555 951 2627 militiis
965 2569 1063 2628 nequa
1106 2565 1242 2624 omnium
1260 2565 1320 2622 iare
1335 2561 1615 2620 commentariorum
1630 2577 1753 2618 suorum
1767 2564 1903 2635 prologis

187 2629 224 2663 η’
269 2640 315 2702 ¹11⁸
328 2643 508 2710 wulfinum,
523 2638 681 2698 filistim&
694 2639 780 2698 fliium
802 2653 906 2696 eitum
926 2637 1062 2704 notiones
1105 2649 1270 2723 premittit3
1281 2646 1445 2719 etgravlter
1456 2645 1590 2703 incusare
1601 2643 1736 2702 eoleteos
1747 2647 1816 2719 qui,
1831 2647 1901 2704 ebs·

269 2727 298 2782 et
311 2739 397 2782 sensa
409 2725 605 2798 pervestigare
625 2727 654 2781 et
667 2724 847 2795 interrogare
866 2723 1012 2797 caepisse:
1031 2727 1063 2784 at
1105 2733 1221 2807 quellei
1231 2729 1669 2804 gretlaetdoatrinamajmum,
1680 2729 1900 2790 seientiameibi

268 2824 338 2868 cum
352 2808 481 2868 adultior
498 2806 604 2876 tactm,
624 2808 823 2882 cathedraqua
837 2807 976 2878 donatus,
995 2822 1062 2880 per·
1105 2815 1255 2874 vendimur
1267 2815 1492 2888 scripturarum.

269 2892 337 2952 diu
359 2897 522 2966 aspernor
542 2895 638 2986 opatu
659 2897 849 2964 prosecutus,
869 2891 926 2952 aaa
945 2907 1007 2948 una
1023 2891 1061 2950 aa
1141 2899 1898 2977 roaros.augustinusrrruarneenrraeumen,qu0a
1961 2905 1997 2946 ν».

269 2991 358 3036 reuse
380 2976 531 3034 sauream
551 2975 686 3046 unguem
709 2975 844 3048 perarua,
863 2980 892 3033 ee
905 2978 968 3034 uro
988 2975 1061 3034 orne
1104 2983 1899 3062 preereamensaeusroausesoropervasere.aeec-
1912 2964 2026 3078 ggqgig

269 3059 449 3132 conquinae
461 3058 613 3118 vanamne
629 3063 820 3132 interpretum
839 3059 988 3118 versiones
1001 3058 1063 3116 ⁰01·
1105 3085 1163 3145 qua
1177 3068 1378 3127 narraveram
1390 3067 1513 3136 soraee,
1529 3067 1602 3140 quin
1616 3067 1751 3140 protinus
1765 3067 1900 3127 arrianae

266 3142 352 3214 18811,
368 3141 519 3217 etprimua
530 3157 610 3202 ¹10V0
621 3142 759 3216 exemplo
769 3142 897 3215 hexapla
907 3141 1062 3215 9100181118
1105 3159 1289 3229 sequeretur3
1305 3167 1376 3212 mex
1392 3165 1477 3208 esua
1489 3151 1691 3221 conversione,
1707 3153 1738 3206 1).
1750 3152 1899 3212 Ambrosii

268 3226 414 3322 im1¹i0ss⁵⁰
436 3227 540 3288 abore
562 3227 758 3298 elucubravit,
778 3226 957 3300 3011οὣ11116
979 3226 1062 3284 illus·
1105 3253 1213 3308 suasu,
1226 3237 1305 3295 libro
1321 3239 1352 3293 lli
1369 3237 1488 3303 confess.
1506 3248 1539 3302 v,
1554 3233 1658 3290 isaiam
1675 3236 1853 3307 proplietam
1867 3238 1899 3294 in

268 3313 364 3369 travit.
1105 3337 1212 3379 manus
1236 3320 1403 3390 accipiens,
1430 3317 1510 3374 illico
1534 3315 1685 3390 profundo
1709 3318 1899 3390 eloquiorum

177 3399 211 3442 ³⁴·
306 3395 363 3451 flue
376 3393 588 3452 secutiuuuiiu
602 3392 717 3452 Oriente
730 3393 972 3466 parliertiuteum
986 3395 1062 3452 ΕΜ·
1105 3406 1168 3476 ejus
1177 3403 1359 3472 absterritus,
1369 3417 1438 3458 cum
1450 3401 1577 3473 primam
1592 3401 1655 3469 ejus
1667 3399 1822 3458 lectionem
1836 3415 1900 3460 non

151 3455 259 3562 Βὺῃῇῗ·
271 3474 323 3532 oiae
337 3478 495 3534 beatorum
507 3491 577 3551 par,
592 3476 713 3534 Basilius
730 3481 757 3533 et
771 3477 926 3548 Gregorius
939 3477 1062 3535 Tlteulo·
1105 3491 1237 3558 asperet,
1251 3485 1349 3542 retulit
1360 3485 1479 3558 pedem,
1492 3482 1663 3555 distulitqua
1676 3499 1746 3539 aum
1754 3523 1763 3552 ,
1778 3485 1853 3542 dam
1867 3487 1900 3542 in

159 3578 249 3623 aaran
271 3575 344 3630 gns,
368 3560 421 3633 qui
443 3561 483 3619 ad
506 3559 676 3620 monasterii
698 3562 909 3632 solitudinem,
931 3561 1061 3634 murum
1106 3569 1257 3626 dominico
1267 3569 1387 3642 eloquio
1402 3567 1476 3625 ieret
1489 3566 1681 3622 exercitatior.
1692 3567 1750 3623 Sed
1763 3571 1792 3624 et
1803 3569 1900 3626 multo

168 3649 239 3688 Μ·
272 3643 424 3716 otiumque
446 3641 663 3715 confugientes,
685 3643 766 3715 ipsos
789 3645 928 3702 tredecim
950 3659 1060 3717 annos,
1105 3655 1173 3724 post
1192 3653 1229 3708 ad
1253 3653 1429 3707 Volusianum
1442 3648 1590 3718 scribens,
1605 3651 1724 3719 Epistl
1744 3667 1751 3704 r
1770 3654 1899 3720 alanta,

270 3727 391 3786 remotis
411 3726 552 3785 carnibus
574 3729 740 3784 Graecorum
760 3727 945 3784 secularium
958 3727 1059 3798 libris,
1105 3735 1159 3804 ait,
1178 3737 1221 3790 est
1233 3734 1457 3790 christianarum
1472 3731 1659 3806 profunditas
1672 3732 1852 3804 litterarum,
1867 3743 1902 3792 ut

268 3809 326 3869 eali
349 3811 457 3870 divinae
475 3812 629 3884 Scripturas
643 3825 766 3883 operam
780 3811 940 3880 dederunt,
957 3831 972 3864 e
986 3813 1061 3870 divi·
1105 3819 1137 3874 in
1150 3817 1191 3874 ais
1202 3818 1336 3890 quotidie
1346 3817 1532 3890 proficerem,
1544 3816 1569 3871 si
1578 3831 1627 3871 eas
1638 3815 1718 3872 solas
1730 3816 1769 3874 ab
1780 3818 1902 3875 ineunte

269 3911 368 3970 neque
386 3894 557 3964 volumina,
586 3893 628 3951 eit
640 3892 789 3964 Euillnus,
803 3894 857 3950 lib.
871 3897 902 3950 lii
923 3897 997 3952 Eiet.
1013 3912 1061 3966 rx,
1104 3907 1187 3958 aetate
1212 3904 1300 3975 (nota
1321 3901 1430 3972 verba)
1445 3916 1540 3974 usqua
1555 3899 1595 3956 ed
1609 3899 1788 3973 decrepitam
1802 3917 1903 3960 sanea-

268 3995 330 4040 non
342 3995 379 4038 ex
398 3979 518 4054 propria
532 3979 774 4052 presumptione,
792 3979 845 4036 sed
859 3994 896 4036 ex
913 3982 1061 4051 majorum
1105 3991 1211 4054 tutem,
1226 3985 1358 4062 marimo
1371 3985 1448 4053 otio,
1461 3999 1580 4040 summo
1591 3985 1708 4054 studio,
1722 3986 1844 4043 meliore
1857 3988 1903 4044 ln-

268 4063 382 4137 seriptis
392 4068 420 4122 et
431 4063 615 4130 auctoritate,
635 4075 712 4134 quos
724 4061 805 4134 ipses
818 4062 926 4134 puriter
937 4079 974 4120 ex
984 4069 1061 4136 Apo-
1105 4068 1192 4140 genio
1206 4083 1328 4126 conarer
1342 4069 1502 4125 addiscere.
1519 4069 1624 4124 Praeter
1636 4067 1729 4124 tidem
1746 4070 1826 4126 enirn
1839 4075 1902 4128 mm

266 4147 370 4224 etelica
380 4144 890 4217 successioneintelligendiregulam
901 4149 1061 4220 suscepisse
1105 4151 1214 4221 multa,
1233 4156 1354 4225 tamque
1378 4149 1591 4223 multiplicibus
1612 4151 1821 4223 mysteriorum
1835 4169 1903 4212 um·-

266 4230 439 4300 constabat,
462 4229 692 4287 commentando
710 4227 965 4301 persolvebant.»
982 4235 1060 4288 itane
1104 4234 1233 4292 breeulis
1258 4249 1366 4308 opaea,
1387 4234 1578 4304 intelligenda
1604 4233 1830 4306 proficientibus
1855 4254 1901 4296 re·

265 4313 354 4370 tantis
377 4311 461 4382 viris,
481 4328 517 4370 ea
537 4313 695 4384 sapientie,
715 4312 835 4383 ingenio
850 4317 878 4370 et
891 4314 1061 4387 eloquentia
1105 4323 1193 4386 stent,
1201 4323 1343 4390 tantaque
1354 4333 1416 4374 uon
1429 4317 1529 4374 solum
1537 4318 1568 4374 in
1577 4316 1686 4386 verbis,
1697 4331 1801 4376 verum
1812 4321 1902 4378 etiam

265 4395 413 4469 preditis,
435 4399 479 4452 tot
499 4409 594 4452 annos
614 4393 646 4450 in
668 4395 843 4454 rudimentis
857 4411 946 4454 sacrae
966 4397 1061 4472 Scrip-
1104 4401 1135 4458 in
1144 4401 1233 4458 rebus
1247 4400 1317 4458 latet
1327 4400 1452 4458 altitudo
1463 4400 1629 4472 sapientia,
1641 4405 1675 4457 ut
1685 4403 1899 4473 annosissimis,

266 4482 340 4538 turea
361 4477 460 4538 visum
482 4481 525 4536 est
549 4492 678 4550 ponere;
702 4479 790 4536 nobis
805 4481 880 4536 adea
894 4478 995 4538 faciles
1008 4480 1061 4541 ba·
1105 4485 1294 4553 acutissimis,
1320 4482 1554 4554 flagrantissimis
1580 4483 1740 4556 eupiditate
1769 4486 1902 4546 uerendi

265 4564 391 4622 beantur
404 4579 494 4622 sacrae
503 4562 624 4633 Litterae,
634 4566 667 4620 ut
676 4565 733 4620 tres
743 4569 905 4637 quatuorve
916 4581 1012 4624 annos
1025 4567 1061 4624 iis
1104 4567 1163 4624 hoa
1186 4567 1351 4636 contingat,
1372 4567 1456 4640 quod
1479 4566 1582 4622 eadem
1605 4568 1754 4640 Scriptura
1765 4571 1901 4642 quodem

266 4664 371 4706 vacare
381 4649 501 4717 taedeat,
513 4650 578 4717 aut,
592 4646 618 4703 si
637 4646 737 4720 plures
751 4652 901 4721 oporteat,
918 4651 1019 4708 oleum
1032 4658 1062 4712 et
1105 4649 1292 4708 incohabat:
1308 4651 1382 4708 Cum
1394 4649 1645 4708 consummaverit
1656 4650 1761 4723 bomo,
1773 4657 1844 4712 tuna
1856 4654 1901 4712 ln-

268 4747 391 4805 operam
399 4746 519 4788 omnem
528 4731 692 4804 perdidisse
701 4746 757 4788 nes
767 4732 998 4793 arbitremuriS.
1010 4737 1061 4792 Ea·
1105 4731 1201 4806 cipiet.
1216 4751 1232 4786 a

193 4824 217 4868 a.
269 4815 328 4874 silii
340 4830 456 4872 coaeum
469 4813 524 4872 init
536 4814 563 4871 S.
580 4813 706 4885 Ephrem
715 4815 819 4886 syrus,
830 4815 883 4888 qui
895 4832 988 4888 quam
999 4817 1062 4874 iue-
1140 4813 1344 4874 Difficultatem
1355 4819 1464 4886 augent
1476 4815 1618 4876 idiotiemi
1629 4817 1743 4876 liebraal
1755 4822 1784 4877 et
1797 4822 1889 4880 Graeci
1917 4821 2042 4878 unguriae

147 4877 250 4942 Elim·
270 4898 309 4955 rit
320 4899 470 4957 studiosus
489 4912 579 4956 sacrae
592 4897 746 4970 Scriptura
754 4937 765 4967 ,
783 4897 889 4954 docent
902 4899 965 4968 ejus
978 4899 1061 4958 lucu·
1104 4897 1217 4972 ubique
1239 4897 1349 4970 sparsi,
1365 4899 1403 4954 ad
1418 4913 1495 4971 quos
1511 4902 1732 4971 pernoscendae
1745 4919 1823 4976 opus
1837 4865 1901 4963 esse
1920 4883 2032 4989 ἔειφ’

269 4980 431 5040 bretionas.
1104 4985 1258 5054 utriusque
1276 4981 1387 5054 lingue
1407 4983 1593 5054 cognitione,
1613 4985 1700 5044 docet
1720 4987 1748 5044 S.
1763 4992 1902 5059 Augusti·
1913 5013 1934 5052 u
1947 4962 2039 5056 af?

303 5067 342 5122 De
356 5064 464 5123 scholis
474 5079 564 5122 sacrm
576 5062 730 5136 Scripturas
738 5062 829 5120 Nisibi
839 5063 975 5122 institutis
988 5071 1061 5124 tem·
1104 5083 1176 5136 nus,
1197 5067 1250 5124 lib.
1266 5068 1288 5126 ll
1303 5071 1342 5124 lle
1356 5071 1487 5124 Doctrina
1503 5069 1673 5135 Christiane,
1697 5085 1764 5144 cap.
1779 5085 1809 5130 x.
1825 5075 1901 5130 Dua·
1919 5082 2039 5119 ”wam-

266 5148 501 5222 paratustinieni
512 5145 697 5219 imperatoris
707 5145 787 5203 testis
798 5150 841 5202 est
850 5147 976 5203 luuilius
988 5148 1062 5204 Airi-
1104 5149 1162 5210 bus
1174 5151 1254 5208 enim
1267 5150 1304 5207 de
1317 5151 1413 5208 causis
1427 5165 1488 5208 nou
1497 5151 1701 5224 intelliguntur
1712 5171 1780 5226 quaa
1791 5157 1901 5232 scripte
1914 5133 2002 5237 ’ἐζ-ἀ
2027 5145 2032 5153 ’

267 5248 358 5291 canus
371 5233 531 5307 Episcopus
545 5230 622 5288 libro
634 5230 671 5286 ad
682 5233 858 5286 primasium.
870 5231 993 5288 Easdem
1004 5233 1061 5290 sub
1105 5238 1189 5306 sunt,
1201 5235 1226 5292 si
1237 5238 1289 5294 eut
1301 5235 1419 5306 ignatis,
1434 5240 1485 5294 aut
1498 5236 1646 5308 ambiguis
1660 5238 1751 5309 signis
1764 5243 1901 5300 verbisve
1914 5203 2041 5308 senff

267 5316 372 5374 eodem
395 5317 572 5389 imperatore
590 5316 716 5372 Romam
727 5314 866 5372 inducere
881 5320 1005 5372 conatus
1018 5321 1062 5375 est
1106 5317 1286 5389 obteguntur
1309 5334 1317 5375 ι
1340 5323 1500 5394 utrumque
1519 5335 1582 5378 non
1603 5336 1706 5378 rarum
1726 5327 1770 5380 esi
1782 5324 1814 5382 in
1828 5341 1902 5398 qna·
1914 5315 2040 5388 ⁸2A¹¹⁸⁰

266 5396 1060 5479 armaturenuas,uuuerrarcessi0eorusinpre-
1105 5406 1177 5464 libat
1199 5403 1349 5473 versione,
1370 5419 1432 5478 qua
1450 5405 1491 5464 ab
1511 5419 1574 5468 une
1596 5404 1738 5470 idiomate
1760 5407 1792 5466 in
1817 5382 2017 5470 abnam*
