4134 6056
302 281 341 338 811
815 278 1057 340 condensitate
1074 279 1109 338 111
1126 279 1286 350 tenesne,
1304 287 1368 340 dll’r
1386 275 1425 340 11.Ι

303 382 426 458 quidem
439 383 532 444 nostrl
542 383 591 444 dle
603 398 639 442 ac
651 383 738 443 nocte
748 383 905 444 excubant.
920 388 1017 456 Quam
1029 400 1095 460 spe·
1140 389 1169 444 et
1191 386 1233 444 its
1253 385 1372 445 lenibus
1391 383 1567 459 operiuntur
1584 383 1761 456 visceribus,
1779 389 1813 444 nt
1833 387 1936 460 explo-

302 466 384 534 ciosa
396 467 546 527 caesarias?
559 467 636 535 Quid
654 466 718 525 sine
734 468 829 542 capita
846 473 890 526 est
902 468 1011 540 homo,
1024 484 1095 526 cum
1140 467 1228 528 randi
1245 469 1334 544 copia
1357 468 1409 539 sit,
1432 472 1462 526 et
1479 466 1613 527 celeritas
1629 467 1792 539 sentiendi,
1810 470 1935 544 quando

301 552 381 610 totus
393 552 425 610 in
439 551 533 625 capite
547 550 605 608 siti
618 551 689 609 lluic
705 550 788 611 irons
803 551 912 624 libera,
932 569 1001 628 quac
1013 567 1097 612 men·
1140 552 1225 612 nulla
1236 557 1281 611 est
1293 553 1440 611 viscerum
1452 549 1617 609 crassitudo
1628 567 1698 626 quae
1710 552 1832 624 pulsum
1842 553 1936 626 possit

280 676 282 681 .
301 632 339 689 tis
355 633 491 690 habitum
510 633 607 707 speeie
626 633 673 691 sui
695 635 814 708 prodat.
835 638 936 707 imago
955 636 1096 710 quaedam
1141 633 1300 694 obducere.
1315 636 1389 693 Ossa
1403 649 1525 709 quoqne
1542 635 1645 692 ornnia
1657 635 1738 693 tenui
1752 641 1855 708 operta
1866 639 1936 694 sunt

301 716 393 774 animi
405 716 539 790 loquitur
557 716 590 774 in
603 717 698 774 vultu.
713 717 842 777 Geminae
858 719 948 776 series
962 719 1094 792 superci·
1139 719 1264 790 viscere,
1278 723 1308 778 ct
1316 718 1447 777 revincta
1460 718 1568 786 nervis,
1581 719 1730 791 precipue
1743 722 1841 776 tamen
1856 718 1937 793 capi-

205 797 218 812 '
300 797 410 858 liorum
435 799 529 858 oculis
552 801 738 860 munimenta
759 804 965 876 praetendunt,
989 806 1095 876 praete·
1139 804 1176 864 tis
1193 805 1251 862 levi
1267 808 1345 863 tecta
1360 807 1430 861 sunt
1448 804 1545 873 corio,
1559 803 1655 872 unde,
1673 818 1736 878 quo
1749 804 1865 875 possint
1882 803 1935 862 cli·

300 887 375 942 xant
394 883 529 955 gratiam.
549 887 670 958 Propter
684 886 789 944 oculos
807 887 905 945 ierunt
922 887 1031 945 medici
1043 903 1096 962 pe·
1138 887 1224 963 quod
1236 888 1379 945 adversus
1396 887 1519 943 umbras
1531 891 1560 943 et
1578 886 1690 956 frigora
1706 885 1816 944 habere
1834 888 1934 945 muni·

299 966 348 1025 riti
360 966 515 1026 cerebrum
526 967 657 1026 hominis
666 967 697 1026 in
710 971 805 1044 eapite
819 971 961 1029 locatum.
975 971 1094 1030 initium
1138 985 1217 1041 men,
1230 971 1345 1044 capillis
1358 970 1546 1028 densioribus
1560 971 1733 1028 vestiuntur.
1744 971 1821 1039 Quid
1835 972 1932 1030 dicam

300 1064 460 1109 nervorum
468 1055 497 1108 ct
505 1052 641 1109 omnium
654 1067 796 1110 sensuum
808 1053 963 1112 cerebrum
972 1058 1025 1112 est.
1037 1055 1095 1113 lni·
1138 1055 1177 1113 de
1185 1053 1284 1113 officio
1295 1054 1420 1129 pedum,
1431 1055 1484 1129 qui
1495 1059 1590 1113 totum
1601 1069 1712 1127 corpus
1723 1054 1786 1111 sine
1797 1056 1859 1114 uhu
1869 1073 1933 1114 sus·

300 1133 373 1192 tium
387 1140 487 1193 autem
499 1137 689 1207 arteriarum,
703 1141 733 1194 et
744 1137 824 1196 insiti
838 1137 944 1196 caloris
955 1153 1018 1211 quo
1031 1138 1094 1196 ani-
1137 1138 1210 1195 tinet
1221 1139 1320 1196 oneris
1332 1139 1458 1210 injuriat
1472 1138 1612 1196 Flexihile
1625 1152 1789 1211 genaque
1802 1154 1865 1210 pree
1878 1155 1933 1196 ca·

299 1222 419 1276 mantur
432 1223 460 1277 et
472 1218 614 1293 tepefiunt
631 1219 747 1291 vitalia,
760 1235 813 1278 cor
826 1236 889 1279 esse
900 1222 1034 1295 plerique
1048 1237 1095 1280 ar·
1139 1221 1206 1279 teris
1219 1221 1335 1280 Domini
1348 1222 1500 1292 mitigatur
1514 1219 1637 1290 offensa,
1649 1220 1724 1278 utin
1733 1222 1853 1278 nomine
1865 1225 1931 1280 lesu

299 1299 456 1361 bitrantur.
470 1304 616 1362 sensuum
633 1308 733 1363 autern
747 1304 935 1375 singulorum
949 1305 1029 1362 velut
1044 1320 1093 1361 or·
1139 1318 1227 1363 omne
1245 1319 1324 1377 genu
1343 1309 1489 1362 curvetur.
1509 1306 1572 1362 buo
1595 1304 1675 1361 enim
1696 1309 1765 1361 sunt
1783 1319 1850 1378 quae
1869 1321 1931 1378 prce

300 1401 412 1459 ganum
435 1387 519 1444 nervi
540 1391 626 1458 sunt,
650 1388 704 1461 qui
724 1387 807 1446 velut
827 1388 947 1447 chordae
965 1392 994 1445 et
1017 1387 1093 1446 fides
1138 1388 1248 1445 caeteris
1265 1390 1359 1445 Deum
1375 1389 1521 1458 mulcent,
1538 1387 1692 1445 humilitas
1712 1391 1741 1444 et
1760 1386 1844 1445 fides.
1868 1391 1931 1448 liuo

299 1469 439 1543 praedam
456 1470 494 1528 da
507 1469 629 1528 cerebro
643 1471 795 1541 oriuntur,
807 1475 837 1528 et
850 1485 904 1543 per
916 1475 1015 1544 partes
1028 1486 1093 1528 cor·
1137 1475 1206 1528 sunt
1224 1471 1340 1529 homini
1363 1472 1455 1545 pedes
1471 1487 1478 1526 e
1494 1470 1630 1544 quaterni
1649 1470 1730 1528 enim
1749 1471 1841 1545 pedes
1863 1477 1933 1531 sunt

299 1553 381 1625 poris
391 1553 423 1609 in
434 1552 552 1626 singula
563 1569 691 1628 quaque
704 1553 802 1613 officia
816 1554 996 1612 derivantur.
1010 1555 1093 1613 idco·
1136 1551 1205 1610 ieris
1222 1558 1251 1612 ei
1269 1553 1393 1625 belluis,
1408 1553 1472 1611 hini
1488 1552 1606 1611 avibus.
1626 1556 1659 1612 nt
1673 1553 1740 1613 ideo
1754 1569 1832 1612 unus
1845 1556 1931 1631 quasi

299 1652 359 1710 qua
379 1636 501 1694 mollius
521 1639 565 1694 est
583 1637 755 1708 cerebrum,
769 1637 842 1711 quia
861 1651 967 1694 omnes
988 1653 1092 1695 sensus
1137 1638 1174 1696 de
1187 1638 1359 1696 volatilibus
1378 1643 1423 1696 est
1438 1639 1546 1708 homo,
1564 1637 1618 1711 qui
1635 1636 1697 1695 alta
1710 1637 1775 1695 visu
1794 1641 1889 1712 petat,
1903 1644 1932 1698 et

300 1719 440 1792 suscipit:
455 1735 492 1778 ao
506 1719 587 1778 enim
604 1721 688 1779 nervi
704 1721 835 1782 referunt
854 1721 1010 1791 universa,
1023 1737 1092 1796 quas
1137 1722 1272 1797 quodam
1298 1722 1423 1792 remigio
1448 1722 1553 1778 volitet
1576 1719 1751 1779 sublimium
1779 1725 1932 1794 cogitatio·

300 1802 348 1860 vel
367 1799 473 1862 oculus
494 1803 613 1874 viderit,
630 1805 679 1863 vel
695 1805 776 1863 auris
792 1805 933 1875 audierit,
952 1803 1000 1862 vel
1016 1807 1093 1863 odor
1136 1819 1223 1874 num3
1240 1807 1269 1861 et
1282 1805 1350 1862 idco
1364 1806 1402 1862 de
1418 1821 1455 1862 co
1470 1805 1642 1862 dictumest
1656 1805 1931 1866 :Renovabitursi

300 1886 488 1958 inhalaverit,
502 1888 550 1944 vel
566 1889 669 1960 lingua
686 1888 878 1962 increpuerit,
891 1887 940 1945 vel
954 1903 988 1944 cs
1005 1905 1093 1962 sapo-
1136 1889 1932 1962 cutequiloejuventustua,eoquodpropiorsitcoeles-

300 1969 341 2027 ris
353 1971 507 2044 acceperit.
522 1972 653 2030 Sinuatio
665 1972 839 2030 interiorum
851 1972 970 2030 aurium
986 1974 1093 2030 modu·
1135 1971 1228 2042 tibus,
1250 1977 1279 2028 ct
1302 1973 1460 2030 sublimior
1478 1972 1600 2047 aquilis,
1621 1973 1674 2047 qui
1696 1973 1790 2047 possit
1811 1973 1928 2032 dicare:

300 2053 383 2113 tandi
400 2054 563 2128 quemdam
581 2070 740 2112 numerum
760 2057 896 2130 praestat,
916 2059 945 2113 et
963 2055 1093 2130 discipli·
1135 2057 1239 2115 Nostra
1250 2058 1434 2116 conversatio
1447 2057 1479 2114 in
1493 2056 1575 2115 coells
1588 2061 1669 2115 est.»

300 2156 380 2201 nam.
402 2141 554 2216 Siquidem
576 2157 631 2228 per
652 2141 802 2202 anfractus
825 2143 945 2202 aurium
967 2144 1092 2219 quidam
1170 2141 1244 2198 Nota
1254 2144 1417 2200 tertiorpro
1433 2143 1497 2198 timo
1513 2147 1603 2208 tetre,
1613 2139 1749 2199 hebraice
1764 2144 1808 2199 est
1818 2149 1854 2222 tn
1868 2150 1930 2212 'tati

299 2224 457 2300 rhythmus
480 2225 620 2299 efficitur,
641 2230 672 2286 et
693 2226 825 2286 modulis
844 2227 1026 2301 quibusdam
1048 2228 1093 2292 in·
1136 2233 1253 2288 abibit
1266 2227 1355 2298 aphar
1370 2229 1429 2282 min
1446 2225 1600 2292 hccdcmc,
1618 2225 1651 2282 id
1667 2228 1711 2282 cst
1725 2225 1879 2298 pulverem
1891 2227 1930 2284 de

299 2325 406 2382 gressa
417 2327 509 2369 sonus
521 2311 603 2370 vocis
618 2311 804 2386 exprimitur.
823 2312 901 2380 Quid
913 2328 971 2384 ego
986 2313 1094 2373 descri÷
1135 2315 1225 2380 terra3
1240 2309 1430 2381 Septuaginta
1451 2312 1584 2379 vadunt,
1603 2309 1741 2380 pctvmem
1762 2313 1899 2381 accipiens
1915 2327 1930 2367 c

299 2393 368 2453 bam
389 2395 523 2453 dentium
540 2394 672 2465 vallum,
688 2409 753 2469 quo
773 2394 860 2452 cibus
878 2395 1044 2468 conficitur,
1064 2401 1092 2456 et
1135 2400 1219 2451 terra.
1234 2393 1291 2451 Sed
1304 2393 1384 2450 hunc
1394 2393 1560 2467 pulverem,
1574 2391 1615 2450 ait
1628 2391 1838 2463 tertullianus,
1852 2395 1929 2452 heus

298 2476 387 2552 plena
404 2477 439 2536 lit
453 2478 536 2535 vocis
552 2478 724 2552 expressio?
737 2477 850 2551 Lingua
864 2482 908 2538 est
919 2480 1000 2537 velut
1012 2481 1092 2554 plcc-
1135 2477 1237 2536 addito
1251 2475 1365 2550 optimo
1378 2476 1496 2550 liquore
1516 2476 1550 2532 in
1568 2475 1675 2532 limum
1693 2479 1723 2533 at
1736 2476 1824 2558 quasi
1839 2476 1929 2548 argil-

297 2567 377 2618 trum
387 2560 535 2636 loquentis
540 2602 550 2632 ,
563 2565 593 2620 ct
605 2561 745 2636 quaedam
759 2562 872 2620 edentis
884 2579 1008 2634 manus,
1022 2581 1090 2638 quae
1134 2561 1195 2618 lam
1207 2559 1383 2632 coagulavit.
1398 2560 1497 2618 Pulvis
1509 2558 1591 2618 eninr
1603 2557 1705 2617 aridus
1718 2558 1876 2618 inidoneus
1884 2563 1930 2619 cst

299 2645 476 2703 detinentem
489 2645 590 2704 cibum
603 2645 743 2705 dentibus
751 2649 883 2720 suggerit
894 2653 923 2706 et
933 2648 1089 2708 ministrat.
1134 2645 1173 2702 ad
1185 2645 1416 2718 plasmandum:
1431 2644 1531 2719 pulvis
1543 2659 1614 2717 ergo
1624 2643 1673 2702 hic
1684 2643 1840 2702 humectus
1853 2646 1926 2715 erat,

298 2731 359 2786 vox
373 2745 496 2804 quoquc
506 2731 581 2788 acris
593 2731 728 2805 quodam
739 2731 864 2804 remigio
877 2731 994 2790 vehitur
1010 2748 1091 2790 nunc
1133 2729 1263 2804 ideoque
1276 2729 1377 2786 limus.

298 2829 499 2884 commovens,
512 2831 593 2873 nunc
602 2815 773 2875 demulcens
783 2815 931 2874 audientis
940 2816 1088 2876 allectum.
1169 2815 1297 2871 Rursum
1309 2813 1419 2870 Adcmc
1434 2813 1485 2886 (ex
1496 2827 1559 2888 qua
1575 2811 1721 2872 formatus
1733 2815 1763 2870 at
1774 2811 1870 2870 dictim
1883 2815 1927 2870 est
1938 2825 2008 2872 adm
2023 2836 2048 2875 er

297 2903 398 2972 ltaque
415 2899 606 2971 cogitationes
623 2900 715 2958 tacitae
733 2899 856 2972 mentis,
873 2901 934 2960 oris
953 2917 1090 2959 sermone
1136 2897 1256 2954 cadam
1271 2897 1301 2970 a)
1325 2895 1472 2970 significat
1494 2901 1604 2954 terram
1626 2895 1759 2956 rubram.
1783 2895 1865 2954 Unde
1889 2911 1926 2956 ex
1939 2888 2029 2937 Μ*

297 2983 461 3055 signantur.
475 2983 553 3052 Quid
566 2987 609 3040 est
619 2984 709 3054 igitur
722 2999 756 3042 os
768 2985 909 3054 hominis,
923 2985 980 3043 nisi
993 2987 1091 3060 qucd-
1132 2982 1327 3053 terrarubea,
1341 2998 1410 3058 quae
1418 2985 1462 3040 est
1475 2981 1507 3040 in
1520 2997 1593 3054 agro
1605 2983 1793 3051 Damascene,
1803 2995 1865 3040 non
1876 2995 1927 3041 ur-

297 3068 367 3126 dam
381 3068 525 3127 sermonis
536 3067 679 3140 adytum,
693 3068 764 3126 lons
779 3069 1005 3142 disputationis,
1020 3071 1090 3131 aula
1132 3063 1179 3124 bis
1194 3066 1343 3137 Damasci,
1356 3066 1410 3124 sed
1422 3067 1487 3138 agri
1499 3067 1656 3138 cujusdam
1669 3066 1710 3126 ita
1718 3065 1803 3135 dicti,
1816 3067 1870 3139 qni
1882 3069 1927 3127 est

295 3151 471 3224 verborum,
490 3153 730 3225 promptuarium
755 3153 971 3214 voluntatis‘ta
995 3157 1090 3229 Pergit
1130 3151 1215 3223 juxta
1228 3150 1360 3221 11θῦ1011,
1371 3156 1503 3209 efflatum
1516 3165 1580 3208 0⁵⁸0
1592 3151 1751 3220 adamum,
1763 3149 1929 3208 multllm

260 3289 261 3294 ,
297 3233 404 3293 deinde
427 3251 445 3294 a
467 3237 560 3311 capite
587 3237 626 3293 ad
652 3241 757 3295 cratera
782 3238 938 3310 membra,
965 3240 1087 3316 aitque:
1133 3239 1176 3292 cst
1198 3235 1328 3292 hedillo.
1347 3234 1380 3292 ld
1401 3234 1619 3293 enimtradunt
1636 3233 1764 3306 llebroei,
1783 3238 1866 3293 etex
1883 3234 1927 3293 eis

298 3321 424 3377 «Manus
438 3323 481 3378 est
493 3321 583 3378 totius
601 3321 734 3394 corporis
751 3323 1027 3396 propugnaculum,
1043 3339 1090 3381 ca·
1133 3321 1160 3378 S.
1176 3320 1415 3393 hieronymusin
1432 3321 1533 3388 eccae.
1552 3319 1926 3391 immacalatam,

294 3403 363 3476 pitis
375 3403 567 3475 defensatrix,
580 3421 649 3478 quac
662 3405 812 3477 praeclaris
824 3407 914 3463 enitet
926 3407 1020 3478 iactis,
1035 3424 1089 3481 per
1132 3405 1216 3476 lingo
1228 3409 1258 3462 et
1276 3403 1431 3462 abulensis
1452 3403 1515 3476 hic,
1537 3408 1569 3462 ct
1589 3403 1622 3462 in
1643 3418 1710 3477 cap.
1732 3417 1799 3475 xtn,
1815 3405 1925 3474 Queat.

296 3501 387 3560 quam
401 3486 564 3558 offerimus,
579 3489 725 3544 sumimus
733 3492 762 3545 et
773 3489 980 3562 dispensamus
990 3493 1090 3550 Sacra·
1132 3489 1287 3558 Cllllllillll,
1300 3487 1496 3559 burchardus,
1509 3485 1772 3558 bredembachius,
1784 3487 1927 3559 salignis·

294 3572 395 3627 menta
411 3570 548 3628 coelestia.
563 3571 633 3640 Quis
646 3571 735 3642 digne
750 3572 875 3645 explicet
888 3573 1014 3647 pectoris
1027 3591 1089 3632 cra·
1133 3587 1200 3642 cus,
1210 3576 1239 3628 et
1250 3571 1456 3630 adrichomius
1470 3572 1502 3629 in
1514 3574 1701 3644 Descripticne
1716 3572 1925 3638 Terrescacte,
1937 3586 2047 3636 securta

295 3655 355 3711 tem
374 3653 543 3726 ventrisque
566 3653 744 3711 mollitiem?
762 3655 839 3723 Quid
860 3659 922 3713 tam
944 3657 1087 3730 salutare,
1132 3653 1308 3726 inllebron3
1320 3655 1414 3713 ubiet
1426 3655 1743 3728 vallemlacrymarum
1751 3653 1926 3726 consignant
1949 3649 2037 3696 ΜΝ

295 3751 388 3811 quam
398 3739 431 3792 ui
442 3736 548 3810 pulmo
561 3737 644 3793 cordi
658 3737 783 3794 finitimo
803 3727 899 3796 limita
905 3741 1088 3814 jungeretur,
1129 3741 1214 3810 juxta
1223 3739 1351 3808 Hebron,
1363 3739 1395 3797 in
1404 3755 1467 3813 qua
1474 3739 1573 3798 ierunt
1582 3739 1731 3797 ddamum
1745 3741 1862 3796 centum
1874 3753 1926 3796 an·
1945 3715 2038 3758 Μ*

294 3824 329 3877 ut
339 3836 409 3876 cum
421 3820 560 3877 exarserit
573 3836 624 3876 cor
637 3819 682 3876 ira
694 3824 723 3877 et
735 3821 956 3895 indignatione,
969 3826 1090 3899 pulmo-
1132 3824 1178 3880 nis
1191 3823 1324 3898 plorasse
1336 3828 1464 3882 mortem
1477 3822 1589 3894 Abells3
1603 3821 1782 3882 confirmant
1794 3821 1927 3896 idipsum

295 3903 341 3962 nis
361 3903 504 3975 sanguine
524 3907 612 3977 atquc
633 3905 760 3962 humore
781 3905 867 3965 citius
891 3910 1088 3982 temperaturi
1132 3923 1169 3965 ex
1181 3911 1261 3965 Jcsue
1273 3921 1408 3982 capnt,
1424 3923 1501 3966 vers.
1519 3905 1632 3978 launi
1645 3907 1688 3964 sic
1700 3907 1830 3965 dicitur:
1848 3909 1927 3964 clio·

294 3989 424 4062 ideoque
436 3986 556 4046 mollior
569 3988 673 4061 pulmo
688 3993 744 4060 cst,
759 3991 831 4064 quia
845 3993 947 4050 madet
960 4010 1087 4067 semper,
1131 4006 1200 4048 men
1222 3989 1341 4048 Hebron
1361 3993 1428 4050 ante
1448 3989 1613 4052 vocabatur
1630 3990 1808 4050 cariatarbe.
1833 3991 1927 4049 Adam

294 4071 384 4128 simul
409 4075 443 4127 ut
464 4070 592 4143 rigorem
617 4073 828 4145 indignationis
852 4076 993 4135 emolliat.
1019 4080 1088 4136 Lien
1132 4076 1281 4133 maximus
1295 4075 1425 4134 ibiinler
1438 4076 1558 4134 Enacim
1571 4076 1737 4134 diasoste
1758 4077 1865 4134 Verum
1878 4091 1928 4148 ge·

294 4171 417 4232 quoque
430 4169 499 4212 cum
513 4157 611 4226 jecore
629 4157 767 4215 viciniam
785 4158 875 4218 habet
888 4159 1087 4232 fructuosam,
1131 4162 1242 4220 nuinus
1261 4161 1351 4233 hujus
1364 4160 1423 4221 loci
1436 4177 1540 4221 sensus
1556 4162 1646 4236 longe
1659 4162 1735 4220 alius
1749 4166 1793 4220 est
1801 4204 1812 4234 ,
1825 4162 1869 4219 uti
1885 4160 1929 4219 ibi

294 4240 364 4316 qui,
383 4239 457 4298 dum
477 4242 600 4298 assumit
617 4258 679 4317 quo
697 4243 760 4317 ipse
778 4248 928 4318 pascatur,
947 4246 1088 4320 abstergit
1132 4246 1229 4305 dicam
1244 4263 1251 4302 :
1267 4246 1363 4304 adam
1376 4246 1455 4305 enim
1469 4262 1532 4306 non
1544 4245 1601 4305 luit
1614 4247 1770 4320 gigantea,
1784 4245 1837 4304 sed
1848 4247 1928 4318 justa

293 4325 443 4405 quidquid
461 4324 596 4383 sordium
613 4326 856 4399 deprehenderit,
871 4333 904 4387 ut
925 4346 979 4404 per
995 4331 1087 4388 fibras
1131 4332 1254 4401 statura3
1271 4329 1344 4388 alias
1358 4329 1439 4388 eninr
1456 4330 1560 4389 inisset
1573 4332 1638 4405 ipse
1651 4334 1817 4388 monstrum
1833 4329 1929 4389 homi·

290 4407 397 4481 jeccris
409 4409 593 4479 minutiores,
607 4408 742 4468 ciborum
755 4412 871 4484 possint
880 4415 984 4470 tennes
998 4417 1087 4487 atque
1131 4415 1187 4471 nis.
1202 4417 1284 4471 Errat
1296 4429 1368 4487 ergo
1382 4417 1509 4472 loannes
1522 4413 1687 4474 Luciduset
1697 4413 1758 4486 alii,
1767 4414 1821 4488 qui
1834 4413 1929 4472 adam

293 4492 414 4550 subtiles
434 4494 555 4566 reliquae
576 4493 699 4551 transire
716 4511 785 4568 qum
800 4492 954 4554 ¹vertantur
972 4497 1003 4554 in
1021 4513 1088 4554 sau·
1130 4502 1236 4572 putant
1254 4498 1344 4556 luisse
1368 4499 1527 4570 gigantem.
1544 4499 1601 4558 Sed
1618 4498 1658 4558 ad
1680 4513 1764 4558 rem:
1780 4513 1836 4570 ego
1858 4511 1928 4556 sanc

292 4577 424 4650 guinem,
433 4576 606 4650 viribusque
616 4576 784 4650 proficiant.
798 4579 1004 4638 intestinorum
1014 4596 1086 4637 vero
1129 4585 1235 4656 praeter
1244 4582 1381 4639 llebraeos
1392 4580 1520 4639 subinde
1529 4581 1695 4656 fabulosos,
1706 4587 1842 4657 optarem
1852 4580 1928 4641 alios

291 4659 483 4733 circumplexi
496 4658 601 4729 orbes,
615 4664 644 4717 et
656 4659 719 4717 sine
737 4661 840 4734 aliquo
854 4663 921 4720 licet
933 4665 1015 4722 nodo
1029 4663 1087 4721 sibi
1129 4668 1241 4724 veteres
1254 4666 1344 4738 hujus
1357 4666 1524 4725 traditionis
1541 4667 1651 4726 habere
1665 4672 1810 4727 auctores.

291 4745 390 4801 tamen
412 4743 537 4800 invicem
558 4744 647 4815 nexi,
668 4745 744 4819 quid
768 4746 851 4803 aliud
874 4748 931 4805 nisi
952 4749 1085 4807 divinam
1165 4752 1322 4825 lloraliter,
1339 4758 1417 4813 recte
1430 4757 1569 4815 ieremias
1584 4757 1623 4831 [et
1635 4771 1691 4815 nos
1705 4772 1775 4814 cum
1788 4756 1847 4830 eo),
1862 4771 1928 4832 cap.

291 4826 532 4900 prospicientiam
551 4829 694 4886 creatoris
710 4831 886 4901 ostendunt,
901 4836 1009 4891 utnon
1028 4833 1085 4890 cito
1129 4839 1354 4909 xv111,mittitur
1370 4855 1390 4896 a
1407 4842 1466 4899 Deo
1480 4841 1520 4897 ad
1538 4841 1664 4899 domum
1685 4841 1788 4914 figuli,
1803 4841 1843 4899 ad
1856 4855 1929 4900 con·

291 4924 358 4968 esca
372 4913 554 4996 pertranseat
573 4915 601 4968 et
618 4911 716 4968 statim
729 4927 748 4969 a
760 4915 913 4972 stomacho
929 4917 1086 4974 decurrat?
1130 4923 1332 4996 templandam
1349 4941 1435 4982 suam
1452 4925 1606 4982 matricem
1624 4929 1653 4983 ct
1670 4925 1837 4997 originem,
1853 4923 1929 4982 scili·

291 4995 377 5088 Quod
399 4995 423 5052 si
443 4994 543 5065 fieret,
554 4995 632 5068 jugis
652 4995 744 5054 fames
763 5003 792 5055 et
804 5000 946 5060 continua
959 5003 1085 5061 vorandi
1129 5009 1174 5064 cet
1186 5007 1302 5078 lutum,
1317 5011 1349 5066 ut
1361 5008 1546 5082 humilietur,
1563 5013 1656 5084 utque
1672 5009 1765 5068 discat
1778 5013 1808 5068 et
1825 5011 1929 5068 doceat

290 5077 386 5137 borco
399 5078 572 5137 hominibus
583 5080 784 5151 gigneretur.»
796 5084 829 5139 nt
841 5085 1083 5155 postncnnulla:
1129 5107 1233 5149 ornnes
1253 5093 1391 5151 homines
1409 5111 1473 5152 esse
1490 5094 1521 5153 in
1540 5111 1633 5153 manu
1652 5096 1718 5164 Dei,
1739 5094 1813 5152 sicut
1830 5093 1927 5152 lutum

293 5163 464 5219 avenarum
484 5162 589 5235 pulsus
608 5163 656 5220 vel
673 5164 850 5224 infirmitatis
870 5166 1083 5242 internuntius,
1128 5177 1223 5238 estin
1242 5193 1334 5236 manu
1353 5179 1449 5250 figuli.
1464 5179 1617 5252 Eleganter
1630 5179 1782 5240 Secundus
1795 5178 1928 5254 philoso-

290 5245 339 5303 vel
357 5245 459 5303 salutis
476 5249 534 5320 ett3
552 5249 664 5306 cadem
685 5252 785 5309 tamen
805 5267 876 5311 cum
893 5257 955 5312 toto
968 5255 1084 5316 diffusae
1126 5260 1206 5337 phus
1219 5261 1606 5336 interrogatnsabadriano
1615 5265 1811 5340 imperatore:
1825 5261 1927 5333 «Quid

290 5327 351 5391 sint
363 5345 503 5407 corpere,
516 5345 615 5408 neque
628 5334 734 5409 nuda,
747 5351 846 5416 neque
863 5337 978 5404 intecta
993 5349 1083 5420 sunt,
1127 5353 1170 5409 cst
1185 5349 1325 5410 homot»
1341 5348 1519 5424 respondit:
1537 5349 1638 5409 allam
1651 5349 1816 5421 tamma,
1830 5346 1925 5440 phane
