4100 6024
183 298 186 308 ’
257 333 276 388 a
806 329 981 388 enecatur
999 333 1118 390 saeue
1137 333 1341 390 scarrruan.

257 437 420 510 Augustam
433 433 524 494 lliada
537 434 654 492 Homeri
666 433 706 490 ed
719 432 867 493 Christum
880 452 1049 495 accommo-
1095 439 1228 512 phrasim
1244 437 1409 507 imbibere,
1428 441 1458 496 at
1477 439 1562 512 quasi
1583 437 1778 497 domesticum
1797 439 1829 497 in
1851 455 1889 498 eo

258 520 374 590 dautes,
385 517 525 588 imitatus,
536 517 714 590 scripturam
728 519 755 576 s.
770 518 828 591 pia
839 534 900 576 suae
909 520 1050 577 adinven·
1094 521 1204 580 versari
1217 540 1224 578 :
1236 522 1320 595 quod
1326 523 1380 595 qui
1388 522 1520 596 negligit,
1533 521 1618 580 dictis
1627 522 1808 596 quibusdam
1819 522 1889 580 hino

258 603 332 661 tioni
346 605 525 674 attemperet,
535 600 735 673 perniciosum
749 605 792 658 est
805 602 921 672 sentire,
935 603 1049 676 pericu·
1095 605 1164 662 inde
1187 603 1402 662 difficilioribus
1423 605 1567 678 excerptis
1588 604 1798 679 explicatisque
1819 621 1889 663 con·

257 687 350 745 losius
362 685 467 744 iacere.
483 685 600 742 sienim
614 685 756 758 mysticus
765 699 853 741 verus
865 689 908 742 est
922 687 1050 758 scriptu·
1095 690 1201 757 teutus,
1222 703 1378 760 nunquam
1398 688 1437 745 ad
1451 703 1534 746 saera
1556 689 1658 761 edytc,
1676 704 1829 759 arcanum,
1845 691 1889 747 in·

257 787 298 828 ree
315 785 433 837 seusus,
447 769 473 825 si
494 784 564 825 eum
579 769 627 826 vel
644 769 773 827 maxime
791 769 913 841 Spiritus
928 770 1049 826 mucius
1095 786 1198 843 quam,
1212 775 1381 829 sanctorum
1391 770 1579 844 eloquiorum
1593 773 1776 845 penetrabit;
1792 773 1845 830 sed
1859 775 1890 830 et

258 854 366 912 dictare
385 852 488 922 voluit,
503 867 565 925 qua
586 851 699 910 ratione
721 852 849 910 liberum
863 853 970 927 cuique
984 852 1047 923 erit,
1093 849 1179 912 facile
1205 871 1224 913 a
1246 857 1365 914 veritate
1384 860 1413 913 et
1432 859 1529 914 mente
1555 855 1704 930 scriptoris
1726 856 1886 916 aberrabit.

257 955 327 996 aum
340 940 373 995 ut
388 936 467 992 volet
480 937 648 1008 exponeret
672 951 732 1009 qua
754 935 849 994 fronte
869 936 981 994 cerebri
1002 936 1048 993 sui
1094 937 1197 995 Videre
1216 938 1273 996 hoe
1286 942 1330 996 est
1346 939 1378 997 in
1399 939 1552 998 nonnullis
1570 940 1809 1013 antiquioribus,
1823 955 1887 999 non

257 1023 325 1098 quis
338 1025 551 1090 commentum,
566 1020 689 1094 Spiritus
702 1021 797 1079 Sancti
811 1025 939 1078 mentem
953 1021 1047 1091 dicet,
1093 1020 1219 1080 indoctis
1232 1013 1345 1098 alioqui
1358 1023 1436 1094 viris,
1455 1023 1508 1096 qui
1522 1023 1554 1081 in
1571 1037 1603 1080 re
1619 1023 1794 1095 theologice
1808 1024 1885 1082 adeo

257 1121 348 1180 sequa
362 1120 475 1178 suaque
494 1109 527 1162 ut
541 1104 664 1179 Spiritus
677 1103 772 1162 Sancti
791 1103 935 1163 fanaticus
947 1104 1049 1162 vendi·
1092 1102 1194 1162 leviter
1219 1106 1400 1182 quandoque
1422 1111 1539 1181 arrepto
1563 1108 1710 1166 mercata
1736 1109 1886 1182 quopiam

256 1189 348 1249 tabit?
367 1188 508 1246 Viderunt
520 1187 589 1258 hoc,
608 1191 806 1262 caveruntque
822 1187 944 1257 sedulo,
965 1187 1017 1262 qui
1031 1202 1048 1244 e
1093 1202 1177 1246 sacro
1187 1187 1359 1257 abutuntur,
1374 1193 1408 1246 ut
1420 1190 1561 1249 hereticis
1574 1191 1681 1250 nostris
1696 1191 1883 1263 cachinnum,

256 1273 391 1332 Patribus
412 1272 585 1344 allegoriam
601 1271 732 1330 maxime
744 1274 915 1340 versarent,
931 1271 985 1344 qui
998 1287 1048 1329 ec·
1092 1272 1247 1332 Catholicis
1260 1273 1352 1332 bilem
1366 1280 1516 1334 moveant.

256 1360 325 1417 dem
345 1357 452 1431 Spiritu
472 1355 569 1428 pleni,
584 1369 646 1414 non
663 1356 703 1414 ad
719 1355 843 1429 plausus
857 1370 964 1412 suosve
978 1369 1048 1412 con·
1128 1357 1264 1415 Prmclme
1273 1361 1301 1416 s.
1314 1359 1471 1431 Gregorius
1480 1361 1626 1435 prooemio
1634 1365 1666 1419 ia
1676 1364 1758 1419 tidros
1769 1365 1882 1436 smum,
1944 1364 1979 1406 Ἀ

256 1445 357 1514 ceptus
371 1439 561 1510 astruendas,
579 1438 632 1496 ubi
646 1439 775 1497 arridere
794 1440 925 1509 videtur,
939 1442 1047 1496 temere
1091 1439 1230 1498 lectorem
1244 1445 1355 1510 mouet,
1373 1441 1457 1502 aliter
1476 1458 1507 1500 se
1521 1443 1649 1502 subinde
1663 1444 1817 1504 historiam
1833 1464 1885 1504 ex-

256 1540 322 1582 eam
344 1522 524 1593 obtrudunt,
545 1525 596 1579 aut
613 1521 786 1580 inconcinne
808 1522 897 1580 tronti
915 1537 1045 1590 oeream,
1091 1523 1211 1596 plicare,
1222 1541 1313 1599 quam
1326 1529 1424 1584 Patres
1435 1525 1574 1584 fecerint:
1588 1528 1613 1584 si
1624 1528 1829 1604 enim,inquit‚
1840 1531 1884 1589 illi

257 1609 341 1683 quod
351 1609 442 1680 vulgo
454 1606 572 1676 dicitur,
582 1605 662 1664 tibiae
675 1606 790 1678 galeam
805 1607 974 1681 applicant;
994 1606 1048 1663 sed
1091 1605 1219 1665 seriatim
1233 1612 1338 1666 cuncta
1349 1614 1541 1684 exponerent,
1556 1626 1624 1684 quse
1638 1627 1676 1669 ex
1687 1617 1771 1686 parte
1784 1614 1884 1686 tetige-

257 1693 300 1750 rei
313 1693 353 1750 ita
363 1708 429 1750 eam
439 1689 618 1759 devinciunt,
628 1693 660 1746 ut
674 1694 740 1764 apte
750 1706 805 1764 per
816 1691 916 1748 omnia
925 1705 1049 1747 consen·
1090 1695 1176 1760 runt,
1199 1708 1266 1749 eam
1287 1692 1392 1750 seriem
1414 1693 1570 1752 locutionis
1591 1709 1683 1768 quam
1706 1699 1806 1754 tenere
1826 1697 1883 1756 risi

132 1775 246 1832 *mystas
259 1777 319 1834 tiat.
333 1776 411 1834 Siout
430 1774 509 1832 enim
522 1774 553 1830 in
566 1773 705 1830 historico
718 1772 809 1831 verba
829 1790 876 1832 res
889 1777 984 1843 gestas
998 1773 1048 1830 de·
1091 1778 1170 1844 stmt,
1184 1774 1340 1834 ohservare
1353 1793 1544 1852 nequaquam
1557 1777 1731 1852 potuissent.
1745 1779 1833 1838 llulta
1839 1782 1883 1837 vi·

137 1838 245 1944 ξῗῑᾟξξῇ
257 1863 375 1931 notant,
391 1859 431 1916 ita
445 1858 476 1914 in
490 1857 664 1930 allegorico,
684 1873 730 1914 res
752 1861 840 1930 geste
858 1857 930 1915 alias
952 1857 1048 1928 magis
1091 1856 1195 1916 delicet
1207 1858 1385 1932 inseruntur,
1398 1865 1542 1935 preeunt,
1565 1866 1797 1936 consequuntur,
1815 1880 1884 1939 quse

137 1959 234 2006 litterati.
257 1960 378 2004 arcanas
389 1943 575 2015 significant:
591 1946 633 2014 ut,
648 1943 704 2000 nisi
719 1941 859 2014 allegoria
870 1943 1048 2016 respondeat
1090 1955 1158 1996 cum
1170 1940 1238 2000 loco
1252 1947 1510 2018 quempertractas
1519 1946 1722 2019 comparanda
1732 1949 1883 2018 santolo·

255 2028 403 2096 historice,
416 2026 491 2082 salsa
504 2040 625 2098 prorsus
638 2025 675 2082 sit
695 2031 724 2083 et
745 2027 880 2083 evanida.
896 2027 936 2083 Ea
958 2041 1047 2084 causa
1090 2022 1215 2082 cationis
1229 2042 1317 2085 sacrae
1330 2029 1439 2086 modus
1449 2028 1515 2086 aliis
1528 2029 1616 2088 etiam
1629 2030 1660 2088 in
1674 2029 1746 2087 locis
1765 2045 1883 2104 perves-

255 2115 282 2170 S.
306 2111 519 2182 Hieronymus,
533 2108 565 2166 in
587 2109 651 2166 Osee
673 2124 739 2183 cap.
760 2125 779 2166 x
792 2109 940 2178 scribens,
962 2109 1046 2182 quod
1088 2106 1227 2176 tigandus
1241 2115 1293 2182 est,
1307 2111 1423 2184 phrasis
1438 2112 1650 2186 disquirenda:
1664 2129 1734 2186 quae
1752 2115 1778 2172 si
1790 2131 1882 2190 expo·

255 2196 292 2254 de
304 2209 372 2264 rege
383 2192 502 2265 Assyrio
512 2191 622 2264 passim
633 2191 748 2262 dicitur,
755 2192 840 2264 juxto
847 2193 1044 2266 tropologiam
1089 2190 1188 2248 sitioni
1199 2207 1261 2251 non
1272 2195 1448 2266 cohaereant,
1459 2197 1633 2270 neutiquam
1648 2211 1684 2254 ea
1696 2198 1825 2269 genuina
1838 2204 1883 2258 est

254 2279 293 2338 ad
313 2277 460 2335 Christum
478 2274 624 2332 deducere
645 2275 738 2349 (quod
754 2275 917 2348 aliquando
933 2275 1046 2350 impru·
1088 2271 1145 2330 loci
1166 2277 1325 2348 sententia,
1341 2280 1513 2352 neutiquam
1529 2295 1564 2337 ee
1585 2279 1727 2337 orationis
1740 2285 1880 2356 potestas,

254 2363 427 2422 densantes
447 2358 512 2431 ipse
530 2357 648 2428 iecerat)
669 2358 796 2432 impium
814 2374 877 2416 esse
890 2358 996 2429 docet3
1016 2363 1045 2416 et
1087 2357 1132 2412 vis
1146 2361 1173 2414 et
1194 2361 1299 2417 notio:
1320 2366 1353 2418 ut
1375 2363 1508 2435 ambigas
1526 2377 1604 2436 saepe
1619 2363 1734 2435 ouius,
1748 2364 1881 2439 ipsiusne

253 2445 379 2520 prologo
393 2445 425 2500 in
437 2441 575 2511 Abdiam,
587 2442 740 2514 semetipse
755 2442 862 2512 arguit,
873 2442 958 2514 quod
972 2442 1044 2500 olim
1087 2439 1129 2496 rei
1143 2456 1182 2498 an
1194 2443 1321 2516 phrasis,
1334 2445 1498 2506 obscuritas
1511 2446 1549 2504 sit
1561 2446 1668 2520 major.

253 2529 408 2602 allegorice
426 2526 604 2600 prophetem
617 2525 697 2583 hunc
710 2524 914 2598 explicuisset,
929 2527 1045 2583 histori-
1123 2532 1213 2590 Taceo
1239 2533 1366 2605 variam,
1389 2539 1417 2592 et
1433 2536 1521 2610 quasi
1539 2534 1731 2608 omnigenam
1752 2539 1882 2598 materias

254 2629 319 2674 cam
332 2614 396 2684 ejus
408 2608 767 2681 intelligentiamnoedum
777 2614 936 2666 assecutus.
1087 2613 1335 2686 amplitudinem:
1357 2619 1526 2693 quidecim
1548 2622 1612 2678 toto
1630 2620 1721 2678 veteri
1740 2636 1880 2698 novoque

187 2705 195 2750 ’.
288 2698 333 2756 Ad
353 2695 525 2754 historicum
540 2709 630 2763 vero,
647 2697 679 2750 ut
700 2694 725 2750 is
741 2709 819 2750 unus
833 2693 887 2752 tihi
908 2693 1043 2767 sufficiat,
1086 2698 1281 2758 instrumento
1308 2715 1370 2760 nou
1396 2705 1610 2776 pertractatur,
1644 2706 1697 2761 aut
1723 2706 1880 2779 tangitur?

254 2786 328 2857 quot
347 2778 524 2854 quantisque
540 2776 717 2847 adjumentis
739 2781 782 2834 est
796 2778 894 2850 opust
913 2794 1005 2852 quam
1018 2780 1043 2835 is
1086 2783 1218 2856 Exempli
1232 2785 1268 2841 sit
1281 2785 1382 2857 instar,
1397 2789 1430 2843 ut
1444 2790 1567 2859 Regum,
1576 2786 1821 2862 llachahceornm,
1830 2793 1880 2850 lis-

253 2881 329 2940 saepe
340 2861 531 2922 reconditus?
545 2876 637 2933 quam
651 2859 771 2918 tlebreea
783 2861 884 2934 phrasi
898 2863 1042 2935 Groeoave,
1086 2865 1157 2937 drae,
1174 2868 1297 2926 Danielis
1311 2874 1340 2928 et
1359 2870 1487 2929 eliorum
1500 2871 1712 2944 Prophetarum
1726 2874 1880 2936 volumina

252 2956 280 3006 ot
292 2963 389 3017 novo,
409 2961 428 3002 a
447 2944 616 3017 caeterisque
638 2943 778 3002 omnihus
791 2945 969 3019 discrepanti
983 2947 1044 3004 dic·
1085 2948 1240 3023 intelligas,
1255 2969 1347 3026 quam
1356 2955 1438 3012 varie
1451 2955 1575 3012 historia
1588 2956 1718 3026 Gentilis,
1727 2962 1803 3030 quot
1814 2973 1880 3017 mo·

252 3031 339 3092 tionis
353 3043 458 3102 genera
476 3027 615 3086 abditus?
634 3043 726 3102 quam
749 3028 884 3088 sublimis
903 3031 1043 3088 altissime
1086 3034 1223 3106 narohiae,
1235 3039 1433 3111 Assyriorum,
1447 3040 1609 3111 bladorum,
1623 3041 1788 3112 Persarum,
1803 3045 1880 3101 Gru-

252 3131 329 3191 soepe
343 3129 406 3171 sesa
424 3112 533 3171 librati
551 3116 651 3187 Neque
666 3114 699 3170 id
720 3115 840 3173 mirum.
860 3115 887 3173 Si
906 3115 984 3173 enirn
998 3132 1044 3174 so·
1085 3133 1200 3190 corum,
1214 3124 1417 3180 Romanorum
1429 3125 1662 3196 pernoscenda?
1681 3129 1756 3198 quot
1779 3143 1878 3186 mores

251 3201 384 3272 picotum
402 3197 493 3254 verba
516 3213 601 3256 sensa
623 3199 716 3254 animi
737 3199 876 3272 sapientis
899 3201 1042 3273 produnt,
1085 3203 1227 3274 gentium,
1237 3204 1309 3262 ritus
1318 3205 1473 3278 loederum,
1484 3207 1644 3279 bellorum,
1654 3209 1876 3284 sacrificiorum,

250 3299 368 3357 voxque
381 3283 541 3356 respondet
563 3282 747 3355 conceptioni
766 3284 891 3342 mentis:
905 3283 959 3341 ubi
980 3286 1043 3344 hoec
1085 3287 1303 3346 connubiorum
1325 3289 1536 3364 perquirendi?
1555 3296 1630 3366 quot
1650 3291 1770 3351 urbium
1792 3296 1877 3366 situs,

251 3367 372 3424 coelestis
389 3370 418 3423 et
436 3365 538 3423 divina
550 3364 653 3436 luerit,
668 3379 761 3438 quam
781 3381 898 3426 necessa
915 3372 958 3425 est
980 3370 1042 3428 elo·
1084 3367 1253 3443 fluminum,
1267 3373 1425 3443 montium,
1433 3373 1590 3446 regionum
1604 3390 1640 3432 ex
1653 3376 1791 3436 universa
1803 3381 1878 3437 nnti-

250 3451 396 3508 cutionem
409 3448 518 3522 pariter
535 3449 679 3506 coelestem
693 3463 756 3506 esse
769 3454 798 3506 et
817 3449 972 3508 divinam?
992 3467 1042 3511 nc·
1084 3452 1234 3525 quissime.
1245 3455 1461 3530 chorographia
1474 3461 1504 3515 at
1517 3459 1743 3534 cosmographia
1763 3464 1879 3536 perlus-

249 3534 323 3591 mini
335 3537 434 3590 autom
456 3529 582 3588 dubium
598 3546 697 3588 sacros
710 3531 803 3589 libros
817 3547 903 3591 seusa
918 3535 1041 3608 Spiritus
1083 3536 1205 3593 trandit

249 3616 354 3687 Sancti,
369 3614 601 3690 sapientiamque
619 3614 719 3670 aetcrui
737 3614 823 3670 Verbi
845 3631 899 3672 sua
913 3617 1041 3676 dictione
1118 3621 1162 3676 lv.
1178 3621 1283 3678 Verum
1295 3638 1333 3680 ne
1345 3623 1413 3698 quis
1426 3623 1475 3682 hio
1489 3626 1647 3700 scrupulus
1665 3631 1806 3704 supersit,
1820 3648 1875 3705 age
1888 3643 1947 3702 cap.
1973 3657 2006 3691 rr.

249 3699 427 3774 complecti:
449 3703 482 3756 ut
501 3697 627 3772 proinde
647 3712 709 3754 nou
731 3699 815 3755 humi
833 3715 949 3773 serpere
959 3741 968 3771 ,
988 3705 1041 3761 sed
1082 3702 1179 3775 prima
1190 3703 1229 3760 ab
1245 3705 1356 3777 origine
1373 3723 1437 3764 rem
1451 3709 1644 3783 deducamus,
1660 3714 1874 3790 videamusque
1886 3705 2007 3780 ΜΨ

248 3785 279 3842 in
298 3784 392 3842 altum
405 3783 516 3853 erigere
532 3797 593 3838 sese
617 3784 764 3854 oporteat,
784 3781 810 3846 si
833 3782 939 3840 divinis
961 3785 1041 3844 hisce
1082 3787 1237 3860 quomodo
1261 3790 1343 3846 omni
1363 3806 1480 3867 semper
1497 3798 1596 3866 aemte,
1615 3797 1771 3856 difficultas
1789 3802 1874 3872 J'uxta
1887 3767 2009 3890 ffflss'

248 3867 375 3940 eloquiis
397 3865 436 3922 ad
451 3865 551 3922 divina
572 3864 718 3936 cogitata,
731 3865 919 3938 primamque
936 3869 1040 3927 verita·
1082 3886 1117 3927 ac
1130 3869 1257 3940 dignitas
1265 3876 1292 3930 S.
1305 3873 1477 3948 scripture,
1489 3881 1518 3932 et
1532 3881 1724 3938 reverentiam
1732 3883 1778 3940 sui
1789 3899 1874 3943 acue-
1885 3891 1948 3938 orsra
1983 3900 2008 3939 er

248 3956 307 4007 tour
320 3950 474 4025 pervolare
487 3949 555 4022 quis
567 3948 676 4021 cupiat.
1082 3953 1135 4023 rit,
1150 3956 1178 4009 et
1191 3955 1325 4014 studium
1338 3959 1512 4018 seuetmum
1526 3963 1701 4022 accenderit.
1716 3969 1801 4040 Apud
1823 3971 1874 4026 lte-
1892 3956 1998 4012 ΜΨ

182 4078 190 4094 .
284 4038 386 4092 Pateor
409 4033 568 4106 equidem,
595 4030 789 4090 scholasticos
814 4036 951 4093 Doctores
973 4052 1040 4110 per.
1081 4035 1178 4094 braeos
1189 4039 1361 4110 pervulgata
1370 4045 1412 4098 est
1424 4042 1551 4114 traditio,
1561 4046 1753 4106 cuienostris
1764 4053 1873 4126 astipu-
1891 4015 1999 4123 pff*

248 4119 342 4178 multa
355 4135 371 4174 e
384 4118 537 4191 scripturis
550 4115 694 4174 subtiliter
706 4132 869 4188 accersere,
884 4133 977 4191 eaque
991 4135 1039 4179 su·
1080 4118 1179 4176 lentur
1192 4121 1219 4178 s.
1235 4121 1374 4192 llilarius,
1390 4125 1463 4180 Psut.
1476 4131 1546 4194 u,et
1559 4129 1707 4200 Origenes,
1716 4132 1799 4192 hom.
1811 4139 1829 4194 5
1842 4141 1873 4194 io
1892 4138 2007 4196 limeris

247 4201 338 4259 biuda
351 4201 508 4270 discutere3
521 4201 575 4259 sed
585 4215 653 4258 suas
666 4200 723 4274 ipsi
737 4199 793 4258 sihi
811 4205 904 4260 metas
918 4204 1039 4263 Theolo·
1080 4205 1176 4274 Num,
1190 4205 1289 4262 llosen
1300 4221 1369 4262 cum
1378 4206 1453 4278 lega,
1468 4210 1557 4266 ettam
1564 4211 1638 4284 legis
1646 4214 1872 4288 explicationem
1885 4200 2008 4310 2⁵⁰³?

247 4286 318 4356 giris
345 4283 558 4357 questionibus
581 4283 741 4354 deliniunt,
762 4300 829 4356 quae
849 4284 962 4342 affatim
981 4289 1038 4360 ipsi
1080 4287 1112 4344 in
1136 4292 1237 4345 monte
1260 4289 1327 4346 Sina
1350 4291 1490 4348 divinitus
1512 4296 1657 4368 accepisse
1672 4315 1680 4354 ε
1695 4301 1781 4374 eique
1798 4279 2010 4378 p1·an-„„„¹³„',⁴

246 4369 375 4426 uraterits
394 4373 423 4426 et
443 4383 540 4440 operor
558 4367 709 4440 ,Theologo
724 4367 901 4438 utilissimae,
917 4375 944 4425 ot
965 4386 1036 4428 vero
1080 4375 1199 4443 ceptum
1212 4387 1285 4442 csse,
1300 4377 1333 4429 ut
1344 4373 1440 4444 legem
1449 4375 1597 4449 scriberet,
1609 4382 1663 4438 sed
1671 4381 1744 4454 legis
1758 4389 1874 4446 occulta
1884 4387 1946 4434 ‘¹1¹⁸-

245 4451 429 4520 necessariae,
454 4449 664 4523 suppeditant,
687 4454 720 4508 ut
743 4450 825 4507 aliud
844 4467 881 4508 ex
903 4453 1037 4526 professo
1079 4454 1219 4525 mysteria
1231 4459 1259 4511 et
1279 4471 1365 4512 sensa
1385 4460 1483 4529 tosue,
1497 4461 1586 4518 ethio
1598 4467 1812 4541 sacerdotibus,
1826 4471 1872 4529 hi-

245 4551 331 4606 agere
344 4548 407 4591 non
420 4531 506 4590 liceat
525 4550 532 4589 :
548 4533 671 4604 perinde
689 4535 786 4606 utqui
798 4551 895 4591 sacras
910 4537 1037 4594 elucidat
1079 4554 1138 4611 que
1160 4545 1373 4612 consequenter
1399 4543 1516 4600 vicariis
1542 4547 1604 4603 suis
1632 4553 1872 4629 succedentibus,
1963 4537 1965 4540 ⁵

244 4620 373 4687 Litteras,
388 4614 515 4672 subinde
528 4616 717 4686 Theologicas
728 4617 931 4674 conclusiones
947 4621 1036 4677 sacris
1079 4635 1188 4692 magua
1196 4622 1301 4679 silentii
1311 4624 1453 4696 religione
1465 4630 1636 4689 revelarent.
1645 4635 1875 4698 llincdnatolius

244 4701 392 4758 sententiis
412 4701 577 4771 involutas,
596 4700 703 4756 evolvit
715 4701 898 4774 accuratius,
920 4704 983 4774 sed,
999 4722 1035 4762 na
1078 4705 1160 4776 apud
1171 4706 1405 4776 Eusebiumlib.
1413 4713 1457 4768 vlt
1467 4714 1555 4780 Hist„
1567 4731 1743 4792 oapxxvm,
1754 4724 1875 4797 Septua-

243 4787 322 4842 ultra
334 4785 496 4856 crepidam,
510 4785 549 4842 ad
564 4799 633 4842 suos
649 4784 746 4842 statim
766 4800 798 4842 se
811 4786 913 4859 recipit
924 4790 1036 4845 cancel·
1077 4788 1159 4858 ginta
1171 4791 1344 4862 interpretes
1358 4794 1516 4852 Ptolemaeo
1534 4799 1739 4877 Philadelpho,
1753 4809 1875 4882 AEgypti

243 4869 299 4926 los.
315 4871 421 4926 Verum
444 4869 526 4926 aliud
545 4873 589 4926 est
608 4869 739 4926 delibare
760 4870 935 4943 quidpiam,
952 4873 1035 4931 aliud
1077 4871 1150 4941 regi,
1164 4876 1365 4944 percunctanti
1384 4878 1488 4948 multa,
1502 4896 1539 4938 ex
1556 4883 1642 4942 llosis
1663 4887 1875 4950 traditionibus

243 4956 322 5010 certo
331 4956 359 5010 et
367 4952 508 5011 continuo
516 4951 647 5024 idipsum
656 4953 759 5010 ordine
770 4959 937 5026 pertexerc3
951 4957 1033 5016 aliud
1077 4957 1264 5027 respondisse
1278 4965 1387 5020 narrat.
1410 4965 1443 5019 ut
1456 4967 1573 5038 Esdras,
1587 4969 1635 5027 vel
1648 4973 1785 5046 quisquis
1805 4992 1877 5034 auo-

243 5036 415 5094 scutentiam
427 5037 601 5108 quampiam
615 5039 764 5106 excutere,
787 5037 869 5094 aliud
886 5037 1033 5110 integrum
1077 5043 1124 5095 tor
1135 5039 1187 5096 lib.
1201 5043 1233 5097 lV
1248 5045 1342 5100 Esdrce
1360 5047 1422 5118 (oui
1432 5049 1486 5104 atsi
1500 5065 1562 5108 non
1574 5055 1737 5128 canoniea,
1751 5061 1876 5117 canoni·

242 5120 402 5190 volumen,
418 5134 581 5193 omnesque
598 5121 661 5191 ejus
680 5120 838 5177 sententias
855 5121 988 5192 diligenti
1006 5129 1033 5180 et
1076 5123 1117 5179 cis
1137 5128 1235 5182 tamen
1256 5128 1396 5199 adiuncto
1410 5148 1465 5188 sua
1477 5132 1552 5192 fides
1569 5139 1714 5212 constat),
1729 5157 1796 5216 cap.
1811 5158 1874 5216 xrv,

242 5203 344 5260 exacto
353 5203 587 5260 antecedentium
596 5207 624 5259 et
634 5202 877 5276 consequentium
884 5206 1030 5276 examine,
1075 5208 1147 5266 llosi
1161 5209 1289 5268 edictum
1298 5212 1402 5270 refert:
1416 5217 1505 5273 allaec
1518 5219 1549 5276 in
1560 5221 1873 5300 palamiaciesverba,

242 5285 430 5342 llcbraeorum
442 5285 668 5358 Grecorumque
688 5283 816 5343 fontium
829 5287 1030 5361 vestigatione,
1075 5295 1104 5348 et
1116 5291 1178 5348 haee
1189 5294 1363 5354 abscondes.
1375 5317 1388 5351 r
1400 5299 1461 5356 Sibi
1469 5303 1588 5374 pariter,
1599 5307 1696 5363 Esdrce
1705 5313 1788 5381 puta,
1800 5327 1873 5370 cum

242 5372 471 5441 sanctorumque
493 5369 610 5426 Patrutn
629 5366 768 5439 lectione,
789 5369 939 5440 evolvere,
950 5371 1030 5430 illius
1075 5375 1124 5431 liei
1138 5376 1277 5434 instinctu
1288 5379 1381 5439 libros
1393 5381 1529 5448 dictasset
1541 5389 1604 5460 204,
1617 5391 1713 5449 simile
1724 5394 1845 5463 jussum
1861 5413 1872 5455 r
