4236 6040
741 311 984 372 coadunantem
1002 313 1038 370 tlt
1056 311 1211 384 EXODUM,
1229 328 1292 373 cir.
1311 315 1346 374 ii.
1439 340 1442 348 ¹
1807 313 1863 377 539

104 423 212 472 marre.
225 412 288 472 aad.
310 409 382 474 vide
403 411 537 478 ubetem
559 411 801 492 chronologicam
819 431 913 494 mam
935 415 1020 483 inlito
1062 431 1190 499 quaque
1213 419 1325 498 specim
1348 415 1514 500 plurimum
1533 415 1663 480 creditm
1681 419 1798 480 habam
1823 423 1863 480 ds

228 494 293 554 Ean.
307 497 462 571 proposui.
1063 499 1464 564 mantuanensem
1485 503 1664 580 imperium,
1686 505 1739 561 sed
1760 505 1862 564 vlmutl

130 591 193 638 nra·
262 578 382 646 Quarta,
395 583 483 642 natus
501 583 546 646 est
561 581 655 643 atores
668 598 732 641 non
743 583 813 655 uuit,
826 586 859 642 ιιι
872 581 937 642 vult
948 587 1021 647 lac·
1063 582 1178 643 addidit
1190 583 1288 648 forma
1301 585 1476 660 suniaglum
1492 603 1500 642 ε
1515 585 1566 644 illa
1578 587 1711 662 prestitit
1723 590 1757 644 nt
1771 601 1861 662 opor·

113 653 204 698 ¹¹⁰¹¹¹⁸¹¹
224 661 348 734 mutius,
365 659 419 720 lih.
437 661 487 736 lv,
501 677 568 738 cap.
584 679 619 736 r,
637 666 690 724 sed
703 669 757 729 teu
775 665 861 728 aunis
877 669 945 726 anta
956 665 1021 730 bel·
1062 669 1135 726 teret
1148 672 1175 725 te
1192 667 1358 746 prinoipem
1377 667 1456 741 iteri,
1470 671 1534 728 haec
1552 673 1586 728 ut
1601 671 1727 728 deseret.
1743 689 1758 724 r
1772 672 1862 731 Addit

103 716 212 833 211,ἷῖἺῖ
223 745 288 807 lum
303 746 477 820 Troianum,
496 762 531 806 ao
546 746 673 824 proinde
692 747 783 824 longe
798 751 951 810 antecessit
964 751 1020 807 tto-
1062 745 1298 828 theophylactus
1312 751 1344 810 in
1357 753 1438 810 Heu.
1453 769 1498 823 rr,
1513 753 1567 824 ta,
1580 755 1718 828 parentes
1728 753 1861 812 volutam

94 839 208 900 ,presente
224 843 358 896 merum,
371 829 424 904 qui
444 829 604 892 minimum
622 833 742 892 centum
759 831 846 894 anuis
865 831 922 896 tuit
937 831 1018 892 bello
1062 835 1161 894 hosen
1188 849 1335 910 exponere
1362 851 1430 894 oum
1455 841 1540 894 natus
1565 841 1626 908 est,
1653 837 1706 893 eed
1733 849 1859 910 puerum

110 899 205 944 ⁶¹²⁰&
223 911 349 984 Troiano
357 913 502 994 posterior
516 931 523 972 :
538 914 607 972 hinc
619 917 834 988 consequenter
847 915 940 973 ldoses
953 916 1019 973 lon·
1062 916 1173 976 blande
1194 920 1338 994 arrisisse,
1352 925 1381 982 et
1401 921 1441 979 ob
1461 921 1493 980 td
1515 923 1673 980 sarnetum.
1695 921 1793 994 Adeo,
1815 923 1862 980 ln·

224 994 290 1068 gius
301 995 455 1054 antecessit
467 998 579 1069 septem
592 997 708 1055 Graeciae
722 996 867 1074 sapientes
874 1017 883 1072 ;
893 997 925 1055 hl
938 998 1018 1056 enlm
1061 999 1142 1072 quit,
1154 1001 1186 1058 ln
1199 1003 1266 1076 lpso
1281 1003 1382 1062 omnia
1394 1003 1495 1064 divine
1507 1008 1601 1064 erant.

224 1079 313 1150 longe
332 1081 458 1138 uomere
476 1077 597 1138 luerunt
613 1079 805 1158 posteriores,
821 1081 1018 1156 vixeruntque
1097 1085 1124 1140 3.
1146 1085 1261 1158 cunque
1280 1101 1333 1145 aru
1347 1101 1454 1146 annena
1471 1102 1530 1146 non
1548 1101 1667 1159 rossan,
1680 1117 1716 1132 -·
1729 1086 1931 1148 lamentavere
1942 1099 1964 1144 a.

224 1162 281 1221 sub
295 1166 430 1238 tempora
442 1163 526 1236 Gyri3
542 1179 620 1238 quos
633 1163 686 1220 diu
699 1168 768 1306 post
782 1165 874 1224 secuti
886 1167 956 1221 sunt
968 1165 1019 1223 Se
1060 1181 1180 1224 rursum
1200 1168 1390 1242 inquisitione
1409 1173 1437 1228 et
1455 1170 1652 1228 infanticidio.
1667 1173 1740 1230 item
1757 1172 1859 1246 pluras

223 1250 333 1319 crates,
351 1245 450 1320 Plato,
464 1246 650 1324 Aristotcles,
665 1263 700 1305 su
741 1249 877 1325 tempora
895 1248 1019 1308 Alexan·
1061 1248 1187 1306 inientes
1213 1252 1359 1324 evasisse,
1386 1253 1550 1310 remittente
1572 1269 1603 1311 se
1625 1251 1798 1328 tyrannide,
1821 1267 1857 1313 ex

224 1328 388 1402 drillagni.
1060 1335 1174 1390 narone
1185 1334 1308 1408 ejusque
1321 1336 1428 1392 coevis
1441 1333 1548 1408 liquet.

259 1415 374 1482 Quinta
394 1419 527 1488 tempore
541 1415 642 1487 ltosis,
660 1413 717 1472 sub
735 1431 849 1474 annum
864 1417 951 1475 itosls
964 1417 1016 1489 35,
1096 1415 1537 1484 snursrrsrscrmruscnrrru.
1549 1445 1586 1462 ·-
1598 1418 1630 1477 id
1644 1422 1703 1489 aet,
1723 1425 1857 1484 amntem

223 1497 264 1554 ait
276 1497 457 1569 Tomiellus,
472 1499 586 1571 primus
599 1497 630 1554 in
643 1499 734 1556 laica
746 1499 802 1556 init
814 1515 866 1556 rex
880 1499 1016 1572 Cecrops,
1057 1497 1214 1570 introeam,
1230 1500 1292 1556 sive
1303 1515 1341 1556 ex
1350 1501 1448 1572 juncis
1461 1501 1548 1578 quasi
1561 1500 1724 1559 viminibus
1734 1507 1854 1560 canux-

224 1579 277 1652 qui
291 1577 424 1638 condidit
434 1579 572 1652 athenas,
582 1585 652 1655 post
662 1597 753 1657 quem
766 1581 826 1641 iere
837 1584 1017 1642 emutaoon·
1060 1584 1138 1650 um,
1153 1585 1182 1638 et
1195 1583 1323 1640 exterius
1338 1583 1378 1642 ad
1391 1599 1503 1658 aquam
1517 1585 1675 1643 arcendam
1688 1586 1754 1659 pice
1768 1589 1796 1643 et
1808 1581 1857 1643 ht·

223 1662 351 1732 tigerunt
360 1678 557 1738 quaecumque
566 1666 655 1724 Graeci
667 1672 788 1728 aemam
801 1667 838 1726 de
850 1669 911 1724 suis
919 1667 1017 1728 heroi·
1059 1665 1172 1720 tamine
1185 1663 1311 1724 oblitam
1320 1683 1330 1738 3
1346 1669 1394 1724 cui
1414 1667 1588 1742 impositum
1606 1665 1749 1726 tutantem
1763 1673 1858 1725 meter

222 1745 294 1817 bris,
308 1747 376 1817 diis,
390 1747 477 1805 bellis
490 1744 615 1822 aliisque
628 1751 689 1807 suis
702 1749 959 1809 memorabilibus.
975 1751 1016 1809 ita
1058 1746 1090 1804 in
1100 1746 1220 1818 tunneto
1234 1763 1287 1806 seu
1301 1753 1433 1823 careno,
1447 1751 1502 1808 ubi
1515 1753 1643 1809 incertus
1662 1756 1783 1812 erenum
1796 1763 1859 1809 aar·

222 1829 365 1888 Errsebius
382 1830 414 1887 in
432 1831 542 1899 chron,
555 1836 585 1890 et
597 1832 737 1907 cyrillus,
753 1833 834 1894 llb.l
854 1833 956 1892 Conna
968 1836 1015 1890 Ju-
1057 1829 1164 1886 liorem
1180 1831 1247 1888 vitre
1264 1831 1356 1891 dabat
1378 1849 1462 1908 spem
1482 1851 1574 1910 quem
1593 1829 1692 1905 domi,
1708 1833 1761 1891 ubi
1779 1837 1858 1891 eane

222 1917 336 1976 tionum.
352 1916 578 1990 Deniquenatus
589 1921 633 1974 est
644 1920 737 1978 Moses
755 1934 791 1976 eo
804 1922 939 1992 tempore
952 1933 1015 1994 quo
1059 1914 1120 1970 erat
1136 1929 1218 1998 mors
1236 1914 1390 1974 inferenda
1409 1919 1448 1976 ab
1463 1919 1590 1976 assiduis
1607 1915 1853 1998 inquisitoribus,

120 2008 125 2036 ¹
146 2007 205 2065 ,tot
222 1998 327 2059 claruit
339 2000 417 2060 atlas
430 1997 638 2062 oeleherrimus
652 1999 933 2076 astrologus‚quem
947 1999 1015 2059 ideo
1058 1998 1210 2069 exposuit,
1235 1997 1312 2056 dura
1334 1999 1474 2074 quidem,
1493 2001 1547 2059 sed
1568 1996 1750 2072 necessaria,
1770 2004 1800 2058 et
1822 2001 1855 2057 in

132 2069 172 2158 '¹¹'
223 2080 488 2140 tinxeruntcoelum
499 2081 700 2142 suishumeris
713 2088 885 2157 sustentare,
895 2085 948 2159 qui
960 2084 1016 2143 tuit
1058 2077 1108 2136 Det
1118 2081 1337 2156 providentiam
1348 2082 1457 2142 fidente
1469 2083 1679 2143 misericordia.
1696 2087 1852 2158 Perpetem

165 2178 170 2188 ·
221 2166 310 2226 irater
327 2167 492 2228 Promethei
507 2168 642 2243 physici,
656 2185 747 2244 quem
767 2170 884 2243 tingunt
901 2169 1015 2246 lapides
1058 2179 1130 2236 erge
1144 2165 1282 2224 Calvinus
1300 2163 1356 2224 hos
1374 2167 1460 2226 tdosie
1474 2173 1609 2242 parentes
1629 2167 1755 2242 ignaviae
1768 2172 1798 2226 et
1813 2167 1855 2226 ie-

221 2249 253 2306 ιιι
264 2249 400 2312 homines
410 2245 775 2328 uansiormasse3fuitque
789 2251 837 2311 hio
850 2252 929 2311 Atlas
940 2265 1014 2312 acus
1058 2247 1131 2304 rino
1151 2245 1356 2321 immanitatis,
1371 2249 1411 2308 ob
1429 2251 1508 2310 hano
1526 2248 1620 2326 prolis
1638 2251 1854 2326 aapoaltlonem

221 2335 371 2395 naerens
384 2333 515 2395 Mercurii
527 2333 667 2408 senioris,
679 2336 763 2410 cujus
775 2337 906 2396 llereuril
920 2349 1014 2412 nepas
1057 2331 1153 2402 armat
1165 2345 1173 2386 r
1186 2344 1257 2388 nam
1269 2345 1331 2389 non
1341 2335 1479 2407 poterant
1489 2334 1574 2392 aliter
1586 2335 1678 2393 νίιιιιιι
1687 2333 1773 2392 lictis
1784 2349 1856 2393 een·

219 2413 275 2473 fuit
292 2415 448 2479 herennius
458 2415 571 2492 junior,
586 2423 785 2492 cognomento
796 2421 1012 2496 trismegistus.
1056 2427 1189 2485 serame,
1203 2413 1261 2471 niel
1281 2429 1350 2473 eum
1366 2417 1555 2490 exponendo.
1576 2419 1785 2491 Exposueruut
1802 2433 1855 2476 eu·

219 2501 261 2560 lta
271 2499 413 2560 Eusebius
422 2501 455 2560 in
467 2501 577 2571 chron..
589 2505 617 2565 et
627 2503 655 2564 S.
668 2501 860 2576 augustinus,
870 2503 924 2562 lib.
935 2505 1013 2565 xvttt
1055 2500 1116 2554 tom
1129 2511 1199 2555 eom
1213 2511 1306 2571 quom
1317 2499 1463 2557 tussaalme
1477 2505 1653 2574 potuerunt,
1664 2501 1808 2562 nimitum
1820 2502 1852 2558 in

221 2585 259 2640 ue
273 2583 356 2646 civit.
367 2598 503 2657 capsur.
519 2583 619 2660 Lange
632 2602 703 2658 ergo
715 2585 903 2660 ntsmegate
913 2587 1014 2648 senior
1056 2593 1125 2638 arca
1139 2577 1217 2638 bone
1230 2583 1344 2641 munita
1357 2589 1386 2640 et
1398 2581 1430 2640 in
1442 2583 1511 2640 loco
1526 2587 1608 2656 tuto,
1624 2584 1771 2646 dederant
1784 2587 1813 2640 et
1825 2585 1853 2642 ai

218 2665 274 2726 tuit
284 2667 394 2732 uanas:
407 2679 501 2742 quere
514 2671 541 2726 et
548 2667 752 2742 trismegistus
767 2675 795 2732 et
807 2670 889 2730 Plato
903 2669 1014 2730 cateri-
1056 2661 1210 2722 custodem
1224 2679 1377 2737 acrorem,
1392 2681 1460 2741 quana
1475 2681 1545 2724 eum
1558 2670 1720 2740 utrumque
1737 2670 1852 2740 posset,

219 2765 278 2828 que
291 2749 449 2812 Gentilium
464 2749 625 2825 sapientes,
639 2770 724 2813 suam
745 2752 921 2830 sapientiam
938 2756 1014 2814 hau·
1056 2747 1219 2821 adjuvaret.
1231 2748 1313 2807 Unde
1323 2748 1482 2824 Apostolus
1493 2750 1585 2808 iidem
1596 2753 1625 2810 et
1637 2749 1854 2811 animositatem

219 2837 320 2891 seruat
330 2849 348 2891 a
359 2837 436 2893 llose
449 2838 478 2891 et
491 2834 628 2907 itchrreis,
643 2837 684 2897 uti
697 2837 840 2897 Eusebius
854 2835 945 2896 etalii
958 2835 1014 2895 de-
1055 2832 1165 2890 horum
1176 2838 1332 2908 parentum
1347 2835 1490 2892 dilaudat.
1507 2835 1649 2893 Videntur
1662 2845 1734 2907 ergo
1745 2847 1854 2908 paren·

220 2920 295 2978 nent.
309 2917 381 2978 uide
396 2915 537 2985 donarem,
550 2935 616 2992 cap.
631 2935 777 2991 sugnens.
790 2921 836 2979 to.
1055 2918 1099 2972 tes
1121 2913 1293 2988 oraculum,
1315 2915 1399 2991 quod
1419 2922 1520 2975 narrat
1538 2915 1685 2990 losephus
1707 2915 1745 2973 de
1768 2918 1854 2975 liceis

102 3019 162 3062 vers
184 3023 206 3063 ι.
254 3003 282 3064 a.
301 3001 407 3064 imaus
428 3017 485 3063 een
504 3015 684 3075 eeaomreu,
704 3015 859 3064 rasennam
879 3015 1015 3062 unnsrans
1056 3003 1123 3060 ortu
1137 3003 1166 3060 et
1179 3001 1289 3072 educe,
1303 2999 1675 3076 accepisse,ldeoquenon
1688 3000 1853 3071 extimare,

220 3097 328 3144 mnus.
341 3114 377 3130 -
387 3085 471 3156 Erat,
485 3085 584 3182 inquit
596 3085 759 3160 losephus,
773 3084 871 3146 inians
888 3085 936 3144 tric
951 3087 1014 3146 tarn
1055 3081 1109 3144 sed
1122 3097 1160 3141 ex
1173 3087 1252 3143 certa
1261 3083 1293 3141 ln
1305 3083 1396 3142 baum
1410 3083 1520 3141 ddunla
1533 3100 1603 3141 aum
1617 3083 1798 3157 exposuisse.

221 3168 384 3242 spaciosus,
397 3171 430 3227 ut
446 3166 651 3242 aspicientium
668 3169 771 3230 oculos
784 3171 816 3226 in
833 3185 864 3228 se
880 3171 1013 3244 reperet,
1091 3165 1263 3242 Attagenae,
1276 3167 1369 3224 Moses
1380 3167 1411 3223 in
1423 3166 1506 3223 cunis
1516 3166 1675 3226 delineavit
1684 3167 1852 3224 Christum:

221 3249 394 3326 defixosque
406 3253 526 3311 teneret.
542 3253 570 3308 S.
583 3251 762 3328 Stephanus,
775 3253 869 3310 Actor.
882 3267 948 3325 cap.
960 3265 1012 3322 vn,
1055 3253 1179 3328 uterque
1193 3263 1263 3322 ergo
1279 3251 1440 3326 expositus,
1454 3251 1503 3308 ille
1516 3250 1643 3308 fortunae
1656 3250 1789 3321 arbitrio,
1801 3251 1850 3308 hie

120 3379 127 3394 .
144 3351 186 3394 eris
219 3335 267 3402 Ed,
276 3349 332 3408 pro
346 3337 463 3405 elegans,
477 3331 573 3404 vertit,
584 3337 642 3403 luit
653 3341 750 3406 protus
761 3337 825 3393 Deo.
841 3333 922 3392 Unde
932 3338 1014 3409 patet
1055 3332 1142 3391 saluti
1153 3333 1326 3405 hominum
1337 3333 1388 3390 ille
1402 3333 1432 3390 in
1445 3331 1556 3390 fiscella
1568 3333 1693 3406 scirpea,
1703 3332 1753 3390 hie
1766 3333 1798 3389 ln
1809 3334 1853 3389 vi-

112 3473 116 3482 ,
146 3447 158 3464 Γ
219 3417 297 3476 hauc
310 3415 483 3489 elegantiam
495 3415 584 3476 luisse
595 3417 757 3492 plusquam
770 3417 946 3489 naturalem,
956 3419 1016 3476 llo·
1055 3417 1161 3478 mineis
1180 3417 1265 3475 cunis
1283 3421 1311 3475 et
1327 3417 1488 3492 presepi03
1503 3415 1553 3474 ilie
1571 3417 1602 3474 in
1620 3417 1734 3475 carente
1755 3415 1854 3474 flumi-

112 3484 208 3576 ',}„,¹},',2
220 3501 305 3576 siqua
322 3517 341 3561 a
359 3503 418 3558 beo
435 3499 577 3572 inditam,
592 3501 772 3574 significasse
791 3519 859 3564 eum
874 3504 933 3561 lieo
950 3500 1015 3578 pia·
1055 3501 1113 3572 nis,
1124 3501 1173 3560 hie
1183 3503 1214 3558 in
1225 3517 1315 3576 speon
1326 3499 1535 3576 viaepuhlioae3
1546 3498 1644 3559 illeah
1657 3499 1792 3574 aegypus
1803 3514 1854 3558 ax·

121 3606 158 3636 urs
171 3607 196 3636 s.
221 3600 301 3654 cere,
314 3583 358 3644 iili
372 3583 455 3644 cordi
466 3589 495 3640 et
504 3600 583 3644 ouroe
597 3601 677 3657 esse;
688 3587 787 3661 itaque
799 3601 853 3659 per
866 3586 944 3644 hanc
957 3583 1015 3644 ele·
1056 3588 1159 3660 ceptus
1172 3585 1358 3660 nutritusque
1372 3599 1427 3658 pro
1441 3583 1520 3653 lilio,
1533 3583 1610 3640 hlca
1622 3583 1784 3656 mudhena
1797 3597 1852 3656 per

221 3668 352 3740 gantiam
368 3669 473 3739 utaris,
489 3685 550 3728 non
570 3673 632 3728 tem
650 3669 814 3730 humanam
831 3685 923 3744 mam
942 3667 1015 3727 dini·
1056 3665 1155 3738 bingas
1173 3667 1313 3724 adoratus
1335 3670 1363 3723 et
1378 3665 1554 3722 muneribus
1576 3665 1685 3723 divium
1702 3665 1851 3739 regiisque

219 3767 301 3822 nam,
316 3751 348 3810 in
361 3749 483 3814 orecttle
497 3749 581 3826 quod
596 3751 633 3810 de
646 3753 724 3812 ttosn
738 3755 926 3826 acceperant,
940 3752 1016 3826 ejus-
1056 3761 1113 3823 pro
1127 3751 1186 3806 heo
1199 3765 1234 3808 ac
1244 3763 1313 3820 rege
1326 3749 1533 3806 universorum
1548 3748 1722 3806 declaratus.

220 3851 279 3910 que
293 3834 352 3893 tide
366 3831 532 3894 confirmati
546 3838 614 3892 sunt
627 3837 779 3909 parentes,
794 3838 823 3892 et
839 3833 961 3892 animati
975 3833 1015 3894 ad
1092 3835 1231 3894 Eunaeum
1245 3847 1301 3890 anu
1318 3845 1349 3890 ιιι
1366 3845 1503 3891 cannara.
1517 3861 1554 3875 -
1568 3834 1733 3906 Pegninue,
1747 3835 1779 3890 tn
1788 3833 1854 3905 iaa-

102 3931 107 3939 ·
221 3934 289 3978 eum
311 3915 538 3989 occultandum
561 3933 615 3976 nec
634 3916 808 3976 dubitarunt
826 3917 883 3974 hac
900 3917 1014 3978 ratione
1057 3923 1123 3975 cetu
1138 3919 1290 3974 carectum
1310 3918 1353 3972 est
1369 3915 1454 3973 locus
1470 3915 1503 3971 iu
1522 3930 1584 3989 quo
1604 3921 1767 3973 nascuntur
1778 3916 1853 3974 cari·

221 3999 338 4058 eumah
351 4001 520 4076 aquisitae
533 4003 640 4072 tutore,
653 3999 1014 4072 ineolumemevasurum,
1056 4014 1123 4071 ees;
1138 4000 1217 4056 uarix
1235 4003 1279 4056 est
1298 3997 1391 4054 herba
1410 3998 1487 4067 alta,
1506 3993 1537 4054 iu
1556 3999 1685 4071 speciem
1704 3999 1812 4070 gladii,
1825 4004 1854 4057 et

206 4088 249 4147 ,ot
259 4081 317 4144 hoc
330 4083 466 4158 estquod
477 4081 695 4157 aitrtpostolus,
708 4083 790 4140 Hebr.
802 4083 887 4152 snae
898 4097 906 4136 ε
919 4081 1011 4138 «aide
1057 4081 1114 4154 sub
1129 4081 1221 4137 duam
1238 4079 1416 4137 acuminata.
1432 4079 1503 4136 ilinc
1521 4085 1602 4153 patet
1618 4083 1716 4138 ltoaen
1738 4083 1855 4156 exponi-

220 4169 313 4226 ltosee
327 4163 598 4237 natus,occuitatus
611 4167 655 4224 est
666 4163 819 4223 mensibus
829 4164 1014 4237 tribusapa-
1057 4170 1120 4222 tum
1139 4163 1228 4221 tuisse
1245 4162 1277 4218 in
1294 4161 1362 4219 loeo
1375 4161 1517 4235 palustri,
1531 4165 1560 4220 et
1572 4166 1726 4236 stagnante
1745 4164 1853 4221 exiliit

219 4249 351 4310 rentibus
362 4249 433 4322 suis,
448 4265 484 4306 eo
495 4247 579 4323 quod
592 4248 732 4306 vidissent
745 4249 906 4320 elegantem
919 4245 1015 4304 inian-
1056 4245 1154 4321 aquis,
1165 4245 1263 4302 densis
1276 4247 1376 4302 tamen
1386 4244 1484 4316 juncis
1497 4247 1526 4302 et
1538 4244 1684 4303 caricibus
1701 4251 1786 4320 eepto
1793 4287 1803 4317 ,
1813 4247 1854 4308 ita

219 4337 296 4399 tom,
309 4338 337 4390 et
356 4347 418 4389 non
432 4331 595 4388 timuerunt
614 4333 691 4401 regis
705 4331 871 4389 edietum.»
886 4329 958 4388 Vide
971 4328 1015 4387 ihi
1056 4334 1091 4386 ut
1102 4326 1184 4400 maa,
1198 4333 1227 4385 et
1239 4327 1337 4385 inians
1354 4328 1386 4383 in
1399 4342 1435 4385 aa
1451 4327 1619 4401 expositus,
1634 4341 1781 4402 aquensem
1794 4329 1852 4386 im·

220 4417 350 4478 dicta.,S.
365 4416 503 4490 Ephrem,
518 4414 549 4473 iu
564 4413 697 4472 oratione
712 4417 751 4470 lte
766 4415 1016 4484 transmutatione
1056 4417 1128 4488 petu
1138 4410 1236 4484 abripi
1246 4423 1307 4466 nnn
1320 4413 1430 4483 posset.
1441 4411 1768 4484 lirratergotosephue,
1780 4411 1854 4468 duni

211 4485 334 4566 'cineta
346 4500 443 4560 causet
453 4498 551 4554 Mosen
562 4496 776 4554 sanctificatum
786 4495 876 4554 fuisse
887 4495 918 4550 in
929 4495 1014 4552 utero
1056 4496 1157 4551 namet
1173 4507 1272 4554 arcam
1288 4492 1366 4549 hanc
1386 4492 1472 4549 lineis
1489 4495 1652 4567 projectam
1670 4509 1734 4552 esse
1747 4492 1779 4551 in
1793 4509 1855 4554 me

220 4581 320 4642 matris
331 4600 338 4638 ι
349 4580 407 4639 hoc
417 4580 496 4638 eninr
507 4578 571 4636 haec
585 4579 718 4652 comonis
731 4577 795 4650 ejus
809 4575 964 4648 elegantia,
978 4591 1015 4634 ax
1057 4575 1142 4633 dium
1151 4575 1273 4646 flumen,
1285 4575 1313 4631 et
1322 4575 1507 4652 deportatam
1519 4591 1583 4634 aeae
1593 4575 1633 4633 ab
1646 4578 1748 4650 aquist
1760 4575 1854 4634 tiliam

220 4665 326 4726 aalma
347 4663 492 4738 elegantia
511 4677 713 4735 promanans,
734 4661 864 4720 indicare
886 4657 1013 4716 videtur.
1057 4675 1127 4717 vero
1145 4659 1222 4730 regis
1242 4657 1340 4715 missis
1358 4659 1543 4716 natatorihus
1557 4653 1678 4731 iussisse
1695 4673 1795 4718 aream
1816 4673 1855 4717 ax

219 4749 327 4806 verum
346 4747 408 4804 haec
426 4743 594 4818 conjectura
607 4749 650 4800 est
663 4744 788 4812 tenuior,
805 4757 897 4818 quem
910 4745 944 4798 ut
957 4741 1015 4800 hoe
1058 4741 1144 4817 aquis
1157 4741 1269 4800 exuahi
1285 4744 1313 4799 et
1325 4741 1405 4799 adse
1419 4741 1538 4800 adlerri.
1946 4812 1949 4822 Ι

219 4829 424 4908 privilegium,
436 4830 465 4884 et
481 4842 500 4883 e
517 4825 670 4886 communi
684 4827 748 4900 lege
761 4823 874 4902 peceati
889 4823 1015 4896 origina-
1093 4825 1195 4895 Porro,
1206 4823 1301 4882 noluit
1312 4825 1389 4882 haue
1402 4827 1502 4882 Mosen
1515 4825 1579 4882 hac
1590 4825 1670 4900 pati,
1683 4827 1718 4883 nt
1730 4825 1856 4884 disceret

220 4913 267 4978 lis,
281 4913 311 4970 in
325 4927 387 4986 quo
399 4927 504 4970 omnes
519 4910 680 4981 nascimur,
695 4908 913 4985 exemptionem
926 4905 1015 4966 stabi·
1058 4923 1182 4966 suorum
1190 4906 1403 4965 contribulium
1414 4909 1518 4966 eadem
1528 4909 1703 4981 patientium
1712 4909 1855 4978 misereri,

220 4995 272 5051 lire
290 4992 403 5068 possit,
416 4993 579 5068 presertim
594 5007 663 5049 cum
677 5005 765 5049 nemo
777 4991 853 5050 atius
867 4990 926 5046 hoe
939 5005 1016 5047 asse-
1057 5005 1168 5064 eosque
1179 5007 1217 5048 ex
1226 4991 1282 5048 hnc
1294 4990 1411 5048 miseria
1424 4991 1561 5049 liberaret
1573 4995 1603 5049 at
1615 4991 1763 5050 edueerat.
1773 4991 1855 5050 hisee

219 5081 321 5136 ruerit.
1057 5075 1105 5133 hio
1119 5076 1231 5132 morale
1247 5076 1336 5132 :ideo
1356 5091 1411 5132 nos
1433 5077 1509 5133 Deua
1527 5075 1595 5133 iecit
1609 5076 1753 5146 miseros,
1767 5079 1802 5133 ut
1817 5091 1855 5134 ex

255 5165 329 5222 Scite
342 5163 486 5224 llarsilius
498 5161 631 5232 licinus,
644 5161 676 5218 in
691 5160 819 5219 Platonis
829 5161 1015 5232 monem,
1058 5163 1160 5216 nostra
1168 5158 1286 5214 miseria
1295 5157 1444 5214 discamus
1452 5159 1579 5232 qualiter
1586 5159 1779 5218 misereamur
1786 5171 1855 5233 pro·

220 5245 473 5322 pulchrItudinem
491 5245 609 5302 vocavit
623 5241 767 5302 honitatis
786 5243 909 5313 horem,
924 5246 953 5300 et
965 5245 1016 5301 Pa·
1058 5243 1151 5300 ximo.
1164 5243 1253 5310 duur,
1265 5245 1300 5296 ut
1313 5241 1353 5297 eit
1367 5243 1395 5298 S.
1408 5242 1588 5314 heruardus,
1604 5247 1643 5302 lte
1655 5243 1791 5300 ιιιιιιιιιιιι
1805 5243 1856 5300 ltc-

221 5337 303 5388 entus
316 5331 349 5387 in
362 5332 496 5401 Pearppr.
512 5327 673 5388 Mendesii:
687 5326 945 5400 aaugrstissimn,
958 5325 1014 5398 alt,
1058 5329 1143 5384 mitit.
1160 5345 1170 5385 .·
1189 5345 1203 5378 e
1219 5327 1300 5394 AEger
1319 5337 1417 5396 aegro,
1434 5330 1462 5381 et
1482 5327 1600 5400 Jejunue
1619 5327 1721 5399 jejuno
1742 5331 1855 5402 quanto
