4236 6040
235 301 310 378 'tea
777 325 1366 398 conuenrtnnruexonuu,cn.r.

163 427 243 504 υοιιιι
255 425 304 481 tur
311 439 367 497 pro
375 421 497 497 tamilla,
505 428 534 483 et
541 440 574 484 re
582 427 644 485 tota
653 427 791 486 familiari
800 446 868 504 que
877 431 969 490 domo
979 447 1050 490 con·
1091 432 1224 504 tuaginta
1238 433 1289 506 qui
1305 447 1373 491 cum
1387 429 1478 490 iacob
1492 429 1616 501 ingressi
1631 431 1714 486 erant
1733 429 1764 484 ln
1778 429 1888 503 AEgyp·

137 493 242 600 mrem·
255 508 373 580 tinctor,
383 509 538 583 quomodo
550 508 610 568 lere
620 511 725 584 accipit
735 513 860 571 domum
872 514 1048 586 Aristoteles,
1091 518 1172 586 tum,
1184 519 1255 574 tuuc
1268 519 1366 576 statim
1385 517 1458 574 mira
1472 515 1641 582 creverunt,
1656 515 1685 569 et
1702 511 1888 585 multiplicati

255 589 307 647 lib.
324 593 333 647 l
353 593 461 649 Politia.
478 609 543 666 cap.
559 609 585 664 r,
601 610 669 650 eum
684 594 723 652 ait
738 612 746 651 :
765 615 779 650 ι
794 599 903 654 Domus
917 603 961 655 est
974 615 1049 656 oeco-
1091 604 1160 658 sunt
1181 599 1235 658 tilii
1249 602 1353 673 lsrael,
1366 600 1418 674 qui
1433 602 1516 660 erunt
1529 597 1583 656 fltii
1596 600 1626 657 et
1642 598 1753 671 posteri
1766 596 1888 655 illorum

254 675 373 732 uomica
384 677 629 746 communicatio,
644 693 679 734 ex
693 678 773 750 viro,
785 695 890 750 uxore,
901 680 980 752 filiis,
991 697 1050 740 ser·
1091 684 1258 757 priznnrum
1270 685 1469 758 Septuaginta.

254 757 314 828 via,
333 758 411 817 bove
430 759 555 832 aliisquo
572 760 751 819 animalibus
773 769 950 822 constance
968 766 1050 824 Unde
1127 771 1153 824 7.
1179 771 1265 837 Quasi
1288 783 1492 826 οιιιιιιιιιιιιο.
1515 797 1550 811 -
1573 765 1710 824 ltebraice
1734 771 1962 828 oeristetten·
1987 779 2010 821 ⁷·

254 843 409 903 Chaldaeus
429 847 525 913 vertit,
542 849 646 916 sinenti
666 851 832 906 introierunt
846 865 906 906 cem
919 852 989 906 eicis
1003 850 1050 906 do-
1090 855 1219 919 tiaratae,
1234 851 1265 908 id
1280 855 1322 908 est
1337 851 1516 911 ebullierunt
1528 851 1620 909 instar
1633 865 1774 908 ranarum
1788 853 1815 906 et
1828 850 1887 923 pis·
1900 834 2010 943 'fm-

254 943 314 986 mer
325 944 397 996 aue,
409 932 483 1006 puta
497 945 565 988 cum
580 929 649 988 filiis
661 934 690 989 et
704 931 811 1003 servis,
824 947 988 1006 eorumque
1002 949 1051 991 su·
1091 933 1187 1006 cium,
1202 952 1332 1009 quorum
1346 934 1421 992 mira
1441 939 1484 992 est
1497 933 1601 992 loetura
1619 936 1648 991 et
1667 933 1887 1006 multiplicatio,
1914 959 1999 1004 affl,

253 1011 398 1087 pellectile
418 1015 446 1071 at
466 1030 499 1071 re
519 1013 697 1087 domestica;
712 1015 771 1075 boc
789 1017 869 1074 euim
893 1018 990 1092 reipsa
1009 1018 1050 1077 ita
1090 1033 1152 1093 pre
1165 1019 1270 1078 armus
1282 1024 1310 1079 et
1320 1017 1500 1080 animalibus
1508 1016 1812 1091 terrestribustidque
1824 1019 1889 1074 tum
1924 1019 1985 1064 aaa

253 1095 364 1158 tamum
381 1111 443 1157 esse
463 1097 788 1173 liquationum&
809 1103 851 1159 lta
871 1101 1048 1176 Procopius,
1091 1102 1132 1160 ob
1154 1102 1288 1164 bumorIs
1308 1103 1471 1173 luxuriam,
1485 1107 1519 1160 ut
1539 1101 1603 1161 vtrlt
1622 1100 1747 1171 Plinius,
1761 1099 1814 1158 lib.
1835 1102 1887 1170 tx,

254 1181 333 1242 Beda
349 1184 378 1242 et
390 1183 418 1242 S.
433 1182 613 1256 Augustinus
627 1182 676 1242 bie
683 1225 693 1256 ,
705 1183 854 1244 locutione
867 1189 895 1244 l.
1091 1202 1157 1262 cap.
1172 1203 1212 1261 ¹¹3
1224 1191 1289 1247 tum
1302 1187 1374 1263 quia
1389 1185 1500 1246 cunctis
1514 1185 1585 1244 anni
1598 1184 1784 1260 temporibus
1799 1199 1889 1258 gene·

136 1271 198 1318 m
226 1274 240 1316 ¹
290 1267 326 1337 2,
340 1268 367 1324 3.
381 1267 494 1337 Rauen,
509 1268 632 1338 Sruuott,
646 1271 700 1326 eto.
715 1269 867 1328 Βιιιιιιιιι.
883 1273 992 1330 -Nou
1006 1275 1050 1330 est
1090 1275 1167 1343 rant,
1179 1275 1213 1330 ut
1225 1273 1311 1331 docet
1325 1269 1500 1340 tnstoteles,
1512 1269 1565 1328 lib.
1581 1271 1614 1326 vt
1629 1271 1668 1327 lie
1680 1269 1803 1328 Αοιοιοι.
1818 1285 1886 1343 cap.

135 1337 188 1382 Μ·
254 1350 307 1410 iste
321 1351 396 1412 ordo
414 1351 573 1410 nativitatis
591 1369 598 1408 ε
613 1352 655 1410 sic
673 1352 752 1410 enirn
766 1354 932 1426 beniamin,
947 1359 1049 1430 utpote
1090 1369 1159 1414 xvir.
1172 1357 1246 1414 Nota
1257 1355 1305 1414 bic
1316 1357 1506 1428 interpretem
1515 1357 1650 1413 uestrum
1662 1353 1790 1412 subinde
1803 1353 1888 1412 adbi-

254 1440 326 1498 natu
340 1435 492 1508 minimus,
503 1435 623 1496 deberet
632 1452 695 1494 esse
706 1437 829 1497 ultimus
837 1456 846 1510 ;
857 1439 910 1498 scd
919 1442 962 1497 ast
973 1440 1049 1501 ordo
1090 1439 1160 1498 bera
1175 1438 1247 1498 alias
1263 1437 1470 1498 similitudines
1483 1441 1511 1495 et
1524 1437 1713 1511 metaphoras
1727 1453 1818 1512 οιιοιιι
1829 1437 1888 1494 sint

254 1519 417 1594 conjugalis
433 1520 522 1578 thori.
545 1521 633 1578 Primi
654 1521 733 1578 enlm
754 1537 805 1578 sex
823 1522 927 1596 primae
947 1523 1049 1582 uxoris
1090 1522 1120 1580 in
1132 1521 1267 1592 tebrae,
1282 1523 1405 1597 quando
1419 1538 1465 1580 res
1479 1525 1521 1579 est
1535 1521 1657 1591 eadem,
1670 1520 1809 1596 idemque
1822 1536 1888 1579 seu-

253 1605 369 1677 tacobi,
383 1608 455 1679 puta
470 1605 540 1675 Lite,
555 1609 623 1662 sunt
636 1603 707 1676 lilli3
723 1605 881 1678 septimus,
894 1610 967 1679 putu
978 1609 1049 1664 Ban-
1091 1624 1141 1662 sus
1160 1624 1167 1663 :
1187 1607 1349 1680 prasertim
1372 1607 1396 1662 si
1416 1605 1589 1663 lamlliaricr
1609 1604 1697 1662 nobis
1716 1609 1767 1662 aut
1780 1604 1888 1662 clarior

252 1690 360 1762 jamin,
370 1693 413 1746 est
426 1687 506 1745 lilius
519 1689 656 1746 secundae
672 1689 773 1746 uxoris
786 1689 898 1760 iacobi,
909 1693 981 1762 puta
993 1694 1049 1750 lla-
1091 1691 1126 1748 sit
1141 1707 1208 1762 sua,
1223 1705 1315 1765 quarn
1329 1707 1364 1748 ea
1378 1705 1446 1763 quae
1460 1693 1503 1746 ast
1515 1689 1547 1746 in
1561 1688 1697 1759 llebraao,
1713 1688 1755 1746 uti
1767 1695 1811 1747 cst
1823 1690 1889 1748 haec

254 1772 363 1842 ebelis;
389 1772 450 1830 duo
470 1775 625 1846 sequentes
646 1771 715 1842 filii,
731 1777 799 1829 sunt
820 1773 910 1829 tertiae
929 1773 1047 1846 uxoris,
1092 1774 1230 1846 perminis
1244 1789 1305 1847 pree
1319 1773 1371 1831 illa
1384 1789 1525 1831 ranarum
1539 1778 1567 1830 et
1580 1771 1715 1846 piscium.
1733 1775 1793 1830 lloe
1807 1774 1888 1830 enim

253 1860 327 1930 puta
340 1855 454 1916 aucillis
466 1855 543 1912 Balce
552 1873 561 1926 3
574 1855 635 1912 duc
650 1854 762 1926 ultimi,
778 1859 847 1914 sunt
857 1855 910 1913 filii
924 1861 1047 1930 quartae,
1090 1857 1278 1931 permittitur,
1296 1857 1356 1914 imo
1369 1857 1451 1914 dccet
1469 1855 1566 1914 fidum
1577 1858 1776 1930 interpretem.
1793 1860 1885 1916 Porro

253 1944 327 2014 puta
340 1941 465 2014 zelphae.
1089 1945 1115 1994 τὸ
1128 1945 1308 2011 permittentes
1326 1939 1471 2012 significat
1485 1955 1536 1998 eos
1548 1939 1640 1998 instar
1656 1939 1795 2010 germinis
1810 1941 1889 1999 mul-

135 2033 142 2050 ·
217 2057 223 2074 ·
289 2029 533 2084 bituminum
548 2039 1048 2096 onnusanrunsonuu‚oursenessi
1089 2025 1235 2099 tiplieatos
1257 2041 1336 2094 esse,
1353 2032 1380 2080 et
1399 2025 1584 2098 quasitcrrae
1603 2024 1681 2082 lilios
1701 2041 1717 2082 ο
1735 2028 1889 2083 terratur-

255 2123 324 2166 sunr
339 2123 374 2168 na
388 2125 498 2168 rancun
511 2112 608 2179 lacos,
619 2123 864 2168 sarracenus.-
875 2129 889 2164 ι
899 2110 1045 2181 Animae»
1090 2109 1193 2168 metim
1215 2109 1377 2184 prodiisse,
1392 2114 1438 2178 et,
1453 2113 1485 2166 ut
1506 2109 1611 2183 aquila
1631 2109 1731 2180 vertit,
1747 2114 1886 2182 erepsisse.

254 2192 286 2250 td
300 2199 342 2249 est
356 2193 509 2264 hontincs;
524 2198 566 2248 est
581 2193 775 2265 syrtertlocbe.
787 2193 974 2265 Septuaginta
985 2210 1048 2250 uer-
1091 2195 1171 2252 Unde
1183 2193 1372 2268 Septuaginta
1385 2197 1501 2250 vertunt
1509 2235 1518 2264 ,
1532 2196 1587 2264 {ilii
1601 2199 1691 2250 eutem
1703 2197 1787 2251 lsrael
1800 2210 1889 2252 erece-

254 2279 336 2346 tunt,
352 2283 429 2334 erent
443 2293 530 2334 omites
545 2281 642 2334 ooimce
660 2293 770 2347 epressee
786 2294 818 2333 ee
835 2280 934 2345 faenore
951 2279 1047 2344 Jacob,
1089 2287 1170 2346 mitt,
1186 2286 1211 2336 et
1235 2281 1415 2351 multiplicati
1429 2285 1508 2344 suaet,
1524 2283 1550 2334 et
1566 2279 1648 2348 effusi
1661 2281 1732 2348 fecti
1746 2285 1809 2334 sent
1824 2298 1833 2333 .·
1847 2279 1888 2336 ita

254 2366 439 2433 cepteeptnte.
455 2361 507 2418 Ubi
526 2361 639 2418 clarum
661 2366 703 2418 est
724 2363 838 2419 animas
852 2377 907 2435 pro
922 2362 1046 2420 bomini·
1090 2367 1255 2433 creverunt,
1265 2367 1297 2420 ut
1311 2379 1364 2436 per
1379 2365 1546 2419 universam
1560 2361 1643 2419 illam
1657 2367 1763 2420 terram
1778 2361 1888 2420 diffun-

254 2445 311 2502 bus
334 2446 437 2518 accipi.
463 2448 579 2504 Certum
600 2450 643 2502 est
665 2446 744 2502 enim
764 2446 894 2502 bortrinis
917 2446 1047 2503 animam
1091 2447 1247 2518 darentur,
1267 2447 1307 2503 ait
1320 2447 1524 2517 theodotion,
1546 2459 1638 2518 greca
1656 2443 1749 2514 χιδοῑοι
1772 2451 1886 2519 sptem,

255 2544 316 2586 non
338 2529 438 2602 egredi
458 2545 496 2586 ex
514 2529 642 2600 temore,
656 2543 710 2586 nec
729 2529 799 2586 oriri
813 2545 848 2586 ex
863 2529 982 2586 traduco
996 2543 1048 2602 pa·
1090 2531 1174 2606 quod
1199 2531 1342 2603 interpres
1368 2530 1501 2600 origenis
1523 2529 1631 2600 vertit,
1654 2533 1685 2587 in
1709 2532 1888 2588 multitudine

253 2615 487 2689 rentum2quod
501 2618 534 2672 ut
547 2615 679 2672 innueret
692 2617 791 2671 noster
805 2616 958 2688 interpres,
969 2617 1047 2674 clare
1089 2631 1189 2686 nepteo
1212 2616 1293 2686 effusi
1314 2620 1398 2680 sent,
1420 2621 1446 2671 et
1467 2615 1665 2672 ineolecebeet
1686 2613 1767 2672 cattle
1789 2617 1886 2682 aeide,

252 2698 356 2769 vertit,
371 2703 470 2756 onitate
483 2715 574 2757 eorum
587 2703 636 2770 qui
649 2703 748 2770 opressa·
761 2705 841 2765 sunt,
858 2705 912 2756 etc.
927 2697 1047 2758 Hebraea
1089 2701 1292 2772 multiplicabat
1306 2704 1395 2754 eutem
1409 2699 1472 2755 illos
1486 2703 1571 2756 terre.
1585 2697 1727 2774 apposite
1741 2715 1748 2754 :
1764 2713 1834 2756 nam
1849 2699 1887 2755 si·

253 2783 366 2842 utrovis
387 2784 493 2852 modo,
513 2783 566 2840 sed
588 2783 692 2840 melius
711 2783 769 2840 boc
787 2784 963 2854 posteriore,
978 2799 1047 2842 cum
1090 2789 1139 2841 eut
1151 2801 1187 2842 ex
1202 2799 1263 2842 uno
1277 2783 1397 2841 seminis
1413 2798 1505 2856 mano
1520 2787 1708 2842 succrescunt
1721 2781 1807 2842 multi
1826 2785 1888 2842 cul-

253 2868 357 2926 Nostro
370 2871 398 2924 ct
411 2867 549 2926 chaldaeo
564 2872 669 2924 verina.
1090 2871 1147 2941 mi,
1163 2885 1199 2928 ex
1220 2883 1281 2926 uno
1304 2867 1405 2925 culmo
1425 2867 1526 2924 multae
1547 2867 1658 2937 ariste,
1674 2881 1712 2924 ex
1726 2881 1786 2924 uua
1799 2867 1889 2924 arista
1932 2907 1939 2922 .

287 2952 378 3010 luitur
391 2952 439 3010 bie
453 2966 595 3009 uumerus
609 2950 798 3008 Hebraeorum
819 2951 1048 3023 ingredientium
1091 2953 1185 3014 multa
1202 2967 1313 3026 grana,
1325 2951 1365 3009 ite
1381 2953 1414 3008 ut
1427 2965 1464 3010 ex
1484 2965 1545 3008 uno
1566 2963 1660 3022 grano
1675 2963 1752 3023 saepe
1765 2965 1888 3008 nascau-

253 3038 427 3110 aegyptum,
440 3035 524 3110 quod
543 3034 650 3092 scilieet
670 3034 778 3092 literint
792 3037 843 3104 tu,
858 3038 891 3090 ut
905 3034 1048 3092 mirabilis
1090 3043 1137 3098 tur
1149 3040 1286 3107 trecenta,
1299 3039 1327 3092 et
1339 3035 1444 3108 plura:
1459 3036 1498 3092 ita
1508 3051 1544 3092 ex
1555 3050 1615 3092 uno
1626 3034 1804 3109 patriarcha,
1815 3040 1889 3110 putu

252 3119 304 3179 illa
325 3119 500 3178 loecunditas
525 3118 741 3192 multiplicandi
764 3118 901 3187 seminis,
925 3118 1047 3176 sbrnbm
1091 3137 1127 3182 ex
1147 3123 1237 3191 tuda,
1254 3119 1451 3178 uescebantur
1471 3118 1573 3191 plures
1595 3116 1667 3189 dlii,
1682 3134 1719 3176 ex
1739 3135 1801 3177 uuo
1824 3119 1888 3178 filio

252 3221 308 3266 avo
322 3205 483 3278 promissa,
498 3203 590 3262 denes.
606 3219 672 3277 cap.
689 3219 751 3275 ιιιι,
766 3206 811 3273 tit,
826 3208 854 3261 et
873 3203 938 3260 Gen.
954 3219 1001 3274 ιι,
1016 3207 1047 3275 d,
1091 3207 1191 3281 plures
1206 3209 1343 3280 nepotes,
1355 3219 1392 3260 ex
1412 3217 1474 3260 uno
1495 3205 1619 3274 nepotc,
1639 3201 1741 3276 plures
1754 3201 1889 3275 abnepo-

252 3294 343 3351 elieo
356 3289 504 3348 uerissime
517 3287 678 3363 adimpleta
693 3292 842 3359 cernatur,
858 3289 980 3362 quando
995 3291 1048 3345 ild
1091 3297 1148 3360 tea,
1164 3295 1230 3360 cte,
1248 3291 1288 3347 ita
1302 3292 1334 3344 ut
1348 3303 1384 3343 ex
1398 3301 1460 3344 uno
1480 3285 1662 3358 patriarcha,
1677 3286 1755 3344 intra
1770 3291 1888 3344 centum

252 3373 352 3444 annia,
367 3374 478 3448 quibus
500 3371 531 3429 in
550 3375 675 3446 AEgypto
695 3372 847 3438 vixerunt,
865 3373 905 3428 ite
923 3387 1048 3429 nurnero
1092 3391 1201 3445 annua,
1217 3373 1331 3446 aliquot
1345 3385 1406 3430 non
1420 3374 1565 3441 centenae,
1581 3370 1634 3428 sed
1647 3363 1775 3430 millene
1788 3372 1889 3444 proles

252 3458 330 3517 aucti
343 3462 428 3528 sunt,
442 3460 476 3514 ut
494 3460 599 3528 preter
614 3456 755 3528 parvulos
771 3460 798 3510 et
813 3469 938 3524 uxores,
955 3456 1047 3512 sexies
1092 3459 1352 3532 progignerentur,
1366 3453 1520 3529 possitque
1533 3454 1701 3528 patriarcba
1717 3471 1754 3513 ex
1769 3455 1839 3513 solis
1852 3457 1888 3512 ti-

252 3544 375 3598 eentena
386 3538 480 3597 millia
492 3536 627 3610 peditum
640 3538 672 3593 iu
686 3553 804 3607 egressu
815 3543 969 3596 numerata
980 3540 1046 3608 sint,
1091 3543 1139 3600 liis
1153 3546 1181 3601 et
1194 3541 1353 3615 nepotibus
1367 3539 1526 3597 exereitum
1543 3539 1702 3610 iustruere,
1715 3554 1844 3615 eumque
1857 3541 1886 3596 in

252 3637 387 3696 eepdtt,
401 3638 477 3680 vers.
492 3623 539 3678 ³7·
1092 3628 1185 3685 aciem
1197 3629 1299 3684 contra
1312 3625 1412 3682 hostes
1424 3624 1560 3682 educere.

286 3705 534 3775 Serranorum·
545 3702 569 3758 si
583 3704 691 3774 loseph
703 3718 772 3760 eum
787 3702 906 3759 dnobus
920 3705 988 3761 filiis
998 3720 1049 3759 en·
1129 3713 1273 3768 ttoaomr
1284 3723 1370 3779 neura,
1383 3737 1420 3752 -
1430 3709 1505 3766 aucti
1518 3707 1718 3778 mtrltitudine,
1730 3724 1797 3783 que
1808 3725 1890 3768 exer-

251 3804 402 3862 numeres,
417 3793 450 3850 ut
462 3791 542 3863 patet
553 3787 644 3844 denes.
657 3802 731 3842 nevi.
744 3787 839 3854 Qtinre
853 3789 934 3859 qued
950 3789 1047 3844 statim
1092 3793 1165 3851 citus
1180 3795 1231 3850 aut
1245 3791 1351 3866 populi
1364 3791 1468 3863 ingens
1483 3796 1527 3850 est
1539 3789 1643 3850 robur.
1660 3791 1753 3850 Utitur
1766 3793 1815 3850 bie
1829 3795 1889 3850 llo-

251 3875 300 3936 bic
321 3875 422 3934 subdit
441 3875 534 3932 lloses
555 3889 563 3928 ι
589 3871 728 3946 eloseph
748 3876 847 3930 autem
868 3871 898 3927 iu
921 3875 1047 3944 itigypto
1092 3893 1138 3933 ses
1160 3875 1345 3949 anadiplosi,
1364 3879 1396 3932 ut
1419 3875 1562 3946 significet
1585 3875 1775 3936 innumeram
1796 3876 1890 3950 gentis

252 3962 359 4032 erat,»
381 3959 586 4033 exceptionem
608 3957 751 4026 eontinet,
765 3971 828 4014 non
847 3955 885 4013 ab
906 3971 943 4014 eo
964 3958 1048 4030 quod
1093 3977 1154 4019 sna
1164 3959 1421 4035 propagationem.

251 4044 420 4104 immediate
435 4043 597 4119 praecessit,
609 4043 662 4116 sed
676 4042 715 4100 ab
729 4057 764 4099 eo
780 4041 863 4115 quod
876 4041 968 4114 paulo
982 4045 1049 4099 ante
1129 4047 1323 4104 turbaremur
1342 4058 1473 4114 ιιιιιιιι,
1485 4073 1521 4088 -
1533 4043 1662 4118 intellige
1681 4045 1889 4116 accommode,
1904 4055 2007 4099 nessae·

253 4129 483 4189 dissaisiverat
507 4147 513 4182 :
536 4129 632 4184 ullaec
647 4130 717 4185 sunt
730 4125 853 4184 nomina
866 4107 998 4184 filiorum
1010 4127 1050 4184 ls-
1094 4145 1179 4187 suurn
1201 4129 1248 4186 vel
1269 4127 1326 4184 sibi
1350 4127 1535 4200 attributam,
1549 4133 1621 4202 puta
1641 4133 1750 4188 terram
1770 4131 1888 4188 Gessen.
1905 4131 2009 4223 mlffiimu

251 4215 331 4288 rael,
350 4215 402 4290 qui
423 4212 547 4285 ingressi
570 4216 639 4268 sunt
660 4212 690 4268 in
711 4214 913 4285 egyptum.»
938 4210 1050 4268 Hebraei
1094 4215 1229 4284 Quaeres,
1249 4211 1329 4270 unde
1352 4217 1433 4270 taum
1453 4211 1643 4272 Hebraeorum
1665 4211 1889 4287 multiplicatio,
1903 4191 2010 4297 ωηιξη,

252 4300 333 4359 enim
351 4315 413 4358 uon
431 4311 547 4369 semper
561 4294 696 4368 proxime
709 4294 919 4368 praecientia,
935 4295 987 4352 aad
1001 4310 1049 4352 su·
1094 4312 1132 4354 an
1148 4313 1183 4355 ex
1195 4299 1316 4366 natura,
1328 4311 1366 4353 an
1379 4313 1413 4353 err
1427 4295 1589 4354 miraculo?
1602 4299 1778 4374 ltcspondco
1789 4301 1890 4371 primo,
1904 4307 1945 4349 itm
1972 4317 2009 4347 na-

251 4385 370 4458 parlora
383 4397 460 4457 saepe
474 4383 502 4437 et
516 4377 674 4436 remotiora
688 4378 858 4451 respiciunt.
874 4382 981 4436 Sensus
995 4393 1049 4437 au·
1093 4397 1160 4440 eam
1182 4396 1244 4439 nou
1267 4397 1330 4437 esse
1352 4380 1472 4454 proprie
1496 4379 1703 4440 ascribendam
1722 4381 1889 4440 miraculo:
1918 4366 1998 4472 ‘232³'

253 4471 313 4528 tem
327 4471 387 4537 est,
400 4484 426 4538 q.
446 4465 474 4521 d.
495 4465 586 4520 Moses
606 4481 613 4518 :
636 4464 753 4519 versut
770 4463 844 4520 inter
858 4463 935 4520 filios
948 4461 1050 4521 iacobi
1094 4464 1266 4524 naturaliter
1289 4464 1369 4522 anim
1390 4467 1425 4523 ro
1445 4465 1581 4522 bortriues
1603 4465 1627 4521 si
1649 4467 1788 4525 eoudnue
1802 4481 1891 4538 gene·
1978 4457 1984 4470 '

254 4551 449 4626 ingredientes
461 4548 492 4606 in
503 4551 674 4621 AEgyptnm,
686 4561 747 4604 non
759 4547 913 4604 numeravi
926 4547 1034 4620 loseph
1039 4564 1048 4618 3
1094 4552 1174 4620 rent,
1188 4552 1216 4606 et
1230 4549 1261 4605 hi
1276 4549 1367 4619 alios,
1384 4554 1411 4607 et
1425 4547 1468 4605 illl
1483 4548 1558 4607 alios
1575 4564 1692 4622 semper
1706 4567 1760 4624 per
1772 4553 1826 4608 etti
1838 4565 1892 4607 au-

255 4637 327 4714 quia
338 4635 447 4710 ioseph
458 4635 520 4705 jem
532 4637 598 4689 erite
612 4629 707 4686 iuerat
721 4634 749 4687 et
762 4633 823 4687 crat
837 4629 868 4685 in
882 4633 1019 4702 AEgypto.
1094 4646 1168 4702 nos,
1184 4633 1365 4689 immensum
1386 4633 1552 4706 producent
1574 4631 1707 4691 filiorum
1722 4649 1890 4692 numerum.

221 4752 228 4767 ·
290 4724 318 4780 e.
329 4723 391 4790 Quo
398 4715 1051 4786 ttoureoottn'tooscounnrtottssuneeCog·
1095 4715 1176 4773 Unde
1192 4715 1336 4772 Diodorus
1350 4714 1462 4772 Siculus
1478 4717 1564 4774 docet
1576 4715 1629 4774 lib.
1645 4717 1693 4785 lll,
1711 4731 1777 4790 cap.
1791 4730 1831 4787 tt,
1845 4715 1893 4771 Ni-

255 4806 420 4875 natione,e
446 4802 555 4860 scilieet
572 4801 721 4870 filiorum,
735 4802 797 4855 tam
817 4813 940 4855 suorum
959 4815 1050 4870 quam
1095 4813 1186 4869 num,
1203 4799 1254 4871 qui
1267 4814 1389 4868 regirare
1403 4799 1489 4873 eoepit
1503 4799 1559 4858 sub
1574 4815 1687 4858 annum
1706 4802 1760 4857 οὔθ
1778 4816 1797 4858 a
1814 4799 1894 4856 dilu-

255 4891 399 4960 iratrum,
419 4891 493 4962 puta
517 4888 659 4960 nepotum
682 4896 805 4940 suorum
830 4897 867 4938 ex
888 4881 1028 4938 iratribus
1040 4900 1049 4953 ;
1095 4883 1160 4953 vio,
1174 4881 1462 4942 eontra-Bactrianos
1484 4882 1619 4941 eduxisse
1639 4883 1774 4956 peditum
1796 4883 1891 4940 decios

255 4991 324 5050 quaa
336 4971 475 5048 proxima
487 4969 516 5028 'et
530 4969 661 5026 maxima
675 4971 717 5025 est
731 4964 883 5036 cognatio,
896 4983 922 5036 q.
937 4965 964 5022 et.
977 4967 1052 5024 llor-
1096 4964 1202 5038 septies
1214 4969 1336 5022 centena
1354 4966 1456 5024 millia.
1472 4967 1543 5024 Vide
1559 4971 1706 5042 quantum
1723 4969 1778 5025 aliti
1791 4966 1894 5036 annis,

255 5063 308 5117 tuo
328 5056 455 5130 iosepbo
477 5057 506 5112 et
523 5053 677 5122 iratribuS,
699 5065 862 5122 eorumque
883 5047 966 5119 filiis,
978 5041 1070 5122 puta'
1096 5048 1241 5106 extribus
1262 5053 1376 5106 tautum
1393 5052 1453 5107 Noe
1471 5049 1540 5108 filiis
1554 5049 1710 5125 propagati
1725 5051 1783 5108 sint
1795 5049 1895 5108 homi-

256 5143 288 5202 in
300 5139 432 5198 secunda
445 5153 550 5194 eorum
564 5133 762 5208 generatione,
774 5134 834 5191 sive
846 5134 877 5190 in
892 5133 1051 5206 nepotibus
1096 5145 1159 5190 nes.
1174 5132 1238 5191 Pari
1253 5151 1323 5206 ergo
1338 5135 1430 5191 modo
1445 5135 1525 5193 idem
1539 5135 1587 5194 bic
1601 5135 1665 5192 fieri
1680 5135 1792 5208 potuit,
1803 5133 1896 5206 idque

256 5239 371 5286 eorum.
386 5222 468 5280 Unde
481 5219 619 5278 llebraeus
632 5235 687 5292 pro
701 5217 838 5290 cognatio
853 5222 897 5276 eat
915 5225 970 5279 *tta
984 5218 1050 5284 dor,
1094 5221 1202 5288 primo,
1214 5215 1287 5290 quia
1297 5218 1469 5276 iecturaliter
1480 5218 1544 5276 fieri
1553 5219 1659 5292 potuit,
1671 5223 1703 5276 ut
1713 5233 1818 5276 omncs
1830 5233 1896 5273 mu·

256 5309 290 5370 id
306 5311 350 5367 est
368 5304 532 5380 generatio,
547 5301 764 5374 adsecutum,
779 5320 806 5374 q.
829 5302 858 5358 d.
874 5302 985 5359 llortua
1000 5300 1052 5359 illa
1096 5301 1181 5359 lieres
1201 5300 1329 5358 ltebree
1348 5307 1444 5358 essent
1457 5301 1602 5360 foecundae
1624 5306 1653 5360 et
1671 5301 1794 5374 singulis
1808 5298 1895 5358 annia

257 5390 463 5474 acuentem,
472 5388 536 5452 sire
548 5385 657 5451 ιιιοιιιο
664 5425 675 5462 ,
687 5390 761 5464 pute
774 5385 900 5452 momnis
912 5384 971 5450 illie
982 5387 1053 5462 Sep·
1095 5389 1243 5462 parerent.
1257 5385 1394 5456 Sectam,
1406 5384 1471 5449 lieri
1482 5386 1581 5462 potuit
1588 5427 1600 5461 ,
1614 5389 1648 5449 ut
1659 5389 1838 5462 prenotate
1847 5382 1894 5444 tn·
