4088 6032
252 347 272 407 (i
798 343 973 404 saccatur
990 343 1110 403 ΒΑΜ
1126 342 1331 401 scalmum.

253 450 378 526 tributa,
392 452 498 513 anime
510 445 774 516 immortalitatem,
787 443 968 518 libertatern,
981 463 1043 524 pre·
1120 447 1230 508 lisdem
1249 449 1293 504 est
1310 446 1339 503 S.
1352 439 1614 512 Clementis,heeti
1632 437 1707 498 Petri
1718 437 1837 500 comitis
1848 440 1879 496 et

253 549 324 606 nas,
337 536 459 609 proemia
479 538 632 609 creataque
652 529 753 588 omnis
767 533 877 600 tangit,
892 531 998 587 certius
1016 532 1045 586 et
1085 530 1215 602 alumni,
1227 529 1387 602 senentis,
1401 531 1491 602 Epist.
1506 527 1534 582 a.

254 619 378 675 solidius
397 631 488 691 quam
509 612 657 672 naturales
675 611 802 668 scientiae
815 615 1044 688 persequuntur,
1121 618 1191 689 Quae
1209 617 1292 674 tertia
1314 617 1396 689 parte
1416 613 1453 670 de
1473 610 1675 669 incarnatione
1691 609 1879 684 querantur,

256 713 363 774 easque
377 697 470 760 sicubi
484 697 633 766 aberrent,
650 693 681 752 in
694 693 773 752 vlam
787 695 941 756 reducunt.
1085 699 1187 759 omnia
1206 715 1222 756 e
1242 704 1371 775 quatuor
1384 694 1564 768 Evangeliis,
1578 707 1645 770 qum
1662 693 1754 750 vitam
1772 689 1880 749 Christi

191 823 197 835 .
292 781 378 852 Quod
395 781 434 838 ad
453 779 616 837 seeundum
635 777 749 850 gratia,
762 783 791 834 et
809 780 926 835 tertium
939 778 1045 836 divini·
1086 788 1238 854 enarrant,
1251 783 1427 856 deprompta
1446 782 1529 847 sunt,
1552 791 1620 851 quae
1634 777 1671 836 de
1687 772 1879 833 Sacramentis

243 861 322 924 ⁴tells
341 863 476 923 Ordinem
488 905 497 932 ι
510 877 597 920 nemo
615 875 676 919 1¹0⁰
694 859 774 918 Videt
786 875 855 918 ⁰⁰¹1]
870 863 902 917 ὓ·
916 861 1043 934 Thonis,
1085 866 1252 937 veteribus,
1267 880 1303 921 ex
1321 863 1462 933 Levitico;
1485 873 1553 937 quer
1570 861 1607 917 de
1629 857 1821 920 sacramentis
1838 855 1883 914 le-

255 947 511 1022 heeephilosophis
525 944 674 1018 incognita
686 943 775 1001 fuisse
788 945 987 1017 (comesturos
999 942 1046 1001 lu·
1086 949 1131 1023 gis
1153 962 1255 1016 novae,
1277 962 1314 1004 ex
1334 950 1415 1004 Novo
1433 945 1618 1002 'testamento
1641 941 1768 1017 sparsim
1787 940 1881 1016 petita

255 1046 324 1089 men
337 1028 573 1102 transcendant),
588 1033 617 1086 et
634 1028 698 1085 sine
711 1027 759 1086 liei
776 1025 970 1100 revelatione,
982 1027 1045 1085 siue
1087 1035 1165 1091 sunt.
1180 1034 1252 1103 Quae
1267 1033 1297 1088 ln
1308 1029 1407 1106 prima
1419 1027 1557 1086 secanda
1571 1025 1608 1084 de
1624 1021 1826 1096 beatitudine,
1841 1023 1881 1081 da

137 1127 160 1172 s.
174 1124 243 1181 seer
256 1116 306 1173 liei
317 1114 410 1173 verbo
425 1115 492 1172 sciri
502 1127 564 1171 non
577 1125 675 1187 possa.
689 1111 789 1169 vicen’
803 1125 889 1184 ergo,
898 1115 931 1169 ut
942 1125 1045 1168 omnes
1086 1115 1201 1176 arabus
1211 1115 1367 1185 humana,
1381 1109 1530 1184 ubenate,
1542 1109 1707 1184 spontaneo
1714 1103 1882 1182 ,passioni-

144 1190 238 1292 ffi'ffi
255 1212 354 1257 rerum
374 1199 493 1257 ordines
505 1211 589 1254 saera
601 1194 748 1269 Scriptura
765 1192 1045 1265 ambianensibus
1087 1201 1164 1273 bus,
1177 1203 1298 1276 peccato
1311 1194 1465 1269 originali,
1477 1191 1605 1264 veniali,
1619 1187 1751 1264 mortali,
1763 1189 1800 1250 de
1813 1203 1882 1262 gra·

143 1308 236 1366 praa„
256 1299 286 1340 se
300 1283 445 1352 insinuet,
459 1286 488 1339 et
507 1279 594 1352 quasi
607 1279 654 1335 sol
669 1275 821 1351 sapientie
831 1275 929 1334 omnis
941 1276 1045 1334 verita·
1087 1283 1144 1356 tia,
1158 1282 1283 1354 meritis,
1295 1271 1444 1340 demeritis
1456 1279 1627 1346 tractantur,
1642 1273 1741 1345 unde,
1758 1287 1880 1348 quaeso,

255 1364 402 1425 iisrcdios
415 1378 475 1423 ase
488 1361 646 1421 diffundat·
1088 1366 1145 1426 nisi
1166 1366 1217 1424 liei
1236 1363 1413 1423 revelatione
1432 1357 1589 1418 consueti
1601 1357 1673 1426 Ques
1695 1355 1728 1414 in
1749 1353 1881 1417 secunda

135 1461 193 1506 aar·
210 1465 243 1507 ea
290 1455 471 1524 aristoteles,
492 1451 540 1510 vel
557 1450 694 1526 quisquis
714 1453 758 1507 est
777 1450 891 1519 auctor,
908 1445 987 1506 libro
1008 1449 1046 1504 be
1088 1448 1226 1507 secunda
1237 1446 1356 1518 deiide,
1367 1457 1430 1520 spe,
1442 1441 1580 1500 charitate
1594 1441 1792 1518 disputantur,
1803 1437 1881 1497 adeo

150 1524 225 1629 Ἢ
256 1540 368 1605 hunde,
381 1551 517 1613 quaerens
527 1534 602 1608 quid
615 1535 652 1590 sit
665 1536 759 1591 hensa
776 1533 856 1588 ailoe
870 1529 902 1588 in
911 1530 1044 1603 mundo,
1088 1532 1177 1590 sacris
1190 1531 1302 1589 Litteris
1315 1529 1459 1596 nituntur,
1473 1523 1617 1581 utomnis
1633 1535 1736 1580 esrum
1750 1521 1882 1579 intellec·

146 1595 169 1629 n
223 1616 229 1627 '
255 1625 367 1698 inquit,
381 1627 424 1679 est
437 1624 527 1691 neus,
538 1617 623 1692 quod
634 1615 742 1674 innavf
757 1613 947 1687 gubernator,
962 1614 1045 1690 quod
1088 1619 1136 1673 tus
1147 1615 1187 1672 ed
1197 1613 1318 1671 istatria
1329 1607 1567 1680 referatur,aits.
1581 1606 1771 1677 Augustinus,
1786 1603 1839 1662 lib.
1856 1607 1880 1664 ll

254 1708 286 1764 in
300 1723 387 1764 curru
401 1705 521 1777 auriga,
543 1704 573 1758 in
589 1702 681 1758 choro
699 1697 918 1774 praesulcata
932 1697 1045 1756 civitate
1089 1701 1128 1756 lie
1141 1703 1272 1756 Doctrina
1282 1697 1449 1759 Christiane,
1461 1707 1528 1765 cap.
1538 1706 1585 1748 xr..
1607 1689 1794 1750 «Finisenim
1805 1705 1883 1764 prve-

255 1790 317 1860 lex,
333 1789 364 1846 lo
380 1789 508 1846 exercitu
524 1785 685 1857 imperator
700 1800 738 1842 ιι
759 1781 816 1839 nisi
830 1781 913 1855 quod
935 1779 967 1837 in
988 1781 1046 1839 illis
1089 1783 1181 1856 cepti,
1196 1782 1235 1838 nit
1248 1779 1420 1854 apostolus,
1434 1780 1477 1832 est
1490 1773 1615 1832 charitas
1629 1773 1667 1832 de
1680 1772 1769 1828 eorde
1782 1788 1861 1846 puro
1869 1816 1880 1846 ,

254 1873 435 1949 principatus
448 1866 613 1926 laboriosus
627 1871 681 1936 est,
689 1864 877 1940 perturbatus
886 1868 914 1922 ct
923 1865 1044 1937 anxius3
1089 1869 1117 1922 et
1130 1865 1307 1922 couscientia
1320 1862 1411 1932 hone,
1425 1858 1519 1915 etiide
1526 1855 1696 1914 nauticis.»
1715 1855 1806 1913 allide
1818 1871 1883 1914 non

254 1959 286 2015 in
302 1960 358 2013 Deo
376 1953 549 2017 facillimus,
565 1949 733 2007 liberrimus
752 1951 781 2004 et
799 1945 1044 2006 ordinatissimus.
1088 1948 1190 2018 lictae
1206 1963 1244 2004 en
1256 1945 1310 2003 tibi
1322 1943 1397 2002 fides
1410 1943 1535 2013 sincere3
1551 1939 1751 1998 «conscientia
1765 1939 1880 2012 bona»

256 2043 335 2098 idem
350 2037 457 2094 dixeris
473 2036 511 2093 de
525 2049 608 2092 sacra
620 2031 782 2106 Scriptura,
796 2045 864 2104 ques
878 2029 943 2088 aliis
956 2031 1046 2089 seien-
1089 2047 1126 2090 en
1139 2046 1206 2106 spes
1216 2047 1223 2088 a
1234 2031 1316 2088 hona
1329 2027 1409 2085 enlm
1421 2023 1599 2084 conscientia
1610 2027 1719 2100 sperat,
1734 2025 1813 2082 mala
1827 2025 1883 2082 de-

136 2136 193 2180 una
210 2137 243 2180 ιιι
256 2126 302 2182 tiis
316 2123 439 2192 duxest,
452 2119 516 2188 lex,
529 2119 666 2190 princeps
685 2120 713 2172 et
730 2113 920 2172 moderatrix.
944 2115 1047 2188 Empe·
1089 2119 1200 2189 sperat3
1217 2111 1368 2170 acharias
1388 2110 1425 2168 de
1444 2107 1533 2166 eorde
1550 2122 1674 2181 puro,r
1690 2121 1728 2164 en
1742 2107 1881 2166 charius.

143 2197 237 2267 ΨΜ·
257 2208 356 2267 docies
367 2218 449 2273 vero,
463 2206 585 2274 rogatus
597 2200 671 2274 quid
683 2202 757 2256 esset
768 2201 855 2269 Deus,
869 2199 1021 2270 respondit
1038 2216 1045 2255 ε
1090 2201 1161 2268 Qua
1178 2197 1217 2256 de
1231 2194 1360 2269 lustitia,
1378 2191 1565 2261 fortitudine,
1580 2190 1755 2264 prudentia,
1769 2195 1884 2265 ternpo-

136 2269 244 2362 ἓξὲξ,
257 2296 331 2348 fleus
349 2293 392 2347 est
410 2288 526 2363 sphaera
537 2281 860 2357 incomprehensibilis,
876 2282 961 2352 cujus
980 2296 1047 2339 cen·
1089 2282 1200 2352 rantis,
1214 2286 1244 2339 et
1261 2280 1342 2336 hisee
1359 2274 1481 2335 annexis
1497 2273 1655 2332 virtmibus
1672 2273 1779 2332 docent
1790 2275 1884 2333 Theo·

143 2378 234 2434 ubiuis.
257 2380 334 2433 trum
356 2377 400 2430 est
420 2363 548 2442 ubique,
568 2363 802 2424 circumferentia
823 2378 983 2436 nusquam.
1002 2365 1047 2422 Sic
1089 2369 1167 2439 logi,
1182 2371 1248 2424 tum
1267 2370 1359 2427 tiosos
1376 2363 1408 2422 in
1420 2361 1514 2420 Bardo
1535 2362 1564 2416 ef
1584 2361 1790 2418 rememorate
1805 2375 1882 2434 pre·

137 2439 244 2544 ,ὴήξξζ
257 2457 372 2530 roganti
384 2454 529 2530 quidnam
542 2451 579 2508 sit
592 2463 675 2509 sacra
687 2449 845 2524 Scriptura,
857 2450 936 2506 reete
948 2448 1045 2508 dicas:
1089 2451 1179 2525 ceptis
1190 2446 1397 2523 judicatibus,
1411 2445 1523 2520 quium
1532 2443 1582 2515 ius
1594 2442 1702 2514 cuique
1717 2441 1786 2500 dicit
1794 2460 1804 2512 a
1816 2449 1883 2502 nrm

154 2572 226 2618 aare.
257 2542 376 2616 Sphmra
390 2544 433 2596 est
449 2535 612 2609 disciplina
625 2531 947 2606 incompreheusibilis.
962 2533 1047 2605 eujus
1089 2537 1228 2594 Salommr
1239 2531 1451 2597 inProrerbiia,
1460 2526 1802 2597 Becfafcate,8opfeatfor
1816 2527 1884 2584 tum

255 2629 388 2684 centrum
409 2623 453 2679 est
472 2618 602 2692 ubique,
621 2614 855 2675 circumferentia
873 2629 1045 2690 nusquam:
1091 2609 1757 2688 Ecclesiasticuscomplectiturrindaeaaiprer
1765 2613 1808 2667 est
1821 2609 1883 2667 die·

255 2710 304 2768 Dei
322 2707 402 2765 enim
420 2704 550 2761 Verbum
568 2705 611 2758 est
630 2702 778 2776 Scriptura
798 2715 891 2759 saera.
908 2703 1004 2770 Quare
1015 2708 1047 2761 ut
1089 2706 1150 2772 tus,
1165 2700 1251 2775 quasi
1264 2698 1362 2770 dicas,
1378 2696 1476 2754 omnis
1487 2695 1591 2752 virtus.

255 2791 361 2849 mentis
383 2793 489 2846 nostrae
506 2785 635 2842 verbum
650 2787 778 2841 mentem
798 2783 1047 2861 ipsam,e1'usquc
1124 2790 1211 2846 Sacra
1225 2786 1306 2844 enim
1322 2783 1470 2860 Scriptura
1483 2783 1557 2840 sica
1573 2777 1681 2856 Spiritu
1692 2782 1798 2839 Sancto
1811 2797 1882 2840 ocn-
1940 2791 1982 2834 se.

255 2889 341 2932 sensa
362 2872 463 2930 omnia
483 2869 570 2928 refert
583 2887 590 2926 ι
603 2869 643 2926 ita
660 2870 688 2925 S.
707 2868 855 2941 Scriptura
876 2869 982 2926 mentis
1004 2869 1047 2927 di·
1090 2871 1175 2930 elnae
1194 2874 1329 2929 contexta
1348 2873 1409 2937 est,
1428 2871 1461 2924 ut
1480 2865 1621 2923 omnihus
1639 2864 1729 2936 locis,
1744 2867 1881 2939 tempori·

254 2959 331 3017 dnae
343 2958 483 3025 Verbum,
499 2956 531 3011 in
544 2969 609 3012 sese
623 2953 756 3026 anteum,
770 2957 799 3009 et
810 2952 911 3010 divino
920 2953 1048 3013 intellec·
1089 2954 1162 3024 bus,
1175 2953 1325 3029 personis,
1338 2949 1578 3020 difficultatibus,
1591 2947 1744 3023 periculis,
1758 2950 1880 3022 morbis,

254 3043 297 3101 tui
310 3047 338 3100 et
357 3039 519 3112 cognitioni
537 3037 623 3112 quasi
641 3037 830 3112 adaequatum
846 3036 922 3110 (quo
939 3037 1048 3096 scilieet
1090 3037 1176 3096 malis
1191 3035 1352 3112 pellendis,
1366 3034 1454 3093 honis
1468 3031 1663 3103 accersendis,
1678 3032 1828 3090 erroribus
1835 3035 1883 3105 ju·

254 3143 299 3197 se,
315 3141 362 3183 res
375 3138 493 3194 omnes,
509 3121 656 3178 naturales
669 3126 698 3179 et
710 3119 957 3193 supernaturales,
973 3125 1047 3180 heus
1090 3121 1244 3194 galandis,
1258 3117 1447 3190 damnabas
1465 3115 1645 3187 statuendis,
1658 3115 1814 3174 virtutibus
1837 3117 1882 3174 iu-

253 3225 315 3267 nuo
334 3207 440 3265 mentis
459 3205 549 3263 cernit
566 3207 596 3262 in
613 3203 694 3276 ictu),
708 3202 847 3276 exprimit
859 3205 1007 3279 permulta
1019 3210 1048 3264 et
1091 3205 1237 3273 serendis,
1257 3203 1334 3260 vitiis
1355 3197 1566 3277 propulsandis
1582 3215 1645 3258 sese
1663 3200 1881 3272 accommodem

252 3293 351 3361 varia,
366 3295 400 3347 ut
417 3291 523 3346 mentis
539 3292 646 3346 nostrae
664 3290 824 3360 angustiis,
840 3303 908 3362 quae
926 3289 1047 3348 unicum
1090 3289 1239 3347 almerita
1252 3288 1280 3345 S.
1293 3286 1416 3343 Basilius
1434 3300 1500 3342 eam
1515 3281 1639 3341 cilicina
1649 3283 1879 3344 instructissimae
1892 3293 2014 3350 &emm

253 3375 330 3433 illud
343 3373 542 3430 vasfissimum
555 3387 617 3430 non
629 3371 721 3444 capit,
733 3376 830 3429 totum
843 3370 980 3447 quidem,
994 3373 1047 3430 sed
1090 3375 1257 3446 comparet,
1280 3383 1348 3444 ques
1366 3369 1484 3439 omnia,
1500 3372 1527 3425 et
1546 3367 1643 3425 omnis
1662 3369 1775 3440 generis
1793 3369 1881 3444 phar·
1893 3363 1927 3400 “²
1943 3358 2014 3414 ΡΜ·

254 3457 400 3514 frustatim
422 3455 508 3529 quasi
533 3455 651 3526 pueris,
671 3469 726 3527 per
751 3455 847 3511 varias
874 3456 1046 3527 sententias,
1090 3469 1175 3513 maca
1187 3453 1344 3528 quibusvis
1357 3451 1470 3510 morbis
1483 3451 1719 3526 suppeditatrftu
1730 3453 1881 3526 nimirum,
1901 3431 2005 3525 ff

256 3537 410 3611 exempla,
424 3535 631 3594 similitudines
650 3535 759 3593 sensim
772 3535 895 3607 ingerat.
910 3538 997 3612 atqui
1010 3554 1048 3595 ex
1090 3543 1124 3595 ut
1136 3553 1174 3595 ex
1185 3551 1221 3595 ea
1232 3535 1368 3604 scelesta,
1382 3536 1456 3594 dum
1467 3539 1602 3610 tempora
1612 3539 1695 3592 erant
1710 3537 1880 3610 Martyrum,

255 3624 313 3680 hoe
327 3621 433 3680 deinde
447 3621 532 3694 quasi
544 3620 633 3691 mari,
648 3619 817 3677 scholastici
834 3619 915 3676 rivos
930 3620 1048 3678 conclu·
1090 3621 1220 3680 hauserit
1232 3619 1426 3678 constantiam
1440 3631 1525 3675 suam
1538 3623 1566 3675 et
1576 3617 1794 3691 fortitudinem
1809 3622 1883 3679 dum

255 3703 627 3775 sionumiheologicarum
639 3703 778 3759 educunt.
792 3703 873 3759 l'oile
887 3703 1048 3760 aScholas-
1090 3710 1225 3778 tempora
1242 3706 1419 3773 Doctorum,
1439 3701 1589 3777 sapientire
1609 3701 1737 3772 lumina,
1759 3704 1886 3762 flumina

255 3789 312 3846 tica
325 3791 352 3845 S.
367 3787 563 3860 scripturam,
582 3801 644 3842 non
658 3785 868 3856 Theologiem,
883 3785 936 3842 sed
954 3787 1049 3843 Phiio-
1092 3787 1266 3862 eloquentiae
1271 3805 1280 3858 ;
1297 3785 1370 3843 dum
1379 3783 1739 3859 temporahrereticorum,
1752 3787 1821 3845 fidei
1834 3787 1885 3846 ilr-

257 3871 393 3945 sophiam
410 3870 515 3939 dahis3
536 3868 731 3944 Philosophus
754 3869 826 3936 eris,
848 3883 909 3925 nou
928 3869 1049 3927 Theolo-
1092 3877 1251 3942 rnamenta,
1265 3885 1400 3930 errorum
1414 3869 1613 3940 eversionem
1628 3868 1659 3926 in
1672 3871 1832 3945 prosperis,
1848 3887 1885 3930 ex

257 3971 312 4028 gue
324 3973 331 4010 r
342 3959 499 4027 utramque
509 3953 634 4010 invicem
646 3967 751 4009 nexam
763 3954 865 4024 iunge,
877 3951 1049 4010 omneferes
1091 3970 1128 4013 ea
1147 3954 1281 4012 didicerit
1301 3953 1499 4010 humilitatem
1516 3956 1545 4008 et
1564 3953 1757 4024 modestiam3
1780 3953 1811 4011 fn
1833 3957 1886 4014 ad-

257 4042 401 4111 punctum
414 4042 443 4094 et
452 4036 591 4106 theologi
605 4038 634 4092 et
648 4034 828 4110 Philosophi.
1092 4039 1202 4108 versis,
1220 4037 1508 4112 magnanimitatem
1524 4033 1556 4092 in
1569 4039 1670 4109 tepore
1681 4077 1691 4107 ‚
1701 4039 1887 4099 fervoremet

194 4163 200 4178 .
294 4127 333 4182 lta
348 4141 416 4199 qum
429 4125 526 4197 prime
537 4127 619 4196 parte
634 4123 671 4180 de
683 4123 733 4180 liei
747 4121 872 4180 essentia
885 4126 915 4179 et
929 4121 1050 4182 attribu·
1093 4120 1294 4194 diligentiam3
1309 4120 1452 4193 denique,
1469 4118 1494 4174 si
1512 4120 1635 4192 quando
1654 4123 1697 4176 tot
1716 4119 1885 4182 labentibus

258 4210 294 4266 tis
304 4251 313 4281 ,
325 4210 361 4266 de
372 4207 628 4283 predestinatione
639 4249 647 4276 ,
658 4205 695 4266 de
709 4206 826 4278 Angelis
834 4247 844 4277 ,
858 4205 896 4263 de
910 4205 1032 4263 homine
1038 4246 1050 4276 ‚
1093 4208 1193 4271 annis,
1202 4205 1302 4274 senio,
1317 4201 1457 4272 maculis,
1472 4202 1562 4258 naevis
1575 4201 1765 4275 deformetur,
1779 4221 1816 4264 ex
1830 4207 1887 4265 hae

258 4293 296 4349 de
308 4308 396 4367 opere
407 4307 458 4348 sex
467 4291 583 4347 dierum
593 4289 687 4366 (quod
696 4293 791 4347 totum
799 4305 835 4347 ex
844 4289 935 4348 Graes.
948 4303 1050 4363 capr,
1093 4304 1211 4349 morum
1223 4287 1407 4362 perditorum
1420 4287 1644 4358 restitutionem,
1655 4291 1744 4361 atque
1758 4289 1887 4349 reditrun

257 4376 382 4450 petitum
400 4391 463 4433 esse
478 4375 602 4449 liquet),
621 4377 818 4430 tractantur'a
838 4375 871 4431 l).
891 4372 1004 4430 'rhome
1023 4375 1052 4431 et
1094 4373 1133 4430 ad
1151 4371 1307 4445 pristinam
1323 4369 1496 4442 dignitatem
1517 4373 1547 4425 et
1569 4373 1679 4426 statum
1700 4371 1758 4428 sibi
1778 4373 1888 4432 adscis-

257 4457 452 4526 Seholestieis,
463 4457 569 4514 hausta
581 4460 611 4514 et
623 4457 751 4514 deducte
763 4461 833 4513 sunt
840 4455 921 4514 exiis
929 4470 997 4531 quae
1007 4471 1053 4515 sa·
1093 4461 1150 4515 eat.
1166 4456 1208 4513 lte
1225 4456 1253 4512 S.
1267 4455 1431 4513 Bernartius
1444 4453 1475 4510 fn
1488 4452 1540 4510 illa
1552 4453 1656 4511 Christi
1666 4456 1773 4529 verba,
1800 4457 1833 4516 Sa·
1845 4461 1889 4520 eis

258 4557 376 4599 orarum
396 4539 568 4598 litterarum
582 4539 759 4598 revelatione
772 4539 941 4598 didicimus.
956 4540 1051 4608 Quare
1092 4541 1231 4612 parcetur
1250 4553 1319 4605 esse,
1338 4535 1424 4604 code,
1445 4537 1529 4594 vende
1549 4541 1641 4594 omnio
1661 4555 1722 4611 quo
1743 4541 1841 4611 hace,
1860 4551 1888 4602 et

259 4627 287 4683 S.
301 4624 476 4700 Dionysius,
490 4625 583 4696 digito
599 4624 639 4683 ad
652 4625 748 4682 fontes
765 4625 893 4695 intento,
906 4625 1052 4683 caelestem
1095 4624 1132 4679 de
1156 4624 1339 4693 pauperiora,
1367 4627 1394 4677 et
1416 4621 1524 4678 habebis
1551 4623 1706 4680 chronnam
1732 4629 1763 4682 ia
1790 4629 1852 4685 ecio
1878 4647 1887 4685 r

258 4723 344 4768 suam
358 4707 553 4766 hierarchiam
566 4709 607 4764 ite
623 4707 756 4765 orditur:
769 4707 834 4766 aad
848 4721 945 4765 sacras
958 4707 1053 4783 Scrip-
1098 4706 1208 4775 auec,
1223 4705 1276 4775 ait,
1296 4703 1388 4762 verba
1406 4710 1475 4762 sunt
1488 4720 1555 4779 quae
1568 4710 1771 4782 contemptum
1783 4711 1890 4770 mundi

259 4797 340 4849 tures
360 4789 583 4861 intelligendas,
596 4794 686 4866 prout
705 4790 771 4847 illas
783 4807 803 4847 a
817 4789 949 4848 Patribus
969 4803 1052 4848 acee—
1096 4789 1127 4847 in
1144 4789 1284 4846 universo
1305 4787 1438 4858 mundo,
1454 4793 1483 4846 et
1497 4789 1696 4846 voluntariam
1716 4807 1889 4866 persuasere
1909 4805 1915 4822 ·

259 4876 359 4949 pimus
368 4873 561 4943 contuendus,
571 4889 627 4949 pro
636 4871 750 4930 viribus
759 4888 928 4948 pergamus,
938 4875 966 4930 et
977 4887 1052 4948 quas
1095 4873 1890 4948 paupertatemhecsuntquremonachisclaustrare·

259 4958 302 5016 illi
317 4957 404 5016 nobis
419 4958 467 5015 vel
480 4973 534 5032 per
549 4957 712 5028 signa,ch
729 4972 783 5032 per
796 4957 993 5028 intelligentiae
1008 4973 1053 5014 sa-
1095 4957 1195 5032 plent,
1208 4957 1322 5013 deserta
1335 4957 1554 5013 anachoretis.»
1569 4959 1609 5013 fta
1618 4960 1645 5014 S.
1657 4957 1826 5018 tridentina
1838 4964 1890 5038 Sy·

260 5043 392 5101 oratioris
402 5057 509 5100 arcana
520 5041 714 5109 tradiderunt,
724 5040 884 5097 coelestiam
896 5039 1053 5113 spirituum
1096 5041 1195 5097 nodus
1209 5041 1340 5096 Ecclesiae
1350 5039 1589 5098 reformationem
1603 5057 1621 5097 a
1634 5041 1662 5098 S.
1677 5042 1826 5117 Scriptura
1839 5061 1889 5104 or-

261 5125 462 5185 distinctiones
485 5129 513 5182 et
531 5125 670 5194 ordinae,
684 5124 873 5196 inquantum
891 5137 1052 5196 possumus
1096 5124 1189 5193 ditur,
1199 5126 1321 5195 totoque
1334 5123 1431 5195 primo
1447 5123 1563 5181 decreto
1581 5127 1619 5179 lie
1636 5126 1839 5193 liefmmotioae
1852 5129 1890 5188 de

261 5207 458 5283 speculemur.
469 5229 483 5260 ι
495 5207 523 5265 Si
537 5207 616 5264 enim
629 5206 755 5278 angelos
764 5220 826 5261 non
835 5206 989 5279 pingerent
1000 5221 1053 5264 no·
1095 5220 1157 5262 una
1170 5206 1293 5262 lectione
1308 5208 1335 5263 S.
1350 5206 1504 5280 Scriptura
1519 5205 1617 5263 ubivis
1634 5207 1769 5266 locorum
1787 5212 1835 5269 rel
1846 5213 1891 5270 in·

261 5292 309 5350 his
330 5308 420 5350 sacrae
442 5292 571 5360 Litterae,
594 5289 661 5361 quis
683 5287 814 5362 apelles,
836 5288 904 5359 quis
928 5287 1052 5362 oculus,
1096 5289 1708 5363 adsuesceretrevocandatamsolliefte
1721 5295 1890 5367 quamiuse

262 5375 347 5448 qaod
361 5389 486 5435 momen
496 5388 547 5433 eos
561 5371 733 5444 vestigando
747 5370 938 5430 delineasset?
1096 5372 1237 5447 precipit.
