4182 6044
304 355 359 418 838
809 356 1053 416 malmetun
1069 357 1104 416 nt
1121 359 1278 430 EXODUH,
1295 369 1358 418 etr.
1378 361 1434 420 m.

303 465 411 538 tegitm
429 465 482 523 ant
499 461 660 522 mvotntm
669 503 680 535 ,
698 463 957 538 quemadmodum
972 463 1100 539 pallium
1140 466 1194 540 qui
1211 465 1253 524 eit
1266 465 1330 524 hae
1342 465 1469 526 ttebrasis
1486 463 1569 524 dono
1585 461 1677 522 tuisse
1689 461 1761 522 data
1774 459 1816 520 ab
1828 461 1943 533 Βω-

304 549 428 622 Ulpiano
448 549 477 604 et
493 546 625 604 Ciceroni
643 561 802 606 commune
820 551 864 604 est
884 549 972 606 vestis
993 565 1097 621 genus.
1140 550 1205 620 tiis,
1217 553 1282 608 tom
1300 553 1333 608 ut
1345 549 1469 608 celerius
1482 548 1681 618 discederent,
1695 549 1760 604 tum
1774 544 1818 604 ob
1833 545 1940 602 vicim-

306 649 323 685 ι
342 629 513 703 Dionysius,
532 630 574 687 ait
592 629 710 699 Cicero,
724 631 777 688 lib.
797 630 832 688 ill
851 633 891 690 tle
909 635 1020 690 Nature
1038 634 1101 690 deo-
1140 633 1207 690 tetis
1218 633 1473 704 consuetudinem,
1484 636 1512 690 ei
1521 631 1677 706 pristinam
1687 629 1939 690 familiaritatem:

302 729 376 779 mm,
385 713 449 771 Jovi
459 728 584 771 aureum
597 713 719 771 abstulit
730 715 904 786 amiculum,
919 717 1060 792 deditque
1072 717 1100 774 ei
1141 717 1289 790 Scriptura
1303 717 1383 774 enirn
1397 717 1437 775 ait
1449 715 1513 774 hnc
1525 731 1589 772 non
1601 715 1721 784 donata,
1737 714 1790 772 sed
1803 727 1941 771 commo·

303 796 424 854 laneum
439 796 577 870 pallium.
592 817 606 852 s
623 799 687 854 imo
704 797 830 871 pallium
847 801 968 873 proprie
986 799 1099 871 signiti-
1141 801 1211 858 data
1233 817 1314 870 esse,
1334 805 1424 874 atque
1444 798 1581 858 ltebraos
1598 798 1663 858 bea
1681 796 1738 858 sibi
1757 798 1940 871 usurpantes

302 895 370 938 care
387 895 509 954 quoquc
525 881 697 950 sindonem,
713 881 775 938 sire
795 881 935 954 tintcum,
949 883 1035 941 docet
1048 886 1100 941 La·
1142 883 1283 959 spoliasse
1295 885 1465 958 AEgyptum.

303 979 389 1022 rarus
402 963 519 1038 Bayfius
527 1005 538 1036 ,
551 964 605 1022 lib.
625 966 665 1022 lie
677 965 715 1022 lte
732 969 880 1032 ucetica-ia,
897 981 934 1024 ex
951 965 1098 1037 iuvenali,
1176 969 1247 1024 Vide
1257 969 1304 1026 bic
1314 983 1408 1040 opum
1419 964 1655 1036 mutabilitatem,
1668 965 1942 1039 utqrrasieommo·

303 1055 391 1122 mgr.
405 1052 440 1120 e,
456 1049 509 1108 nbi
522 1049 559 1108 ds
571 1051 687 1108 moeoha
700 1049 815 1108 eiecit:
1141 1051 1219 1108 dates
1238 1051 1278 1108 ab
1297 1066 1359 1109 uno
1378 1051 1419 1108 ad
1439 1051 1532 1108 alium
1551 1053 1710 1108 nauseam.
1730 1047 1849 1106 Fabulae
1872 1048 1941 1107 Plu·

1141 1139 1224 1200 tum‚
1248 1135 1310 1193 sive
1333 1134 1425 1192 Ditem
1447 1133 1617 1190 divitiarum
1639 1133 1731 1190 deum
1751 1133 1783 1190 in
1806 1134 1941 1192 muenia

1141 1217 1299 1285 claudum,
1312 1217 1345 1276 in
1364 1231 1481 1276 recessu
1498 1216 1611 1274 alatum
1627 1231 1691 1274 esse
1709 1215 1849 1288 fingunt:
1865 1217 1941 1290 quia

303 1302 349 1363 Sic
362 1305 391 1361 et
403 1301 493 1376 pallia
506 1301 569 1358 hac
581 1299 772 1359 Hebraeorum
784 1299 924 1356 videntur
936 1296 1027 1354 tuisse
1041 1297 1100 1354 sin·
1141 1301 1250 1360 divitias
1268 1300 1382 1360 claudis
1398 1300 1481 1358 velut
1497 1299 1626 1374 pedibus
1644 1299 1721 1358 lente
1739 1299 1886 1357 accedam
1907 1299 1942 1356 in

303 1388 415 1456 dones,
426 1387 488 1444 sive
500 1385 606 1454 lintea3
616 1384 676 1442 iliis
689 1384 768 1441 enim
781 1387 867 1457 pasta
880 1382 992 1440 involvi
1006 1381 1098 1439 solet:
1140 1386 1215 1454 vita,
1235 1385 1266 1442 in
1287 1389 1382 1442 morte
1399 1384 1539 1458 aquilinis
1556 1382 1678 1441 avolent
1693 1381 1758 1442 alis.
1780 1381 1940 1442 saladinus

303 1471 417 1545 alioqui
436 1470 558 1544 proprie
575 1469 701 1542 pallium
719 1469 887 1524 Graecorum
910 1469 972 1523 erat
991 1465 1100 1522 extima
1141 1485 1251 1540 magno
1271 1468 1373 1526 labore
1394 1467 1553 1542 imperium
1566 1465 1682 1540 AEgypti
1699 1468 1728 1522 et
1745 1465 1837 1540 Syrien
1847 1481 1942 1540 pepe·

304 1556 423 1628 longior
433 1556 533 1624 vestis,
545 1554 668 1628 perinde
679 1567 713 1608 ac
728 1555 796 1622 toga
809 1554 871 1607 erat
884 1552 1098 1606 Romanorum.
1141 1560 1218 1610 reret
1232 1553 1280 1610 :is
1299 1551 1430 1608 moriens
1447 1549 1607 1608 interulam
1627 1564 1713 1606 suam
1730 1549 1822 1608 basim
1839 1549 1939 1624 pren-

185 1645 289 1694 sante.
339 1643 384 1698 36.
408 1643 534 1697 Douruus
557 1653 649 1694 turen
675 1651 760 1693 oenn
779 1649 904 1692 enarrare
922 1647 1032 1692 noento
1050 1646 1099 1690 co
1140 1652 1210 1694 nam
1224 1652 1277 1710 per
1292 1638 1387 1693 castra
1399 1632 1580 1692 circumferri
1589 1632 1941 1706 iussitatquepcrprm-

147 1715 158 1726 ”
304 1739 362 1783 nan
379 1727 531 1782 AEerrrns.
546 1751 581 1766 -
595 1723 670 1792 Ergo
683 1721 747 1778 hec
764 1719 846 1776 bona
858 1733 914 1774 sua
927 1716 1100 1774 commoda·
1141 1737 1248 1779 eonem
1266 1719 1468 1795 proclamari:
1486 1720 1577 1776 «flac
1597 1733 1658 1774 une
1676 1717 1776 1774 tunica
1797 1717 1940 1777 saladino

305 1814 373 1866 runt
386 1806 513 1880 AEgyptii
527 1805 671 1873 ttebraeis,
686 1819 748 1861 non
767 1805 828 1859 tam
848 1817 886 1860 en
899 1801 1005 1858 timore
1012 1840 1022 1870 ,
1036 1815 1099 1873 quo
1140 1805 1268 1882 principi
1285 1821 1322 1862 ex
1337 1805 1423 1860 tantis
1438 1803 1548 1876 opibus
1563 1801 1747 1876 imperioque
1761 1807 1938 1876 superest.»

303 1894 431 1970 perculsi
440 1897 524 1952 erent
534 1891 574 1948 ob
584 1893 710 1961 stragem
719 1887 997 1962 primogenitorum,
1007 1901 1099 1957 quam
1177 1893 1215 1946 Er
1227 1902 1437 1948 snotnraaunr
1450 1890 1656 1946 AEarrrros.-·
1665 1887 1745 1944 ilices
1760 1904 1768 1944 :
1783 1902 1855 1958 ergo
1867 1903 1942 1962 spo-

194 1979 376 2090 neau'rwffia
390 1975 560 2036 benededit
575 1974 753 2070 eisgratiam
767 1987 868 2068 coram
886 1969 1039 2065 egyptiis.
1058 1971 1100 2065 lte
1140 1975 1231 2046 lium,
1244 1975 1285 2071 'id
1306 1978 1350 2033 est
1372 1972 1486 2032 lurtum
1505 1977 1534 2030 et
1554 1972 1705 2045 rapinam,
1723 1972 1940 2032 commiserunt

184 2055 1100 2226 22¹3&ssss{osidltffiitaeelisiuiieffidtiitagtqadgdafldatpssoldssrcciamd
1141 2059 1353 2212 Heddffpondeo
1374 2156 1381 2194 :
1401 2137 1551 2212 Spolium,
1571 2137 1656 2208 jussu
1681 2137 1731 2196 liei
1752 2139 1936 2210 mimissum,
1954 2156 2035 2212 syn.

185 2228 234 2274 ¹¹¹²
304 2236 363 2290 Deo
376 2233 407 2290 in
419 2229 564 2300 ttebraeis,
579 2227 701 2284 mirifice
719 2225 821 2284 lucens
834 2224 866 2280 in
879 2223 964 2280 vultu
977 2224 1100 2296 totoque
1139 2224 1253 2296 justum
1263 2227 1292 2280 et
1303 2226 1437 2282 sanctum
1451 2227 1504 2277 est.
1517 2223 1591 2278 lieus
1604 2220 1684 2278 enim
1693 2220 1803 2293 iubens
1814 2220 1869 2278 tibi
1883 2217 2036 2278 ali-uehar

304 2331 449 2390 corpore,
463 2319 492 2372 et
510 2315 541 2370 in
561 2311 660 2369 uerbis
679 2307 875 2380 moribusque
892 2321 1015 2376 eorum,
1033 2321 1101 2378 quae
1142 2323 1233 2382 mem
1247 2307 1391 2380 spoliare,
1404 2305 1462 2362 hoc
1475 2305 1542 2379 ipso
1555 2303 1606 2362 tibi
1618 2305 1668 2376 ius
1680 2309 1708 2362 et
1723 2304 1894 2364 dominium
1906 2305 1939 2362 in
1951 2279 2038 2384 {2:ss

305 2401 442 2459 ltebreaos
461 2397 588 2455 iaciebat
605 2392 768 2463 amabiles,
779 2392 930 2462 iucundos
948 2397 976 2446 et
993 2390 1101 2460 gratio·
1141 2392 1206 2462 ejus
1224 2390 1305 2448 bona
1322 2391 1454 2461 largitur.
1469 2390 1510 2446 lta
1523 2390 1551 2446 S.
1568 2388 1764 2460 Augustinus,
1777 2391 1940 2463 liupertus,
1953 2401 2003 2458 plia·
2022 2405 2038 2445 e

305 2501 355 2543 sos
372 2482 516 2556 AEgyptiis
529 2499 537 2536 ε
552 2480 641 2537 talem
663 2477 743 2534 enim
764 2475 889 2546 gratiam
912 2478 941 2530 ct
960 2474 1100 2530 eximiam
1142 2476 1170 2532 S.
1185 2475 1327 2545 Thomas,
1341 2473 1495 2532 abulensis
1508 2471 1611 2530 etalii.
1977 2465 2023 2536 Ψ
2060 2473 2062 2480 ’

191 2571 288 2644 reseca
304 2566 555 2644 pulchritudinem
577 2561 659 2620 dedit
678 2562 755 2618 tiens
775 2558 892 2628 iudith,
905 2571 971 2630 cap.
992 2572 1019 2614 x.
1044 2559 1101 2614 ttae
1178 2559 1318 2625 Secundo,
1338 2556 1452 2618 secluso
1476 2557 1526 2614 ttei
1547 2557 1649 2628 iussu,
1663 2559 1801 2630 poterant
1822 2555 1941 2616 Hebraei
1961 2527 2036 2633 (ᾗ

185 2633 291 2740 ,ἓξὲξ
306 2652 344 2710 de
358 2665 447 2708 cause
466 2649 546 2706 Plato
560 2644 702 2703 monebat
714 2645 903 2700 Xenocratem
921 2639 1102 2713 discipulum
1143 2641 1225 2700 bona
1237 2639 1443 2738 AEgyptiorum
1456 2655 1510 2736 per
1520 2641 1650 2736 spolium
1663 2640 1812 2736 accipere,
1823 2645 1892 2735 turn
1905 2641 1941 2696 ti·
1954 2650 2039 2754 πε

184 2725 1101 2889 esar:{itteistitettttttttlttttt
1143 2724 1942 2881 letitie,tittttttttdtttttt
1968 2783 2031 2887 n:

220 2883 250 2926 ⁸⁰·
305 2908 351 2962 cet
368 2899 553 2972 significans,
574 2901 609 2955 ut
629 2899 776 2972 quantum
798 2892 970 2965 gratiositeti
989 2897 1101 2950 natura
1144 2894 1334 2952 ttcbraeorum
1357 2895 1439 2950 erant
1461 2891 1607 2964 AEgyptii,
1627 2892 1681 2966 qni
1704 2907 1756 2948 eos
1780 2907 1878 2965 usque
1902 2892 1943 2950 ad
1974 2899 2034 2968 mes,

305 2987 451 3058 deiectus,
473 2984 586 3042 ruditas
605 2985 634 3040 ot
653 2979 797 3038 acerbitas
820 2979 965 3047 demeret,
986 2979 1102 3035 mnium
1144 2982 1270 3038 morum
1287 2977 1431 3052 persecuti
1450 2974 1580 3046 luerent,
1595 2979 1624 3034 et
1640 2974 1723 3034 miris
1740 2975 1841 3032 modis
1859 2975 1943 3033 dive-
1974 2959 2025 3003 ¹²¹¹*

305 3075 390 3148 meta
402 3068 547 3128 comitatis
560 3065 721 3138 elegantia,
732 3062 842 3137 partim
852 3078 870 3119 a
881 3063 939 3120 Deo
952 3061 1102 3135 postulata
1143 3067 1284 3123 neverant
1298 3079 1305 3118 :
1320 3063 1456 3135 poterant
1472 3076 1544 3132 ergo
1565 3075 1616 3118 eos
1633 3065 1780 3132 tanquam
1799 3059 1943 3134 publicos
2060 3081 2061 3088 ¹

304 3161 335 3216 et
347 3157 519 3230 impetrata,
533 3151 642 3226 partim
655 3147 779 3222 proprio
795 3150 905 3205 conatu
919 3149 949 3203 et
962 3145 1099 3202 exercitio
1144 3163 1215 3206 suos
1231 3148 1331 3206 hostes
1349 3145 1476 3218 spoliare
1494 3143 1616 3202 Hebraei.
1635 3144 1717 3205 Unde
1734 3144 1802 3216 sap.
1816 3159 1853 3214 x,
1866 3145 1942 3202 dici-

304 3243 408 3316 parta,
429 3237 568 3311 adjiceret
589 3235 629 3291 ad
650 3233 787 3291 homines
808 3229 866 3288 sibi
885 3229 1099 3288 conciliandos.
1144 3237 1214 3290 tur:
1233 3231 1397 3290 etteddidit
1416 3232 1491 3287 Deus
1506 3227 1593 3302 justis
1611 3229 1779 3292 mercedem
1799 3227 1942 3288 laborum

305 3326 388 3384 idem
401 3322 525 3381 itionem
539 3321 757 3393 Syracusanum
769 3315 868 3373 vnum
881 3313 1100 3382 doctissimum,
1144 3331 1306 3374 suorum.»
1330 3315 1372 3372 lta
1394 3313 1487 3370 Philo.
1510 3312 1599 3370 aedit
1620 3313 1647 3372 S.
1666 3313 1867 3385 Augustinus,
1886 3314 1940 3372 lib.

305 3409 358 3466 sed
372 3406 538 3474 duriorem,
552 3402 684 3472 monuit,
698 3404 732 3458 ut
745 3399 840 3472 magis
858 3411 974 3456 comem
992 3401 1020 3453 et
1038 3411 1104 3466 gra·
1145 3401 1211 3460 xxti
1230 3400 1330 3456 Contra
1348 3399 1495 3463 Faustum,
1515 3411 1580 3472 cap.
1600 3409 1665 3458 ιω
1679 3414 1688 3452 ι
1704 3400 1879 3470 aAEgyptii,
1898 3399 1942 3458 in-

305 3493 417 3550 tiosum
436 3504 467 3546 se
480 3487 639 3557 formaret,
656 3485 779 3542 dicens:
798 3481 949 3540 «Duritics
965 3485 992 3538 et
1006 3479 1104 3555 pervi-
1145 3484 1225 3558 quit,
1240 3481 1372 3553 sacrilegi
1391 3484 1420 3537 et
1439 3479 1534 3553 iniqui
1552 3484 1650 3551 erant,
1665 3481 1761 3554 quiet
1776 3497 1852 3540 auro
1872 3483 1941 3554 illo,

306 3575 388 3634 cacia
406 3587 470 3630 non
485 3571 622 3641 urbium,
644 3569 697 3626 sed
715 3569 857 3626 silvarum
875 3567 1103 3640 solitudinisque
1145 3569 1203 3627 hoe
1217 3571 1276 3638 ost,
1292 3567 1341 3623 liei
1358 3569 1507 3634 creature,
1522 3565 1599 3622 male
1616 3569 1729 3626 uenas
1743 3567 1784 3624 ad
1801 3570 1942 3628 mentoris

306 3655 417 3717 sodalis
431 3659 484 3712 est.
499 3674 514 3708 c
529 3657 571 3710 ita
587 3653 761 3724 xenophon,
775 3651 998 3722 condiscipulus
1009 3650 1104 3706 Plato-
1146 3651 1299 3723 injuriam,
1314 3650 1375 3708 suis
1388 3649 1476 3706 idolis
1492 3649 1674 3719 serviebant,
1689 3653 1716 3708 et
1733 3650 1873 3709 homines
1891 3669 1942 3725 pe-

307 3741 363 3810 nis,
376 3739 430 3813 qui
444 3737 560 3810 scripsit
572 3735 699 3792 Paediam
711 3733 789 3803 Cyri,
803 3731 858 3788 luit
869 3735 942 3789 mire
957 3733 1104 3804 gratiosus
1146 3737 1279 3806 regrinos
1290 3735 1392 3792 labore
1406 3735 1532 3807 gratuito
1543 3736 1648 3806 injuste
1659 3740 1688 3792 et
1699 3736 1891 3794 vehementer
1900 3738 1943 3796 el·

307 3827 337 3882 et
356 3822 455 3880 suavis
470 3839 477 3876 :
493 3819 623 3890 indeque
639 3819 762 3874 vocatus
779 3817 823 3871 est
843 3818 950 3872 utiusa
969 3816 1100 3872 Attica.»
1146 3817 1298 3874 dixerant:
1315 3818 1397 3888 digni
1411 3833 1481 3889 ergo
1496 3824 1577 3874 erant
1589 3821 1619 3874 et
1632 3818 1761 3886 ltebraei,
1773 3819 1888 3892 quibus
1902 3826 1943 3880 ta-

306 3907 397 3966 'testis
410 3908 453 3963 cst
465 3902 609 3973 Laertius,
626 3904 654 3958 et
672 3899 722 3956 alii
737 3899 770 3957 in
783 3898 846 3956 Vita
863 3897 992 3956 Platonis
1009 3901 1038 3955 et
1052 3899 1105 3954 tle·
1146 3901 1187 3959 lia
1195 3901 1378 3972 juberentur,
1393 3904 1421 3958 et
1434 3901 1570 3974 AEgyptii,
1584 3903 1637 3976 qni
1651 3901 1720 3960 talia
1732 3907 1939 3975 peterentur.»

307 3988 479 4064 nophontis.
1183 3985 1264 4061 Dices
1289 4003 1296 4042 :
1321 3985 1427 4042 Saltem
1450 3983 1561 4042 mentiti
1584 3987 1653 4042 sunt
1673 3983 1786 4044 ttebraei
1808 3991 1942 4060 petentes

342 4072 395 4129 vel
415 4071 530 4144 potius,
546 4069 655 4128 udedit
671 4071 746 4126 licus
764 4066 907 4139 gratiam,
921 4083 937 4119 s
952 4063 984 4122 id
997 4068 1041 4124 est
1059 4065 1104 4122 in·
1147 4069 1337 4126 commodato
1347 4083 1397 4140 ea,
1409 4083 1476 4141 quse
1489 4083 1592 4142 rapere
1606 4072 1635 4126 et
1647 4084 1805 4144 nunquam
1816 4073 1941 4132 reddere

307 4155 388 4214 flexit
410 4156 485 4210 Deus
508 4152 600 4209 corda
623 4151 828 4224 AEgyptiorum
849 4148 1000 4221 (omnium
1023 4149 1103 4206 enim
1146 4152 1347 4211 intendebant.

308 4237 400 4298 corda
417 4234 531 4293 suntin
548 4249 640 4291 manu
656 4239 684 4290 et
696 4233 817 4290 arbitrio
833 4232 951 4302 beliad
968 4235 1101 4290 tenerum
1182 4237 1512 4310 Respondeo,nonesse
1525 4237 1673 4310 mentitos,
1686 4238 1758 4311 quia
1768 4241 1942 4300 commode·

307 4320 471 4397 quemdam
484 4331 618 4376 amorem
636 4317 840 4387 tiebraeorum,
853 4315 954 4387 eisque
964 4315 1040 4372 benc
1052 4329 1104 4372 vo·
1146 4322 1268 4391 tum,in
1279 4324 1424 4395 quantum
1437 4321 1660 4380 commodatum
1671 4326 1748 4392 arat,
1759 4323 1889 4384 redde„
1899 4325 1942 4384 in.

308 4405 433 4462 lendum
441 4405 470 4459 et
480 4398 737 4468 benefaciendum,
747 4399 788 4455 ita
798 4403 831 4454 ut
845 4397 955 4454 ttebraei
969 4397 1103 4454 videren·
1146 4403 1326 4475 tendebant3
1345 4403 1398 4461 sed
1419 4404 1583 4476 quiaillud
1603 4407 1833 4466 commodatum
1853 4407 1942 4468 simul

308 4489 357 4545 tur
369 4483 513 4556 AEgyptiis
526 4495 589 4538 non
601 4480 699 4537 solum
710 4481 985 4550 commiseratione,
998 4493 1103 4537 verum
1147 4490 1209 4544 erat
1222 4488 1366 4545 donatum
1377 4486 1419 4544 eis
1432 4501 1450 4543 a
1464 4490 1533 4557 neo,
1549 4488 1618 4546 hinc
1632 4489 1708 4546 iliud
1722 4490 1805 4550 idem
1818 4493 1942 4552 renone

181 4613 186 4624 .
308 4582 422 4636 amore,
436 4566 561 4636 honore,
572 4565 646 4638 quin
659 4565 746 4620 etiam
758 4565 943 4637 quibuslibet
952 4564 1103 4622 beneficiis
1146 4569 1355 4639 intendebant,
1370 4583 1432 4628 non
1446 4569 1530 4628 titulo
1544 4573 1744 4645 commodati,
1758 4577 1814 4636 sed
1828 4577 1939 4638 donati.

308 4647 544 4721 muneribusque
557 4647 740 4719 dignissimi3
756 4663 818 4720 quo
834 4647 946 4704 iactum
962 4651 1005 4705 est
1019 4653 1052 4706 ut
1068 4649 1104 4706 li·
1147 4655 1245 4710 Astutc
1259 4668 1330 4722 ergo
1344 4651 1429 4711 titulo
1442 4655 1623 4716 commodati
1637 4657 1683 4714 usi
1698 4659 1942 4736 senatuumque

308 4732 413 4792 benter
426 4745 481 4787 sua
493 4729 535 4786 eis
547 4729 765 4788 commodarint
776 4772 785 4798 ,
796 4729 858 4786 imo
872 4730 1049 4802 obtulerint,
1064 4733 1105 4789 ait
1146 4737 1365 4809 praetenderunt
1377 4737 1725 4812 suajustaespoliation13
1737 4741 1855 4816 alioqui
1865 4747 1945 4806 enim

309 4813 479 4886 cajennus,
489 4811 642 4870 incitantes
654 4827 723 4883 eos,
735 4814 769 4870 ut
779 4812 961 4870 confidenter
973 4819 1105 4888 peterent
1147 4819 1224 4877 iliud
1238 4819 1353 4892 ipsum,
1365 4819 1450 4892 quod
1463 4820 1520 4878 sibi
1533 4821 1686 4894 debitum,
1700 4828 1729 4886 et
1743 4841 1762 4884 a
1776 4829 1837 4885 nco
1852 4829 1945 4888 dona·

310 4894 461 4970 quidquid
479 4894 603 4966 venenu
618 4909 688 4954 nam
704 4907 761 4968 pro
774 4909 826 4963 eo,
843 4895 928 4967 quod
941 4911 997 4954 nos
1014 4898 1106 4956 habe·
1148 4905 1212 4959 tum
1225 4907 1304 4972 erat,
1318 4904 1437 4976 assequi
1450 4905 1652 4978 nequivissent
1668 4926 1675 4964 :
1690 4924 1852 4984 nunquam
1865 4913 1945 4972 enim

311 4978 765 5048 mus,cuteommcdsrenteis,r
776 4961 1104 5044 haeraesestntbreun
1148 5001 1203 5043 sua
1220 4987 1460 5044 commodassent
1478 4990 1659 5064 AEgyptii,si
1679 4993 1820 5052 ltebraece
1832 4995 1889 5055 iila
1901 5013 1946 5056 re·

311 5060 488 5130 ementium,
508 5059 540 5117 id
558 5061 615 5132 est,
630 5065 657 5116 et
672 5062 796 5127 recantat
810 5065 903 5130 petere
922 5063 1105 5130 eca,soi1icet
1147 5071 1279 5126 tenturos
1293 5070 1452 5126 scivissent.

311 5155 384 5200 vasa
403 5139 513 5214 quibus
535 5141 618 5200 usuri
636 5144 718 5198 erant
736 5141 768 5198 in
785 5141 944 5216 sacrificio,
964 5145 1004 5202 ad
1019 5149 1104 5220 quod
1182 5151 1315 5219 Secundo,
1329 5153 1510 5228 respondent
1531 5155 1582 5213 alii
1605 5174 1613 5212 :
1634 5157 1689 5228 Qui
1710 5159 1789 5219 inter
1806 5161 1947 5224 ltebraeos

312 5238 364 5284 eos
375 5221 598 5318 evocarialiec
605 5223 719 5280 dixerat
732 5226 883 5296 ttoses,ut
894 5227 1036 5286 nimirum
1047 5231 1104 5290 heo
1148 5237 1230 5293 erant
1251 5233 1340 5308 boni,
1359 5237 1530 5312 cogitabant
1551 5238 1632 5300 bona
1652 5241 1712 5302 fide
1734 5245 1799 5304 haec
1819 5249 1946 5308 reddere

312 5305 426 5368 redona
439 5303 600 5364 iteumsibr
612 5304 759 5366 offensum
772 5307 923 5381 placarent
936 5313 1076 5386 AEgyptii.
1147 5319 1307 5394 AEgpptiis3
1322 5321 1375 5383 sed
1394 5336 1462 5382 cum
1483 5321 1527 5384 uli
1544 5329 1647 5384 eontra
1662 5327 1756 5388 fidem
1769 5330 1875 5390 datam
1894 5333 1947 5392 ,g

348 5387 389 5446 Ui
407 5397 613 5446 ⁰⁰¹¹01tssffl
632 5400 685 5444 ¹1⁸·
701 5416 739 5432 ··
751 5391 833 5449 Errat
851 5406 921 5464 0¹80
943 5395 1104 5472 tosephus,
1149 5408 1249 5461 euntes
1260 5404 1404 5462 hostiliter
1415 5409 1484 5465 sunt
1494 5405 1630 5482 insecuti,
1637 5418 1818 5472 censuerunt
1832 5415 1945 5478 ltebraei

381 1171 482 1222 tdvont
496 1169 650 1234 treicheuec,
663 1181 803 1236 oneratque
817 1168 884 1235 paliis
896 1168 974 1233 jactat.
