4020 6026
431 575 497 732 S.
543 573 1010 730 imaculati
1057 573 1679 732 PRAEFATIONES.

891 899 1212 940 ⁴000*-

1036 1143 1073 1217 Ι.

692 1351 1032 1446 PROLOGUS
1072 1353 1413 1450 sarulsus

284 1605 399 1689 Viginti
419 1609 450 1665 at
469 1599 545 1665 duas
564 1598 681 1662 litteras
699 1613 766 1660 csse
778 1594 858 1675 apud
870 1593 1029 1674 Hebraoc,
1046 1597 1194 1677 Syrumm
1207 1613 1327 1680 quoque
1340 1595 1447 1678 lingua
1459 1605 1490 1662 ct
1502 1599 1711 1667 cbaldnorum
1724 1611 1864 1688 testatur,

245 1721 312 1790 qus
330 1702 460 1768 Rubrae
477 1713 587 1777 magna
607 1711 645 1758 ex
657 1699 741 1777 parte
753 1691 880 1757 cananis
890 1699 936 1755 est
942 1710 953 1770 ;
968 1709 1042 1758 uam
1054 1699 1085 1756 et
1097 1693 1155 1773 ipsi
1168 1693 1278 1774 viginti
1290 1693 1352 1758 dno
1365 1695 1517 1761 elementa
1528 1697 1643 1762 babent
1655 1701 1760 1764 eodem
1773 1721 1862 1783 sono,

245 1803 298 1868 sod
318 1799 445 1867 diversis
467 1793 697 1860 characteribus.
721 1790 902 1856 Samaritani
925 1791 1018 1854 etiarn
1040 1791 1279 1856 pentateuchum
1300 1793 1399 1874 btoysi
1417 1793 1547 1857 totidem
1560 1793 1668 1860 litteris
1679 1799 1864 1880 scriptitant,

245 1901 349 1982 liguris
366 1902 486 1962 tantum
500 1901 531 1958 et
548 1891 684 1974 apicibus
696 1889 907 1968 discrepantes.
926 1890 1107 1970 Certumque
1120 1896 1165 1954 est
1177 1889 1303 1954 Esdram
1317 1889 1451 1954 scribam
1468 1889 1601 1974 legisque
1623 1893 1789 1976 doctorem,
1803 1911 1867 1980 porr

246 2005 361 2080 captam
374 1992 591 2074 lerosolymam
604 1994 635 2053 et
645 1985 896 2051 instaurationem
909 1985 1015 2066 templi
1029 1985 1086 2050 sub
1098 1986 1275 2065 zorobabel,
1289 1986 1364 2051 alias
1373 1986 1490 2052 litteras
1504 1989 1646 2070 reperisse
1659 1992 1770 2074 quibus
1782 2013 1866 2060 nunc

247 2097 383 2173 utimur,
403 2109 472 2158 cum
490 2090 528 2155 ad
543 2087 620 2152 illud
637 2102 731 2168 usque
750 2091 868 2165 tempus
885 2083 980 2147 iidem
998 2084 1256 2148 samaritanomm
1275 2091 1306 2147 et
1325 2085 1520 2149 Rcbraeorrrm
1536 2085 1720 2152 characteres
1738 2089 1864 2158 ineunt.

247 2199 280 2259 ln
293 2193 372 2258 libro
383 2207 501 2273 quoque
514 2191 734 2260 Numerorum,
746 2183 810 2246 hec
825 2181 929 2246 eadem
946 2183 1134 2262 supputatio,
1150 2181 1208 2244 sub
1220 2181 1394 2246 Lerimrum
1406 2200 1441 2246 ac
1456 2184 1649 2250 sacerdotnm
1663 2204 1773 2269 censu,
1786 2207 1867 2274 mys-

246 2295 303 2359 tice
321 2289 502 2356 ostenditur.
524 2288 560 2348 Et
580 2298 692 2346 nonrcn
710 2279 831 2344 Domini
847 2285 1129 2359 tetragrammaton,
1149 2281 1184 2343 in
1199 2279 1380 2362 quibusdam
1400 2281 1503 2362 grecis
1523 2281 1755 2365 voluminibus,
1773 2305 1865 2370 nsque

246 2391 337 2454 bodie
361 2385 495 2468 antiquis
520 2396 697 2462 expressum
720 2377 830 2442 litteris
855 2376 1041 2440 invenimus.
1068 2377 1126 2440 Sed
1148 2382 1178 2441 et
1203 2378 1343 2455 Psalmi,
1369 2379 1544 2460 trigesimus
1568 2389 1692 2462 sextus,
1717 2390 1748 2448 at
1768 2395 1868 2450 cente

247 2491 344 2552 simus
368 2485 526 2558 decimus,
548 2485 579 2543 ct
599 2477 781 2541 centesimus
808 2473 1006 2551 undecimis,
1029 2481 1059 2538 ct
1086 2475 1268 2539 centesimus
1298 2475 1434 2540 decimus
1464 2483 1608 2556 octavus,
1632 2483 1866 2548 attenterimus

246 2584 492 2668 quadragesimus
514 2582 659 2660 quartus,
682 2589 858 2657 quanquam
876 2573 993 2636 diverso
1017 2573 1189 2638 scribantur
1211 2582 1323 2652 metro,
1345 2581 1448 2639 mmen
1467 2577 1606 2656 eiusdem
1625 2579 1747 2642 numeri
1760 2589 1867 2646 terun-

247 2693 298 2748 tur
318 2680 484 2764 alphabeto.
507 2679 546 2742 Et
564 2672 702 2739 teremiae
722 2670 978 2747 Lamentationes,
1000 2676 1030 2734 et
1052 2670 1153 2735 Oratio
1171 2673 1257 2752 ejus,
1282 2671 1449 2736 Salomonis
1467 2691 1586 2756 quoque
1610 2674 1644 2739 in
1666 2675 1727 2740 dne
1744 2681 1868 2742 Pmrer·

182 2786 185 2790 ’
247 2781 314 2859 bia,
327 2779 365 2843 ab
375 2796 410 2841 eo
422 2776 485 2840 loro
498 2775 532 2838 in
545 2789 605 2854 quo
619 2771 680 2847 ait,
695 2792 711 2830 c
727 2769 887 2834 Mulierem
899 2767 1009 2831 fortem
1021 2767 1090 2848 quis
1103 2769 1283 2833 inveniettc
1301 2769 1410 2834 iisdem
1424 2768 1592 2850 alphabetis
1605 2772 1653 2836 rel
1669 2773 1867 2840 incisionibus

247 2882 460 2960 supputantur.
480 2875 571 2935 Porro
586 2870 721 2950 quinque
738 2866 845 2930 littera
864 2865 996 2946 duplices
1015 2865 1095 2946 apud
1114 2867 1250 2930 Hebraos
1270 2871 1355 2945 sunt,
1375 2868 1474 2948 Caph,
1488 2872 1584 2946 Rem,
1599 2873 1684 2950 Nun,
1699 2875 1754 2949 Pe,
1768 2876 1865 2938 Sada:

248 2975 336 3039 aliter
348 2973 431 3038 enirn
443 2969 617 3034 scribuntur
629 2983 682 3047 per
693 2965 750 3029 has
763 2963 909 3046 principia
922 2962 1156 3045 medietatesque
1170 2965 1350 3042 verborum,
1365 2965 1453 3028 aliter
1467 2965 1554 3030 flues.
1568 2969 1651 3032 Unde
1663 2974 1693 3032 et
1705 2971 1868 3053 quinques

250 3073 396 3154 plerisque
415 3069 504 3146 libri,
528 3065 662 3147 duplicas
681 3062 886 3138 estimantur,
908 3060 1046 3140 Samuel,
1068 3061 1244 3141 Melecbim,
1266 3063 1356 3126 Dibre
1379 3061 1544 3144 haiemim,
1563 3066 1687 3144 Eadem,
1707 3069 1866 3147 ieremias,

248 3189 316 3234 curn
335 3168 460 3244 cinoth,
474 3165 507 3229 id
526 3170 585 3241 est,
598 3159 878 3226 lamentationibus
897 3160 972 3222 suis.
987 3159 1247 3240 Quomodoigitur
1260 3161 1445 3241 vigintiduo
1463 3161 1614 3226 elementa
1630 3173 1718 3242 sunt,
1737 3184 1789 3248 per
1802 3186 1867 3249 que

249 3267 410 3330 scribimus
428 3263 570 3328 Hebraicc
589 3277 678 3325 omne
697 3258 776 3340 quod
793 3257 965 3339 loquimur,
978 3264 1010 3318 et
1028 3275 1138 3320 eorum
1158 3258 1256 3321 initiis
1276 3277 1335 3320 vor
1353 3258 1491 3322 humana
1511 3261 1802 3340 comprehenditur:
1825 3264 1868 3328 ita

251 3365 358 3446 viginti
379 3363 440 3427 duo
463 3359 619 3424 volumina
640 3361 860 3438 supputantur,
882 3354 992 3435 qrribus
1010 3353 1099 3435 quasi
1118 3354 1230 3417 litteris
1249 3363 1280 3418 et
1299 3355 1446 3431 exordiis,
1466 3356 1500 3420 in
1518 3358 1572 3420 liei
1594 3357 1747 3438 doctrina,
1766 3371 1869 3425 tenera

250 3463 348 3527 adbuc
357 3468 387 3525 et
399 3460 513 3522 lactens
525 3455 585 3520 siri
596 3454 672 3536 justi
683 3453 822 3516 eruditur
836 3451 978 3514 infantia.

288 3562 408 3624 Primus
421 3556 501 3638 apud
514 3572 564 3618 oos
577 3551 672 3627 liber,
687 3556 811 3614 vocatur
824 3548 961 3612 Boresith
976 3567 985 3611 ε
999 3564 1092 3631 quem
1104 3565 1160 3614 nos
1174 3548 1315 3613 Genesim
1328 3549 1469 3614 dicimus.

288 3655 461 3733 Secundus,
473 3651 574 3716 veelle
588 3647 706 3712 semoth
723 3667 731 3710 :
746 3647 800 3728 qui
815 3646 935 3710 arodus
949 3645 1128 3727 appellatur.

288 3755 424 3831 Tertius,
437 3751 559 3814 Vaiicra
565 3793 575 3824 ,
588 3747 621 3810 id
632 3754 678 3810 cst
684 3794 695 3825 ,
708 3745 870 3809 leviticus.

288 3856 434 3930 Quartus,
447 3845 650 3929 vajedabber,
661 3860 753 3925 quem
764 3846 911 3907 Numeros
925 3859 1077 3908 vocamus.

289 3950 436 4026 Quintus,
451 3945 515 4009 lille
528 3941 741 4019 haddebarim,
754 3941 808 4022 qui
822 3941 1094 4006 Deuteronomium
1107 3947 1302 4021 prenotatur.

289 4049 327 4112 lli
341 4053 414 4109 sunt
427 4044 563 4125 quinque
574 4040 648 4102 libri
659 4039 770 4120 Moysi,
785 4056 859 4119 qnos
872 4041 992 4120 proprie
1003 4039 1117 4115 Thera,
1131 4039 1164 4102 id
1177 4046 1242 4118 est,
1255 4044 1364 4120 Legem
1376 4041 1540 4122 appellant.
1831 4097 1838 4108 ,

290 4144 479 4218 Secundum,
493 4139 710 4219 Prophetarum
723 4135 863 4200 ordinem
875 4135 990 4199 iaciunt
1004 4153 1012 4198 r
1028 4143 1059 4199 et
1070 4137 1222 4217 incipiunt
1232 4137 1270 4202 ab
1282 4140 1356 4202 teau
1368 4138 1433 4202 tilio
1447 4142 1545 4218 Nave,
1558 4141 1613 4221 qui
1627 4143 1707 4224 apud
1719 4161 1769 4206 eos
1782 4147 1871 4208 iosus

251 4245 310 4307 ben
323 4245 392 4306 Nun
406 4240 529 4303 dicitur.

290 4339 403 4405 Deinde
422 4336 586 4402 subtexunt
604 4332 778 4413 sophetim,
794 4332 827 4395 id
845 4339 904 4407 est,
920 4331 1062 4396 iudicum
1074 4331 1200 4396 librum.
1214 4336 1252 4398 Et
1267 4333 1302 4398 in
1322 4334 1466 4398 eumdem
1478 4335 1676 4416 compingunt
1687 4336 1769 4402 Ruth
1777 4383 1787 4416 ,
1801 4338 1872 4420 quia

253 4441 286 4503 in
299 4437 405 4502 diebus
415 4434 560 4499 iudicum
572 4433 649 4495 iacta
662 4433 728 4512 ejus
741 4437 882 4494 narratur
893 4429 1030 4494 historia.

291 4535 410 4601 Tertius
422 4531 559 4613 sequitur
571 4528 709 4604 Samuel,
725 4544 816 4610 quem
828 4545 884 4591 nos
898 4531 1015 4608 Regum
1027 4528 1164 4608 primurn
1176 4536 1207 4592 et
1220 4529 1389 4593 secuudum
1401 4529 1542 4596 dicimus.

291 4635 420 4712 Quartus
432 4627 611 4706 Malachim,
623 4626 731 4703 idest,
746 4627 879 4704 Regum,
892 4625 945 4706 qui
959 4625 1049 4688 tertio
1060 4631 1091 4688 ct
1104 4631 1210 4706 quarto
1225 4628 1341 4707 Regum
1355 4627 1512 4692 volumine
1526 4630 1710 4694 continetur.

292 4731 459 4810 Meliusque
474 4723 571 4788 multo
591 4730 638 4787 est
655 4723 834 4801 Malachim,
853 4722 886 4785 id
902 4729 965 4801 est,
979 4725 1113 4803 Regum,
1128 4739 1221 4804 quam
1238 4721 1437 4802 Mamlacbot,
1451 4725 1484 4788 id
1502 4734 1563 4805 est,
1579 4729 1750 4806 Regnorum
1763 4725 1872 4792 dicere.

253 4833 319 4897 Non
332 4827 417 4892 enim
428 4824 597 4887 multamm
610 4821 747 4902 gentium
758 4818 899 4884 describit
912 4835 1015 4900 regna,
1025 4819 1078 4882 sed
1090 4819 1183 4884 unius
1195 4818 1350 4884 israelitici
1365 4821 1480 4903 populi,
1494 4823 1548 4904 qui
1563 4823 1703 4888 tribubus
1716 4823 1874 4892 duodecim

254 4926 438 4992 continetur.
1130 4929 1134 4937 ·

292 5022 423 5100 Quintus
437 5025 484 5084 est
496 5019 597 5082 lsaias

294 5125 418 5197 Sextus,
432 5116 587 5182 ieremias.

294 5213 627 5299 supprimamus.

295 5319 441 5392 octarm,
454 5313 532 5376 liber
544 5309 703 5375 duodecim
714 5311 932 5392 Prophetarum
949 5330 958 5376 :
972 5311 1024 5394 qui
1038 5313 1119 5393 apud
1132 5312 1199 5377 illos
1213 5320 1336 5375 vocatur
1348 5309 1446 5376 Tbcro
1457 5327 1536 5376 asar.
