4118 6042
660 314 1210 385 counauraauiunnonun,cnr.
1229 311 1284 368 xv.
1733 307 1790 372 aaa

156 432 224 498 tntis
238 431 288 496 hle
303 415 468 493 insinuetur
486 448 494 487 ε
512 427 655 488 nimirum
671 426 762 484 Filius
777 425 811 482 in
828 423 949 482 dextera
991 419 1083 478 hodie
1101 421 1179 476 terra
1197 417 1321 474 devorat
1339 431 1347 470 r
1368 412 1422 488 qui
1437 425 1555 486 semper
1567 411 1606 470 da
1618 412 1697 472 terra
1709 414 1789 486 eogi-

6 559 11 600 ,
157 519 221 594 nat,
235 519 268 579 id
280 521 324 578 est
335 515 440 588 Patris,
454 513 575 588 Spiritus
588 513 709 569 Sanctus
722 509 754 566 in
768 507 883 581 spiritu.
992 505 1065 572 tant,
1079 504 1195 558 terrena
1207 499 1327 569 iaciunt,
1341 497 1377 555 de
1389 501 1465 554 terra
1473 495 1648 570 loquuntur,
1662 495 1788 571 litigant,

6 605 145 682 ,amru
193 607 239 665 tt.
257 606 327 674 Quis
345 609 713 666 sinrnrsrurruronrrsus,
728 586 950 651 nonnisi-id
992 588 1101 642 terram
1114 583 1297 651 desiderant,
1315 585 1343 638 ει
1356 581 1387 637 in
1401 595 1436 636 ea
1450 595 1534 653 spem
1550 595 1636 636 suam
1653 587 1787 655 ponunt3

6 711 8 728 ¹
158 696 216 764 εει,
231 695 266 748 ut
284 685 472 762 Septuaginta
489 701 497 740 :
517 683 585 750 Quis
601 682 702 736 similis
719 681 763 734 tut
774 681 806 733 in
819 677 886 740 dits,
896 677 950 730 lto-
994 669 1035 728 ad
1052 668 1160 726 coelum
1177 682 1240 724 uon
1258 663 1433 738 respiciunt,
1454 662 1553 720 lutura
1569 679 1638 720 non,
1649 665 1789 739 cogitant,

157 780 244 843 mirrea
265 785 375 830 nomen
388 769 467 826 enim
481 743 642 826 beiest¹7rt
655 763 694 829 et,
712 761 745 819 id
763 764 822 831 est,
841 757 949 816 torus:
991 753 1139 826 iudicium
1159 751 1208 808 Hei
1228 764 1291 806 uon
1312 750 1463 816 metuunt,
1484 763 1539 804 nec
1558 749 1706 822 promissa
1726 750 1789 822 eius

158 861 229 920 inde
242 859 319 928 elim,
331 854 416 912 idest
427 850 532 920 fortes,
545 850 691 905 vocantur
702 846 761 916 dii,
773 845 807 902 id
821 847 877 911 est,
897 838 951 915 qui
996 836 1163 896 desiderant
1170 854 1180 908 3
1193 834 1283 892 talem
1296 849 1365 891 cum
1378 832 1502 902 videris,
1520 831 1609 890 dicito
1625 851 1633 888 :
1649 833 1724 902 Quia
1740 835 1790 894 de-
1808 865 1908 910 pm.

157 944 306 1004 habentur
317 937 374 1008 dii,
389 934 456 992 licet
467 948 570 990 revera
582 947 645 988 non
658 929 717 986 sint
728 928 785 999 dii,
799 930 833 984 ut
846 923 952 984 dicitur
995 920 1111 980 voravit
1131 936 1202 977 eum
1221 921 1316 989 terra3
1336 919 1365 972 et
1382 917 1407 972 si
1425 931 1517 989 quem
1531 914 1640 972 rideris
1664 915 1790 976 luxuriae
1802 926 1907 972 mova-

6 1077 7 1084 ,
67 1053 70 1058 ·
158 1029 244 1089 lGor.
258 1038 324 1098 cap.
339 1036 403 1089 rur,
417 1033 494 1076 vers.
509 1019 542 1086 5,
557 1032 585 1086 q.
600 1015 630 1071 d.
646 1012 717 1082 Quis
734 1011 809 1068 inter
828 1006 910 1066 idola
923 1009 952 1062 et
996 1007 1025 1062 et
1043 1003 1246 1078 voluptatibus
1265 1000 1399 1076 corporis
1413 997 1563 1068 deditum,
1584 999 1616 1056 in
1633 1015 1695 1074 quo
1715 1003 1791 1062 nibil
1803 991 1909 1034 “Mi‘'

159 1114 231 1172 deos
243 1105 378 1168 Gentium
390 1101 456 1172 tibi,
470 1117 490 1158 o
502 1098 635 1168 Domine,
647 1093 859 1153 infortitudine
871 1106 952 1148 oom-
997 1086 1114 1146 animus
1127 1088 1219 1156 valet,
1234 1085 1288 1143 scd
1300 1088 1397 1143 totum
1407 1083 1502 1140 libido
1516 1083 1663 1157 possidet,
1678 1086 1767 1146 dicito
1780 1105 1788 1144 r

159 1193 258 1272 parari
273 1187 389 1264 potest?
409 1199 480 1244 sana
500 1183 617 1253 nullus,
637 1184 666 1238 ει
683 1180 763 1238 ratio,
778 1182 822 1234 εει
835 1176 907 1250 quia
919 1178 952 1231 tu
997 1173 1073 1241 Quia
1082 1171 1311 1230 devoraviteum
1320 1173 1429 1239 terren
1441 1171 1549 1226 etmox
1559 1168 1713 1228 devorabit
1721 1187 1791 1230 eum

158 1275 334 1350 magnificus
353 1286 385 1329 es
403 1271 436 1327 iu
453 1267 617 1337 sanctitate,
635 1263 774 1322 terribilis
786 1266 875 1334 atque
889 1260 952 1318 lau·
994 1255 1138 1314 infernus.

158 1360 281 1430 dabilis,
294 1357 394 1425 idest,
407 1348 767 1426 utsymmacnusvartlt:
786 1348 908 1418 «Neque
921 1343 953 1399 in
1031 1342 1145 1398 l‘oruno
1162 1353 1240 1407 onan
1257 1351 1421 1407 aanmrsrr,
1441 1365 1477 1380 -
1496 1351 1588 1411 quam
1607 1335 1738 1398 liberasti
1754 1356 1792 1399 ex

159 1444 321 1512 sanctitate,
334 1453 432 1512 neque
442 1437 474 1494 in
485 1434 679 1510 potestatibus
690 1431 850 1505 quisquam
862 1427 954 1500 aequi·
995 1424 1134 1484 servitute
1147 1421 1327 1496 AEgyptiaca.

158 1529 311 1607 parandus
321 1529 366 1582 est
375 1522 430 1580 tibi
434 1539 464 1594 31>
478 1518 628 1578 sanctitate
637 1517 717 1574 enim
726 1515 904 1588 etpotestate
913 1512 955 1568 ita
1033 1510 1078 1564 13.
1093 1509 1132 1564 Er
1149 1521 1284 1564 ronrnsrr
1297 1520 1355 1564 suu
1369 1519 1399 1562 rrr
1411 1519 1599 1565 scantationes
1616 1521 1673 1566 rna
1690 1523 1728 1566 an
1741 1524 1793 1568 aa·
1806 1535 1865 1581 v„„
1876 1539 1913 1584 η,

160 1611 322 1678 decoraris,
340 1609 382 1666 ita
398 1603 556 1681 praealtis,
570 1606 604 1659 ut
620 1599 830 1673 obstupescant
849 1610 953 1654 omnes
997 1605 1156 1650 siraconus
1177 1605 1304 1649 smenon
1323 1604 1411 1648 nunu.
1433 1619 1470 1632 -
1491 1589 1563 1648 Hinc
1581 1589 1684 1664 incipit
1701 1591 1793 1653 altera

159 1697 296 1758 homines
306 1697 336 1750 et
347 1690 454 1763 angeli,
998 1673 1135 1732 carminis
1148 1690 1230 1749 pars,
1243 1673 1385 1732 nimirum
1398 1674 1581 1750 prophetica,
1595 1690 1662 1748 quaa
1674 1678 1793 1748 proten-

194 1779 325 1838 tradunt
344 1773 457 1833 Hebraei
477 1768 659 1830 Hachabreos
677 1768 757 1823 hunc
776 1762 955 1822 versiculum
999 1761 1188 1834 diturusque
1202 1759 1242 1816 ad
1255 1774 1331 1818 vers.
1346 1761 1397 1830 te,
1410 1775 1472 1832 qua
1484 1759 1617 1833 prodicit
1629 1763 1658 1818 et
1670 1760 1795 1834 pertexit

160 1877 337 1938 usurpasse,
356 1855 442 1933 quasi
457 1855 572 1927 insigne
584 1851 656 1909 belli
670 1856 698 1907 et
709 1848 853 1918 victorine,
874 1863 956 1903 eum·
999 1842 1136 1902 victorias
1154 1841 1282 1902 Hebraeis
1302 1845 1404 1901 contra
1421 1844 1585 1913 ldumaeos,
1607 1843 1748 1902 Moabitas
1765 1848 1794 1901 et

161 1965 221 2025 que
232 1944 332 2005 castris
342 1949 371 2000 et
383 1940 492 2016 praeliis
502 1940 534 1996 in
546 1934 662 1995 vexillis
674 1934 848 2008 praetulisse,
860 1945 956 2003 eoque
999 1927 1179 1985 Qananaeos
1191 1925 1385 2005 obventuraS,
1399 1941 1563 2000 eorumque
1573 1927 1740 1998 ingressum
1752 1926 1794 1986 fa-

161 2035 260 2092 hostes
270 2025 446 2087 fortissimos
457 2019 956 2090 etnumerosissrmospnrvamauu
999 2011 1087 2068 licem
1098 2010 1131 2068 in
1143 2010 1293 2068 chanaan.
1314 2009 1387 2067 Hinc
1406 2010 1498 2067 utitur
1513 2011 1660 2084 praeterito
1676 2026 1733 2086 pro
1745 2010 1794 2069 iu·

161 2112 373 2192 prostravisse,
395 2109 525 2182 indeque
547 2119 599 2162 eos
620 2102 715 2159 dictos
735 2115 798 2156 esse
820 2096 956 2154 hebraice
999 2097 1067 2152 turo
1085 2109 1169 2152 more
1185 2093 1376 2167 prophetico,
1398 2091 1438 2150 ob
1459 2091 1629 2152 futurorum
1648 2094 1795 2154 certitudi-

162 2211 240 2265 rnn
253 2188 385 2265 mactati,
398 2192 493 2261 idest,
508 2187 691 2247 ltachabaeos
705 2203 713 2240 ε
728 2184 870 2241 nimirum
882 2197 900 2238 a
911 2181 956 2238 lit·
999 2195 1078 2238 uem.
1093 2179 1135 2236 lta
1147 2177 1321 2250 Euthymius
1335 2177 1366 2233 in
1379 2177 1437 2234 hoc
1451 2176 1606 2235 canticum.

162 2284 231 2344 teris
256 2278 419 2347 Hebraicis,
441 2289 509 2348 quae
533 2275 604 2328 sunt
624 2268 749 2327 initiales
771 2265 957 2338 singularum
1035 2264 1130 2319 Nota:
1149 2261 1377 2320 «babitaculum
1391 2265 1564 2332 sanctum‚u
1584 2265 1671 2320 vocat
1686 2266 1795 2320 terram
1821 2293 1895 2338 hg„

163 2367 328 2426 dictionum
341 2362 430 2434 bidus
443 2355 591 2426 versiculi,
605 2355 700 2428 quiin
716 2353 836 2409 chroeo
849 2351 890 2406 sic
904 2349 958 2404 ha·
1000 2347 1159 2415 Chanaan,
1181 2345 1253 2418 quia
1272 2343 1325 2402 illa
1342 2343 1416 2400 olim
1434 2343 1565 2402 habitata
1583 2344 1639 2403 luit
1656 2345 1795 2404 asanctis
1819 2354 1901 2399 arerem

163 2452 295 2514 hermari
309 2426 407 2510 nebu:
420 2453 487 2525 qm
498 2450 533 2502 tn
544 2443 584 2496 mi
598 2438 722 2495 comaclu
735 2437 832 2490 baetim
845 2435 956 2489 totoue:
999 2428 1188 2504 patriarchis,
1210 2427 1377 2498 Abraham,
1399 2429 1479 2486 lsaac
1497 2431 1525 2484 et
1542 2429 1643 2486 Jacob.
1664 2428 1794 2498 Scantio,
1831 2421 1891 2460 “⁴¹¹²

57 2537 150 2610 qaan-
164 2536 189 2593 si
202 2534 281 2593 enim
294 2547 313 2590 a
330 2529 428 2604 prima
442 2525 569 2582 dictione
582 2525 623 2580 mr·
633 2521 732 2593 capias
745 2519 873 2592 primaru
885 2517 958 2572 litte-
1000 2514 1072 2586 quia
1085 2528 1191 2571 corum
1204 2511 1309 2568 semini
1322 2510 1404 2568 fideli
1417 2514 1446 2568 et
1458 2515 1560 2568 saneto
1572 2511 1628 2568 luit
1638 2513 1794 2584 promissa.
1809 2476 1916 2596 ’,ἷζε

37 2597 152 2708 fflffi‘
164 2635 229 2678 ram
249 2635 291 2688 ru,
309 2631 328 2673 a
347 2611 477 2670 secunda
493 2607 623 2682 primam
640 2607 685 2672 elz,
700 2620 719 2660 a
733 2603 818 2660 tertia
828 2601 958 2675 primam
1002 2599 1107 2666 Tertio,
1127 2595 1200 2670 quia
1214 2595 1248 2651 in
1264 2610 1300 2652 ea
1317 2593 1451 2651 futurum
1464 2597 1524 2650 erat
1536 2596 1698 2668 templum,
1714 2613 1797 2654 sane-
1823 2610 1904 2644 aura

108 2693 126 2764 ⁸,
166 2707 191 2772 ι,
203 2700 365 2776 aquartat,
379 2709 489 2768 easque
501 2692 674 2762 conjungas,
686 2686 775 2745 facies
784 2687 916 2754 mactati,
927 2683 959 2741 id
1000 2686 1107 2754 tusque
1121 2679 1172 2735 Dei
1184 2678 1290 2736 cultus.
1315 2678 1433 2744 Quarta,
1454 2677 1527 2750 quia
1539 2677 1570 2736 iu
1584 2694 1619 2736 ea
1631 2679 1797 2738 nasciturus

165 2791 222 2857 εει,
244 2781 437 2844 Hachabaeus.
462 2778 504 2833 lta
524 2774 614 2831 tradit
634 2774 667 2828 lt.
693 2772 773 2828 Isaac
794 2768 855 2826 ben
876 2767 958 2838 Hole,
1000 2770 1029 2824 et
1042 2763 1204 2823 moriturus
1218 2766 1279 2820 erat
1293 2763 1439 2832 curtatus,
1454 2761 1508 2835 qui
1521 2766 1564 2820 εει
1577 2764 1699 2822 Sanctus
1714 2781 1798 2823 sanc-

164 2868 342 2928 lleuchlinus
355 2863 408 2920 lib.
422 2861 456 2918 lll
470 2859 588 2923 catatu,
603 2857 746 2912 llercerus
759 2853 792 2910 in
806 2850 959 2908 abbrevia·
1001 2853 1112 2908 torum.
1127 2849 1242 2915 Quinto,
1257 2845 1329 2918 quia
1344 2846 1376 2902 in
1390 2861 1424 2902 ea
1437 2844 1543 2902 victuri
1556 2851 1639 2904 erant
1651 2851 1683 2905 B.
1697 2849 1797 2922 Virgo,

164 2955 238 3013 turis
256 2947 418 3016 Hebraicis,
436 2943 532 3002 Siutus
554 2937 703 3008 Senensis,
720 2936 774 2993 lib.
792 2935 957 2999 latericia,
1000 2931 1145 3006 Apostoli,
1160 2945 1323 3002 omnesque
1335 2928 1424 3002 primi
1434 2928 1599 2999 Cbristiani,
1613 2933 1734 3005 totaque
1745 2938 1797 2991 Ec-

165 3043 193 3096 et
212 3032 419 3095 Genebrardus
437 3028 470 3085 in
491 3025 678 3093 chronologia.
703 3019 794 3078 Simili
813 3019 890 3075 crasi
907 3019 961 3072 lle·
1002 3016 1090 3074 alesia
1115 3014 1284 3089 primitiva,
1314 3028 1382 3085 quae
1404 3010 1460 3068 luit
1486 3011 1688 3084 sanctissima3
1716 3014 1797 3073 unda

164 3120 237 3180 broei
251 3122 284 3176 lt.
302 3120 395 3173 Mosen
408 3116 457 3170 ben
470 3111 512 3184 (id
525 3112 570 3165 est
582 3104 687 3177 filium)
706 3107 817 3172 Maron,
831 3104 961 3175 quatuor
1002 3099 1166 3158 etiamnum
1179 3098 1312 3154 iudaeam
1325 3111 1467 3152 vocamus
1479 3099 1597 3152 Terram
1610 3100 1754 3155 sanctem.

165 3203 327 3262 initialibus
346 3196 450 3256 litteris
471 3193 503 3251 in
525 3207 618 3249 unam
635 3189 795 3246 dictionem
815 3185 960 3256 conflatis,
1039 3185 1299 3240 tinscsunanuur
1312 3194 1423 3250 rorum,
1436 3194 1560 3238 erratu
1573 3181 1796 3242 suun-,Heba
1813 3211 1919 3262 mu,

164 3291 273 3346 vocant
285 3283 426 3341 namnam,
768 3323 769 3328 ,
1003 3265 1151 3326 audierunt
1166 3267 1280 3336 populi,
1303 3269 1329 3321 et
1343 3267 1527 3333 tremuerunt,
1548 3264 1581 3322 id
1601 3269 1658 3336 est,
1678 3268 1799 3324 audient

199 3373 360 3425 Tnnnrnrms
377 3373 470 3428 arona
487 3368 663 3414 rannerius.
678 3382 715 3395 -
732 3349 871 3408 Hebraico
890 3356 961 3410 arta
1002 3351 1083 3409 lianc
1097 3350 1252 3407 transitum
1265 3349 1455 3406 Hebraeorum
1468 3364 1522 3422 per
1534 3364 1634 3421 mare,
1648 3353 1677 3408 et
1690 3353 1800 3424 AEgyp-

165 3434 268 3518 naban
288 3463 358 3505 acra
384 3445 504 3508 telettct,
525 3439 558 3498 id
580 3441 640 3508 εει,
662 3435 794 3493 tenibilis
819 3432 959 3498 laudibus,
1003 3436 1113 3494 tiorum
1135 3433 1385 3504 submersionem,
1404 3432 1532 3506 ideoque
1550 3432 1676 3491 frement
1698 3439 1801 3494 eontra

165 3539 237 3614 quia
252 3535 357 3594 laudes
370 3531 434 3602 ejus
451 3524 604 3584 formidini
623 3529 692 3580 sunt
705 3535 768 3578 non
789 3517 889 3575 solum
908 3518 963 3574 bo·
1003 3518 1140 3577 Hebraeos
1146 3537 1156 3592 3
1170 3519 1300 3576 necdum
1312 3517 1392 3574 enim
1402 3533 1532 3590 praesens
1541 3521 1569 3574 et
1579 3533 1681 3576 recens
1688 3518 1800 3578 factum

165 3620 312 3689 minibus,
331 3615 384 3674 sed
398 3616 426 3670 et
438 3609 551 3683 angelis
566 3627 574 3665 ε
589 3606 725 3664 omnium
744 3602 825 3660 euim
837 3601 962 3658 laudan·
1004 3607 1104 3675 gentes
1121 3607 1243 3660 remotae
1259 3600 1377 3659 audisse
1394 3605 1540 3674 poterant.
1562 3603 1664 3660 Noster
1680 3618 1737 3676 pro
1751 3620 1800 3661 ou-

165 3706 240 3764 tium
255 3703 346 3773 vires,
365 3699 483 3771 linguas
494 3700 523 3753 et
535 3697 648 3750 mentes
665 3690 817 3763 superant,
832 3685 962 3758 ideoque
1004 3689 1127 3759 dierunt,
1139 3687 1237 3757 vertit,
1251 3685 1439 3751 ascendantur,
1451 3689 1485 3741 ut
1495 3685 1584 3743 unico
1594 3685 1689 3744 verbo
1700 3689 1802 3747 omnia

166 3804 275 3863 magno
292 3802 362 3844 cum
373 3783 480 3841 timore
494 3782 523 3837 et
536 3781 663 3836 tremore
678 3770 885 3830 cumlaudant
899 3784 963 3826 om·
1004 3770 1197 3848 perstringat3
1212 3769 1370 3827 audierunt
1383 3768 1464 3825 enim
1477 3769 1540 3825 haec
1553 3769 1669 3843 populi,
1684 3773 1802 3829 consul-

166 3891 219 3931 nes
232 3870 335 3943 Angeli
348 3873 377 3924 et
390 3863 503 3933 Sancti3
519 3861 600 3919 unde
615 3857 701 3933 quasi
714 3854 865 3929 explicans
878 3852 963 3927 quod
1004 3861 1118 3927 terunt,
1133 3861 1162 3912 et
1178 3855 1299 3912 tandem
1313 3852 1522 3921 ascenderunt,
1536 3853 1598 3908 sive
1611 3855 1720 3924 egressi
1734 3860 1803 3912 sunt

168 3956 296 4023 dixerat,
317 3949 447 4023 dictique
460 3961 580 4004 causam
592 3943 746 4013 assignans
760 3939 878 4008 subdit,
896 3937 964 3994 ula·
1004 3941 1035 3997 in
1048 3940 1184 4013 praelium
1195 3941 1299 3994 contra
1310 3934 1447 3991 Hebraeos
1459 3951 1467 3988 :
1480 3934 1651 4007 prophetice
1662 3937 1725 3996 huc
1739 3955 1803 3994 om·

168 4037 247 4095 ciens
261 4031 442 4091 mirabilia.»
462 4032 504 4086 lta
517 4028 685 4099 cajetanus,
704 4023 859 4090 VatabluS,
876 4019 963 4093 Lipo-
1005 4025 1055 4082 nia
1069 4023 1223 4091 dicuntur,
1237 4021 1365 4091 ideoque
1379 4017 1525 4090 praeterita
1537 4034 1593 4090 pro
1606 4019 1713 4080 suem-ps
1724 4023 1802 4080 aggi,
1866 4053 1868 4058 .

33 4125 88 4175 ner
114 4133 155 4167 nc·
169 4135 285 4178 manus.
306 4116 378 4173 Hinc
396 4111 445 4169 Hei
458 4123 568 4168 nomen
583 4113 627 4164 est
641 4087 704 4170 aba
716 4107 791 4176 pete,
810 4104 842 4161 id
855 4106 899 4159 est
912 4103 964 4158 nd·
1005 4108 1115 4180 pianda
1129 4108 1208 4161 sunt.

35 4197 99 4290 Ἓξ
122 4187 156 4288 ’ζὲ
169 4201 323 4272 mirabilis,
335 4197 427 4256 chtc.
442 4209 508 4268 cap.
521 4207 585 4262 rur,
598 4205 674 4248 vers.
685 4191 730 4245 ta.
745 4189 883 4245 luvoceut
892 4200 963 4255 crgo
1042 4195 1089 4248 ld.
1104 4192 1315 4256 Onarcuanuur,
1329 4215 1365 4228 -
1378 4185 1483 4260 spiritu
1494 4185 1585 4256 vitali,
1599 4192 1629 4244 et
1639 4189 1754 4249 viribus
1764 4208 1802 4250 ax
1816 4218 1875 4264 vm,
1886 4221 1920 4266 η,

32 4261 80 4356 {aa
90 4277 156 4352 aima·
170 4291 261 4346 Deum
273 4287 348 4357 pale,
361 4279 415 4355 qui
428 4291 538 4350 magn&
554 4274 684 4346 θῡὲῑῑᾶῐιῐ
697 4276 726 4328 θῐ
738 4270 916 4339 ῐΠΟῙίῑιῦίιΠ,
931 4270 965 4324 11ί
1005 4289 1116 4348 pavore
1134 4269 1391 4338 evanescentibus,
1410 4269 1521 4327 similes
1540 4270 1634 4329 effecti
1648 4278 1717 4332 sunt
1738 4280 1801 4334 stu·

35 4370 133 4420 nnrus.
168 4389 222 4446 per
235 4385 287 4427 ecs
300 4371 373 4423 licus
386 4362 472 4422 iaciat
485 4375 596 4432 magna
608 4362 636 4416 et
649 4354 806 4414 mirabilia.
1006 4357 1161 4432 pentibus,
1179 4361 1206 4412 ct
1220 4354 1322 4426 rigidis
1336 4353 1526 4428 apoplecticis
1547 4374 1556 4411 z
1577 4357 1636 4413 hoc
1648 4357 1729 4416 enim
1742 4360 1802 4431 sig·

204 4458 367 4512 Davomvrr
379 4461 431 4506 sos
444 4459 545 4503 ranna.
559 4473 597 4486 -
612 4444 758 4509 «terram
781 4438 813 4495 id
826 4439 870 4494 est
883 4451 964 4494 mara
1006 4441 1106 4498 nificat
1119 4438 1273 4498 Hebraeum
1287 4446 1356 4502 uas
1374 4455 1523 4509 aemonae,
1541 4439 1574 4496 id
1588 4443 1649 4512 est,
1666 4440 1803 4502 dissoluti

169 4545 252 4598 terrae
265 4535 449 4602 immixtum,
466 4535 540 4604 puta
552 4527 654 4586 alveus
667 4523 757 4581 maris
774 4539 782 4579 τ
797 4527 874 4578 terra
885 4519 963 4601 enim
1007 4531 1091 4594 sunt,
1107 4522 1257 4598 liquefacti
1270 4522 1466 4579 extabuerunt
1479 4522 1571 4580 instar
1583 4538 1657 4582 cerea
1673 4524 1736 4598 igni
1748 4527 1803 4586 ad·

169 4627 198 4680 at
210 4635 290 4695 aqua
301 4631 397 4676 unum
410 4613 571 4672 conficiunt
584 4610 725 4682 globum,
739 4611 768 4663 et
781 4606 856 4662 solet
871 4603 965 4676 Scrip·
1006 4614 1105 4669 motae,
1785 4611 1789 4618 '

170 4710 235 4764 tura
248 4703 396 4760 mundum
409 4695 627 4756 cumomnibus
639 4688 964 4762 elementisexprimare
1043 4691 1088 4748 16.
1104 4690 1190 4746 Furta
1209 4701 1369 4745 innantem.
1383 4717 1419 4730 -—
1432 4687 1531 4760 Heba,
1548 4691 1649 4747 sileant
1665 4697 1698 4748 ut
1715 4694 1801 4766 ιαριε,
1817 4715 1877 4761 vm,
1887 4717 1922 4764 ta

169 4790 291 4848 nomine
305 4785 370 4844 coeli
384 4788 412 4840 et
425 4787 518 4838 terrae.
539 4782 581 4837 lta
595 4777 775 4849 augustinus
789 4775 891 4841 Queat.
906 4787 962 4828 niv.
1007 4772 1206 4846 Septuaginta,
1218 4773 1435 4842 ἀπειιωιιτωσαν,
1448 4772 1480 4829 id
1490 4775 1534 4828 est
1542 4775 1722 4846 lapidescunt,
1731 4775 1805 4837 flant

204 4871 340 4936 δεεεειιε,
360 4865 501 4924 Vatablus
518 4860 638 4936 proprie
656 4858 775 4932 accipit,
796 4857 897 4930 sicque
916 4872 967 4912 ex·
1007 4856 1167 4914 extimare
1184 4859 1213 4913 et
1225 4860 1346 4928 stupore
1358 4855 1544 4927 immobiles,
1559 4865 1593 4914 ut
1604 4858 1736 4931 lapides,
1750 4861 1805 4933 qui

168 4957 260 5032 plicat
285 4972 293 5010 r
321 4955 412 5009 uNon
435 4949 534 5005 solum
557 4944 689 5017 absorpti
712 4947 782 4998 suut
808 4938 963 5013 (AEgyptii)
1006 4942 1142 5013 ingressu
1154 4944 1237 4997 terrm
1249 4939 1402 5012 promissae
1415 4955 1583 4998 nosereere
1601 4943 1803 5015 nonpossint,

169 5041 271 5116 aquis,
293 5038 346 5095 sed
365 5034 454 5092 etiam
473 5035 551 5088 terra
571 5045 602 5086 se
620 5027 749 5101 aperuit,
765 5029 793 5082 ot
810 5024 966 5082 absorbuit
1007 5025 1120 5098 quique
1133 5023 1166 5081 in
1179 5023 1287 5097 praeliis
1299 5039 1355 5080 nos
1369 5023 1525 5096 impetere,
1540 5038 1631 5096 seque
1645 5024 1804 5084 defendere

169 5141 235 5196 eos,
251 5122 336 5198 quod
350 5120 491 5176 siveram
505 5120 567 5185 est,
588 5128 700 5170 novum
721 5110 776 5167 luit
795 5109 844 5165 hic
863 5108 967 5181 prodi·
1007 5107 1200 5166 convaleant
1214 5125 1222 5163 ε
1236 5107 1277 5164 ita
1291 5109 1432 5179 lyranus.
1452 5107 1520 5164 Orat
1537 5107 1630 5164 lloscs
1649 5123 1686 5164 na
1704 5109 1804 5168 hostes

170 5209 264 5281 glum
278 5221 340 5278 qno
353 5203 543 5260 nontantum
556 5211 649 5268 marc,
662 5195 716 5253 sed
729 5196 967 5266 atterraAEgyp·
1008 5192 1198 5250 Hebraeorum
1229 5194 1425 5260 moveantur;
1455 5190 1525 5264 plus
1553 5191 1686 5265 prestitit
1717 5195 1804 5264 Deras,

168 5291 227 5350 tios
240 5286 416 5361 absumpsit.
1008 5276 1132 5353 quando
1145 5290 1196 5334 eos
1209 5273 1323 5332 Hebraei
1339 5289 1398 5348 ope
1412 5273 1626 5351 revicerunt,
1644 5279 1674 5340 et
1691 5275 1805 5340 actae

204 5371 398 5451 tropologice
411 5363 740 5454 origenesralmpios,
753 5363 864 5439 inquit,
878 5361 967 5424 ctiam
1007 5367 1077 5424 runt
1091 5377 1168 5450 pena
1182 5359 1222 5424 ad
1235 5357 1476 5424 internecionem.
1591 5393 1595 5403 ·
1626 5391 1628 5402 ι
