4020 6026
261 361 326 420 lllll

264 485 311 546 eo,
332 486 392 550 quo
405 468 649 550 thalpharagtas
672 463 990 547 mulcispostsasculis
1003 461 1135 547 scripsit,
1149 463 1324 546 arcultas,
1345 465 1652 551 semronmaron
1671 463 1756 532 illias
1768 463 1884 547 libeas

264 565 348 629 baud
360 571 433 630 sunt
443 567 541 646 ignari
552 569 605 644 (a).

304 665 505 726 Transeamus
519 663 556 726 ad
575 662 678 738 uliud,
692 662 772 742 quod
784 655 918 724 llosaicee
930 661 1126 724 Penuteuotri
1141 661 1250 742 origini
1264 669 1437 742 opponunt,
1449 661 1542 728 totius
1558 661 1656 745 operis
1676 661 1886 726 confermatio-

266 777 337 823 nem
350 777 361 839 ;
376 775 471 840 neque
484 757 570 824 enim
580 758 667 820 illam
680 759 718 821 ab
737 771 799 822 auc
812 756 938 821 bordino
957 757 1099 838 scripturn
1114 771 1196 835 esse,
1210 757 1291 822 sede
1307 759 1395 823 turbs
1408 759 1564 824 rumorum
1583 758 1745 824 homiuum
1765 761 1795 821 et
1808 763 1886 822 tem·

265 871 372 936 porum
390 855 506 935 scriptis
524 855 732 917 monumentis
751 854 959 934 compositum,
981 871 1106 934 arguere
1125 855 1240 937 stylum
1258 854 1346 936 plane
1369 855 1563 938 inaequalem,
1583 869 1665 920 nuuc
1682 854 1836 919 concisum
1855 861 1886 917 et

266 967 413 1032 pressam,
428 969 511 1013 nunc
523 951 621 1014 latrtm
641 957 672 1012 et
685 950 845 1039 diffusam,
858 957 925 1013 tum
940 953 1080 1030 repetitas
1097 956 1127 1014 et
1137 955 1240 1014 tamen
1255 952 1337 1014 inter
1355 965 1386 1014 se
1402 953 1600 1032 discrepantes
1619 953 1656 1016 de
1670 953 1781 1015 eisdem
1794 951 1885 1013 rebus

266 1049 466 1126 narrationes,
485 1050 658 1128 trequentes
679 1047 809 1128 denique
828 1047 1018 1126 singularum
1040 1048 1248 1128 pericoparum
1272 1049 1482 1137 inscriptiones
1500 1056 1531 1112 et
1549 1049 1708 1112 clausulas.
1729 1049 1786 1112 Sed
1805 1048 1886 1128 quod

239 1147 241 1154 ’
266 1144 375 1206 attinet
397 1144 470 1226 alpii
491 1145 740 1224 inaequalitatem,
764 1161 873 1224 purum
894 1145 1023 1224 prol'ecto
1036 1144 1091 1208 illa
1109 1145 1189 1209 salet
1210 1145 1248 1208 ed
1266 1145 1463 1208 evincendam
1475 1145 1654 1225 scriptorum
1667 1137 1885 1222 diversitatem,

265 1257 361 1323 quarm
382 1252 412 1306 et
431 1243 560 1323 optimos
579 1259 715 1324 quosque
733 1245 893 1323 scriptores
911 1243 945 1305 in
965 1242 1015 1321 lis,
1036 1259 1103 1324 qua
1115 1259 1169 1324 per
1188 1244 1326 1324 plurium
1344 1257 1494 1308 annorum
1513 1244 1885 1322 interaallescripsecant,

266 1335 380 1420 stylum
391 1343 434 1403 ita
449 1341 568 1403 variare
582 1348 708 1418 constet,
726 1347 764 1403 ut
778 1353 797 1402 e
810 1357 842 1403 su
852 1339 925 1420 ipsis
937 1339 1048 1403 diuersi
1068 1356 1134 1404 esse
1149 1341 1310 1404 videantur
1327 1341 1381 1420 (l).
1396 1343 1430 1404 ln
1444 1341 1562 1422 scriptis
1576 1346 1678 1403 autern
1695 1341 1752 1402 riri
1766 1341 1819 1420 qtii
1831 1350 1884 1418 per

265 1435 385 1516 longam
398 1452 547 1500 annorum
561 1435 671 1500 seriem
686 1438 888 1516 imperatoris,
902 1437 1111 1516 legumlatoris
1123 1447 1154 1500 et
1162 1439 1276 1519 judicis
1285 1453 1445 1519 personam
1458 1453 1538 1502 unus
1551 1439 1631 1501 solus
1646 1437 1806 1513 sustinuit,
1820 1440 1886 1517 sty-

265 1537 331 1596 lum
343 1534 464 1596 varium
476 1541 506 1596 et
517 1533 620 1596 minas
630 1533 808 1614 equabilem
821 1533 901 1596 ultro
915 1535 1044 1614 quisque
1058 1543 1221 1615 exspectat.
1236 1536 1367 1613 Accedit,
1381 1536 1460 1616 quod
1472 1549 1527 1615 pro
1540 1533 1710 1614 argumenti
1724 1539 1753 1595 et
1768 1532 1886 1596 consilii
1904 1569 1907 1575 ι

265 1630 422 1693 scribentis
437 1631 578 1694 varietate
593 1632 708 1712 stylum
727 1647 846 1711 quoque
859 1629 976 1694 variare
992 1639 1124 1710 oportet,
1140 1632 1296 1713 aliumque
1309 1647 1373 1696 esse
1386 1630 1492 1696 debere
1510 1633 1645 1710 ejusdcm
1662 1631 1816 1711 scriptoris
1837 1643 1886 1692 ees

266 1727 494 1807 antiquissimas
508 1743 524 1790 e
538 1728 664 1790 vetastis
681 1728 887 1790 monumentis
902 1729 1071 1806 referentis,
1087 1729 1183 1791 aliam
1199 1745 1262 1793 ase
1274 1730 1339 1810 ipso
1352 1737 1405 1793 aut
1419 1729 1456 1792 ab
1474 1729 1542 1792 aliis
1556 1745 1610 1792 saa
1622 1734 1706 1791 alate
1719 1733 1801 1806 gesta
1813 1731 1887 1789 nae·

264 1827 373 1903 rantis,
394 1825 491 1888 elium
508 1825 587 1904 leges
601 1833 631 1887 et
644 1825 783 1887 instituta
796 1825 1033 1904 praescribenda,
1056 1825 1155 1889 ulium
1173 1827 1303 1908 denique
1316 1829 1463 1907 praccepta
1482 1841 1543 1889 sse
1562 1823 1675 1888 tradita
1688 1821 1866 1904 explicantis
1874 1869 1886 1901 ,

264 1921 443 2001 supplentis,
463 1931 492 1984 et
503 1923 540 1984 ad
555 1937 591 1984 ea
609 1923 920 1986 servandamonentis
935 1940 944 1987 ι
959 1923 1162 2004 quoquinam
1181 1925 1285 1988 omnia
1298 1925 1331 1988 ln
1343 1923 1543 1988 Pentateucho
1555 1923 1759 1986 obsecramus.
1783 1925 1886 2000 licque

265 2018 361 2095 magis
383 2018 511 2080 diuersos
525 2025 659 2080 auctores
680 2019 806 2098 probant
819 2020 964 2098 repetitos,
980 2037 1034 2083 nec
1053 2020 1124 2084 satis
1136 2019 1194 2083 sibi
1208 2035 1326 2101 semper
1339 2033 1475 2084 consonas
1495 2021 1532 2082 de
1546 2019 1657 2082 lisdem
1678 2019 1768 2082 rebus
1782 2028 1888 2081 narre-

264 2114 379 2190 tiones,
394 2133 461 2194 qaae
479 2129 671 2197 nequaquam
686 2117 763 2178 inire
778 2117 868 2179 alicui
882 2131 944 2180 esse
958 2127 1083 2197 possunt
1096 2120 1129 2180 in
1144 2135 1232 2199 opere
1251 2117 1454 2198 perplurium
1472 2129 1623 2180 annorum
1634 2115 1810 2191 intervalla,
1825 2122 1887 2178 cte

265 2211 330 2274 viro
343 2212 485 2275 maximis
497 2213 742 2292 occupationibus
756 2213 906 2292 districto,
919 2216 1033 2280 sensim
1044 2216 1208 2297 conscripto
1218 2217 1270 2294 11).
1285 2215 1546 2298 Miulmldeuique
1559 2213 1708 2278 momenti
1720 2212 1834 2276 habent
1847 2212 1886 2276 ed

299 2397 331 2461 (11)
344 2399 413 2446 alind
427 2406 585 2456 argumentum
596 2401 694 2458 elingue
707 2403 849 2459 desumptam
864 2404 987 2450 adversarii
1001 2405 1301 2463 attuleruntllnudpancea,
1315 2403 1430 2466 inquiunt,
1444 2403 1602 2452 locationeslo
1611 2397 1888 2461 Peumtsucbsreperlu'a-

264 2475 310 2530 tur,
322 2482 382 2527 quta,
397 2483 448 2514 cunr
463 2471 507 2514 sint
522 2471 585 2515 libris
599 2471 739 2516 intermediis
754 2485 845 2528 prorsas
860 2475 984 2531 inusitatae,
998 2486 1087 2520 rursum
1102 2475 1125 2520 iu
1139 2477 1203 2521 libris
1219 2476 1314 2523 durante
1326 2477 1362 2521 vel
1375 2473 1621 2530 absolutacapctnicats
1630 2474 1720 2530 scriptis
1733 2479 1884 2530 comparente

264 2551 291 2584 ar
307 2541 342 2584 bis
357 2546 433 2585 antem
447 2541 611 2596 postmosaicis
623 2541 778 2587 locationibus
791 2545 970 2589 Pentateucbam
984 2545 1125 2590 darantevel
1140 2547 1244 2592 absoluta
1254 2545 1387 2604 captivitate
1394 2547 1503 2603 scriptum
1511 2545 1647 2602 talassium
1658 2544 1760 2590 intectae.
1770 2545 1886 2601 Respoud.

262 2611 344 2668 mimo
353 2623 360 2655 ι
368 2610 434 2666 lisso
447 2612 642 2665 consequentiam.
660 2613 725 2657 Hane
740 2613 802 2658 enlm
815 2613 995 2660 adversariorum
1008 2615 1134 2662 illationem
1148 2625 1254 2663 0111101111
1267 2627 1319 2663 asse
1332 2621 1403 2674 atum
1415 2615 1548 2676 11111111οω,
1561 2611 1619 2662 111111
1631 2614 1720 2662 uersat
1732 2614 1825 2672 maht

696 2709 767 2759 dictita
776 2724 911 2761 ramsesutur
920 2727 966 2774 qna
974 2719 1019 2774 jam
1028 2715 1128 2769 occidere,
1138 2717 1255 2776 cadentque

701 2777 751 2828 oues
761 2789 816 2820 1111110
826 2779 876 2822 sant
885 2779 908 2822 iu
917 2777 1003 2830 honore,
1013 2779 1125 2834 vocabula,
1134 2780 1153 2825 si
1162 2781 1220 2826 vastet
1229 2791 1291 2833 usus,

697 2837 764 2890 Quem
776 2847 839 2896 panes
849 2838 964 2885 arbitrium
973 2845 1014 2894 est,
1023 2845 1045 2886 et
1052 2843 1097 2899 lus,
1110 2848 1132 2888 at
1141 2853 1215 2888 norma
1225 2841 1332 2901 loquendi.

262 2931 322 2988 liene
335 2939 410 2986 Histoi
421 2933 589 2996 animadsecue,
604 2935 735 2994 huiusmodi
748 2951 830 2985 vacum
847 2947 887 2986 aut
898 2942 1052 2999 locutionum,
1063 2956 1124 3001 quas,
1140 2944 1301 2991 vetustissimis
1316 2943 1399 3004 liuguae
1418 2944 1571 2992 monumentis
1591 2932 1732 3004 trequentes,
1745 2931 1888 2996 luminatus

262 3011 384 3067 inusitatae,
396 3021 484 3053 rursum
499 3007 522 3066 ip
533 3004 695 3053 recentissimis
708 3019 828 3066 apparent,
843 3011 1019 3074 vicissitudines,
1031 3015 1055 3059 iu
1067 3015 1174 3062 omnibus
1186 3015 1269 3072 tinguis
1279 3016 1417 3073 deprehendi
1427 3027 1433 3062 :
1443 3013 1671 3076 Grnoirecenliotso,
1682 3028 1748 3078 ιι,
1756 3015 1888 3068 locutiones

262 3081 378 3133 adtribuat,
392 3089 450 3135 quas
465 3075 555 3123 nonnisi
569 3079 627 3135 apud
642 3079 767 3124 llomernm
781 3081 880 3136 reperire
894 3089 942 3136 est;
957 3084 1021 3129 italis
1036 3097 1127 3142 quoqne
1143 3085 1259 3132 hodiernis
1276 3087 1352 3142 plures
1365 3085 1551 3130 locationcsusui
1560 3092 1622 3144 sunt,
1634 3097 1687 3144 qun
1700 3099 1747 3132 uon
1757 3088 1813 3133 item
1823 3090 1889 3136 eice·

261 3139 364 3196 roni'aut
376 3143 448 3203 Livio,
463 3147 502 3192 sed
517 3147 586 3192 veteri
601 3151 680 3194 Plauto
695 3145 767 3195 inere.
785 3149 820 3198 cl.
835 3155 1067 3207 Lenorcnant,t'cars
1081 3153 1162 3200 d'lsist.
1179 3168 1233 3200 11111.
1246 3155 1333 3212 mitid.
1343 3153 1647 3212 seqq.lteaponcl.aeccmclc
1659 3173 1666 3200 ι
1676 3157 1822 3202 ennoissiuas
1832 3168 1888 3205 suat

261 3222 310 3265 istse
328 3219 462 3274 iocationes,
480 3230 522 3262 uec
536 3217 674 3276 istiusmodi,
689 3227 714 3263 ut
726 3221 773 3266 siro
790 3225 883 3267 cordato
898 3236 938 3268 cas
952 3231 1038 3270 attente
1050 3224 1194 3280 perspicienti
1205 3228 1322 3280 prebeant
1336 3223 1455 3280 indicium,
1466 3237 1512 3280 quo
1522 3225 1689 3290 Pentateuchns
1700 3233 1801 3283 tempora
1815 3231 1889 3286 capti·

262 3289 337 3336 uitatis
351 3289 448 3344 scriptus
462 3295 577 3344 cruuntur.
591 3289 649 3334 Vide
664 3293 778 3347 europiam
795 3305 863 3350 opus,
878 3293 915 3337 cui
930 3295 1017 3352 titulus,
1033 3295 1244 3342 Nuclrmcsuischea
1258 3299 1293 3341 ιἰιι
1309 3295 1462 3342 Pentateuch.
1478 3292 1592 3342 Garisruh.
1607 3294 1677 3354 1811,
1693 3305 1786 3342 auctore
1801 3296 1887 3359 Wolte,

262 3359 300 3404 ubi
314 3355 428 3416 sigillatim
443 3357 476 3401 hae
491 3361 649 3415 postmosaicoc
664 3357 790 3406 iocationes
805 3364 972 3418 expendantur.
989 3367 1069 3409 Paucis
1084 3371 1161 3410 tamen
1175 3367 1284 3422 exemplis
1299 3365 1419 3411 osterrdere
1429 3366 1541 3422 parrana
1554 3377 1612 3420 quas
1622 3355 1770 3424 ratiunculas,
1780 3369 1885 3415 subtilio-

259 3430 336 3483 risrpue
349 3427 432 3484 ingenii
449 3429 554 3472 minutius
569 3427 708 3473 descendant
719 3431 857 3487 adversarii,
875 3438 899 3475 at
914 3435 1093 3479 Pentateuclrum
1109 3437 1196 3480 auctori
1211 3437 1269 3481 hlosi
1283 3437 1404 3492 denegent.
1417 3438 1552 3493 Heumann,
1567 3447 1605 3491 op.
1621 3435 1672 3494 eit,
1685 3425 1709 3481 111
1722 3443 1769 3481 toto
1777 3439 1887 3486 Deutero-

261 3501 337 3544 nomio
361 3499 524 3554 postmosaicas
542 3500 670 3544 iocationes
686 3499 772 3544 invenit
792 3500 918 3547 undecimi
933 3505 1008 3548 Prima
1025 3512 1061 3548 est
1078 3517 1121 3548 roa
1141 3512 1222 3570 nupt,
1237 3508 1343 3554 secutio,
1358 3508 1500 3556 commotio,
1516 3507 1582 3549 111111.
1602 3516 1683 3564 uasat,
1696 3505 1740 3562 35,
1759 3520 1810 3562 (ιιι
1823 3517 1889 3559 extra

162 3591 167 3596 ·
260 3567 436 3616 Pentateuchum
450 3567 520 3612 semei
538 3573 625 3612 tuntum
639 3564 719 3612 eadem
738 3567 811 3616 dorma
829 3573 955 3628 reperitur,
971 3575 1019 3620 scil.
1038 3573 1124 3620 Erech.
1138 3586 1216 3633 artat,
1232 3571 1262 3619 16
1276 3594 1282 3620 ι
1300 3577 1323 3620 al
1337 3589 1412 3620 nonno
1426 3589 1477 3621 earn
1497 3589 1509 3620 ι
1526 3575 1679 3621 Pentateucho
1692 3575 1797 3622 Ezechiel
1813 3577 1889 3634 poluit

261 3633 390 3696 recepisse?
404 3637 507 3683 Secunda
520 3643 554 3682 est
568 3641 645 3700 ῃιηῐ,
661 3647 736 3695 anat,
752 3639 789 3698 iti,
805 3651 847 3685 sor
861 3641 935 3686 dalaia
950 3641 1132 3698 significationis,
1147 3647 1200 3689 nulli
1214 3659 1242 3690 ex
1256 3645 1374 3700 Prophetis
1385 3646 1478 3704 usitata,
1490 3647 1531 3690 nisi
1541 3645 1654 3700 serenta,
1665 3647 1732 3703 idque
1749 3647 1783 3691 uls
1799 3645 1887 3696 tautam

262 3707 343 3754 eodem
358 3716 424 3753 sensu
439 3717 506 3762 quem
522 3707 591 3756 habet
607 3710 629 3757 in
651 3711 837 3760 Deuteronomio.
856 3713 931 3757 Tertia
955 3721 989 3757 est
1003 3719 1066 3780 mr,
1081 3717 1182 3765 mensis,
1202 3725 1236 3760 tec
1250 3717 1338 3760 tanturn
1352 3716 1374 3760 in
1395 3715 1548 3760 Pentateucho
1567 3716 1713 3777 reperienda,
1730 3717 1784 3762 tum
1798 3720 1824 3768 τὸ
1838 3721 1889 3777 eius

262 3782 383 3846 manuopera
395 3782 464 3836 11111
478 3778 554 3827 decies
568 3783 640 3828 octies
651 3784 736 3828 ibidem
751 3783 883 3834 adhibeturs
899 3783 980 3827 deiude
996 3793 1059 3848 r'i'i’,
1069 3783 1125 3830 liosi
1140 3787 1181 3841 ipsi
1193 3785 1334 3844 infrequens,
1343 3789 1417 3843 niaque
1428 3790 1512 3840 iosuae,
1524 3797 1597 3841 nequo
1610 3787 1661 3830 iibri
1674 3785 1779 3831 indicaui
1795 3793 1885 3836 auctori

263 3859 313 3904 asni
327 3857 381 3914 iuit;
395 3869 484 3902 cursam
499 3852 601 3911 quidam,
613 3853 654 3898 sed
669 3853 785 3897 rarissime
799 3859 894 3909 apparet
907 3851 966 3910 apud
981 3857 1115 3916 Prophetas,
1131 3858 1170 3910 qul
1184 3877 1217 3924 -ῳ
1230 3859 1299 3914 ‘dt‘ln
1316 3861 1381 3913 uulgo
1396 3863 1500 3901 ataricus:
1513 3857 1566 3912 quid
1579 3851 1631 3901 iudo
1642 3855 1720 3901 lnlerrl
1737 3852 1829 3914 pateat?
1841 3857 1890 3906 itae

263 3931 335 3987 magis
349 3929 423 3973 valent
434 3925 484 3971 alia
496 3923 630 3969 liartmunni
648 3924 806 3980 postmosaieae
817 3923 954 3980 locationes,
968 3935 1024 3979 cruos
1040 3925 1090 3970 ideo
1106 3929 1201 3970 scrutari
1217 3929 1352 3974 omittimus.
1370 3925 1458 3972 Similes
1473 3928 1599 3971 iocationes
1611 3939 1639 3971 er
1655 3925 1738 3973 Genesi
1749 3923 1887 3985 desumptas

263 3999 433 4056 diligentissimo
447 3997 599 4042 recensuitde
611 3996 713 4055 ilolrlen;
726 3994 767 4050 qai
780 4000 855 4039 tamen
872 4001 962 4052 postea,
976 3995 1050 4040 iacens
1066 3997 1196 4054 proterente
1215 3999 1325 4055 llirtelio,
1343 4010 1368 4043 ss
1390 3997 1461 4044 nauita
1480 4005 1522 4054 pro
1536 3995 1682 4043 adsiduitatis
1699 3997 1759 4044 ialso
1773 3997 1883 4050 habuisse

264 4070 382 4114 corriessaa
394 4074 439 4115 est.
453 4067 489 4112 ut.
503 4068 619 4126 ualpnnn,
631 4077 670 4124 op.
685 4065 726 4111 cit.
737 4077 761 4122 p.
775 4063 820 4111 181
834 4073 902 4120 teau.

296 4173 330 4239 (tl
342 4171 406 4220 Leve
419 4175 457 4219 est
468 4205 473 4228 ‚
486 4169 554 4232 quod
568 4167 676 4218 afferunt
688 4163 721 4218 aci
735 4165 901 4231 probandum,
915 4180 967 4217 esse
986 4165 1211 4219 Deuteronomiam
1228 4170 1291 4220 alius
1304 4169 1429 4233 auctoris,
1441 4183 1518 4232 quarn
1538 4169 1604 4233 eius,
1620 4166 1665 4235 qui
1682 4169 1760 4223 libros
1779 4184 1891 4237 quatuor

265 4245 360 4308 priores
372 4239 479 4303 scripsit,
493 4239 561 4302 quod
575 4238 605 4288 de
619 4239 708 4301 capitis
722 4251 793 4299 poerra
803 4242 828 4286 in
838 4239 1033 4287 Deuteronomio
1044 4237 1146 4300 phrasis,
1162 4239 1251 4288 tollere
1264 4237 1359 4289 rnatum
1372 4255 1404 4289 ea
1419 4237 1511 4290 iscceelc
1526 4241 1619 4304 (xisto,
1631 4253 1690 4301 sves,
1705 4243 1774 4305 ’1,11,
1791 4251 1840 4310 iil,
1849 4251 1889 4316 19,

265 4329 314 4375 ιιι,
326 4315 365 4374 ll,
380 4312 450 4372 ιιι),
465 4307 492 4358 in
505 4308 609 4371 reliquis
622 4320 680 4358 vcro
695 4307 860 4358 Pentateuchi
874 4306 944 4357 libris
957 4309 1117 4357 rescindatur·
1130 4310 1182 4358 icccc
1196 4311 1281 4358 animo
1294 4323 1307 4359 c
1318 4313 1407 4372 copulo
1420 4311 1461 4358 tuo
1477 4318 1612 4373 usurpatur
1619 4327 1627 4374 ;
1640 4311 1723 4374 potuit
1737 4315 1806 4366 enim
1820 4315 1890 4369 idem

265 4383 369 4446 scriptor
380 4379 538 4444 postuliquot
551 4391 628 4428 annos
641 4377 684 4429 aiii
698 4378 781 4441 phrasi
795 4378 825 4428 ad
839 4379 954 4428 eamdem
967 4393 1019 4428 rom
1034 4377 1224 4442 exprimentium
1238 4391 1385 4429 assuescere.
1401 4381 1494 4429 Eodem
1509 4382 1626 4444 pertinet,
1636 4383 1703 4444 quod
1713 4393 1806 4436 uortcen
1819 4388 1893 4440 Sinai

265 4453 366 4514 rnoutis,
382 4449 409 4500 in
424 4451 501 4499 Exodi
516 4449 578 4500 libro
593 4457 645 4499 tarn
659 4449 803 4511 frequenter
817 4449 966 4510 obviamus
979 4449 1172 4498 Deuteronomio
1182 4461 1310 4511 nationum
1321 4447 1428 4513 legatur,
1437 4450 1479 4499 secl
1493 4451 1547 4512 elus
1561 4451 1614 4501 locu
1627 4463 1725 4515 semper
1738 4458 1782 4507 aiut
1799 4451 1890 4522 Horeb,

265 4533 309 4574 aut
325 4537 396 4570 mous
410 4520 454 4568 itte
467 4527 632 4569 memoretur.
648 4518 767 4568 Attamen
781 4521 869 4570 Horeb.
882 4526 907 4569 et
921 4518 948 4569 in
961 4519 1036 4568 Eruet
1047 4533 1082 4582 ur,
1091 4525 1113 4574 l.
1125 4533 1183 4580 xsn,
1195 4525 1219 4582 o,
1232 4533 1314 4572 11111111,
1325 4523 1348 4574 6,
1359 4525 1385 4570 ιι
1398 4533 1468 4569 mcccc
1480 4517 1527 4569 iiie
1538 4521 1626 4572 eodem
1640 4519 1715 4589 libro,
1730 4519 1809 4578 retati
1822 4535 1890 4597 xxiv,

266 4597 303 4654 tt,
322 4591 351 4641 15
368 4589 468 4653 iegitur.
485 4589 522 4638 ct.
538 4603 593 4653 quae
604 4589 736 4639 deboram
750 4590 882 4638 norninam
896 4603 943 4638 usu
956 4589 1054 4639 monuit
1069 4589 1144 4640 1111111.
1160 4591 1256 4640 rii-cliro.
1273 4591 1323 4638 rol.
1340 4591 1385 4649 111,
1404 4601 1427 4654 p.
1443 4593 1488 4640 111
1501 4599 1571 4655 seqq.

297 4665 332 4726 (1)
345 4661 470 4723 Ejusrrrmli
485 4659 538 4708 sine
552 4657 698 4708 necessitate
708 4659 819 4720 iteratas,
836 4671 881 4707 nec
895 4672 950 4708 raro
962 4657 1028 4708 iuter
1037 4673 1062 4710 se
1075 4661 1241 4721 eliserepautcs
1252 4659 1282 4708 de
1291 4659 1381 4708 iisdem
1391 4661 1465 4709 rebus
1478 4661 1632 4712 tractationes
1641 4663 1746 4726 repetiti
1757 4671 1784 4718 cl
1796 4662 1824 4718 in
1834 4670 1892 4721 aliis

265 4733 411 4782 oorunnlem
428 4736 559 4777 celatorum
574 4729 698 4791 operibus,
714 4741 796 4784 nemu,
814 4728 862 4778 uisi
879 4729 906 4777 in
920 4743 946 4778 re
960 4728 1082 4778 litteraria
1096 4731 1167 4792 plano
1183 4730 1283 4791 hospeS,
1298 4730 1406 4793 ignorat.
1423 4729 1542 4792 Exempla
1560 4729 1633 4794 plura
1649 4745 1681 4782 ex
1695 4727 1770 4786 aulus
1784 4737 1889 4792 Diodori

266 4801 342 4852 Siculi
357 4797 510 4848 Bibliotheca
522 4798 623 4861 coltoplc
637 4797 710 4859 lolrn,
723 4796 769 4847 loc.
784 4797 828 4848 cit.
849 4810 874 4861 p.
895 4801 948 4847 tsi.
968 4799 1070 4862 singula
1085 4797 1247 4850 Petitatcnclri
1261 4797 1329 4856 iesca,
1343 4799 1436 4862 quihus
1454 4801 1601 4850 accelerares
1617 4802 1726 4866 iterato,
1745 4817 1792 4856 nec
1803 4817 1891 4862 tamen

265 4881 364 4934 prorsus
376 4881 489 4923 consciae.
507 4869 546 4917 ael
559 4879 617 4917 acre
631 4872 773 4930 narrantur,
787 4869 826 4917 uel
836 4871 1029 4918 commemorari
1050 4870 1177 4928 videntur,
1198 4869 1240 4922 hic
1260 4869 1376 4934 persequi
1396 4870 1501 4936 longum
1520 4869 1596 4921 toret.
1610 4867 1760 4926 Videbimus
1772 4875 1849 4931 dalis
1862 4881 1891 4934 iu

266 4938 465 4990 Commentariis.
476 4937 601 4988 Norrnullu
614 4937 715 4988 illorum
728 4939 882 4989 examinavit
896 4939 970 5002 Jahn,
986 4940 1003 4988 l.
1017 4952 1040 4990 c.
1051 4953 1076 5003 p.
1089 4943 1134 4990 cti
1149 4941 1244 5005 seqq.·.

296 5051 308 5072 '
323 5048 349 5094 In
363 5049 527 5099 Pentateucho,
543 5047 585 5093 etsi
601 5059 641 5104 per
661 5045 787 5103 fragmenta
806 5055 910 5106 exarato,
929 5049 1007 5094 omnia
1029 5056 1105 5094 tamen
1121 5051 1236 5096 collucent
1252 5051 1276 5097 iu
1293 5050 1338 5098 tiae
1355 5053 1384 5098 ad
1400 5063 1468 5108 quem
1486 5053 1591 5111 tendunt,
1605 5060 1630 5100 ut
1644 5056 1764 5115 doctrinis,
1783 5060 1884 5122 legibus,

267 5119 377 5176 historiis,
391 5119 581 5174 promissionibus
594 5125 616 5161 et
627 5119 843 5163 comminationibus
856 5119 940 5164 ducant
954 5119 982 5164 ed
998 5121 1130 5175 religionem
1145 5126 1168 5166 ct
1183 5122 1313 5178 religiosam
1325 5133 1412 5166 moram
1427 5121 1573 5178 probitatem.
1586 5124 1661 5185 Adde,
1676 5127 1785 5185 antiquis,
1800 5133 1847 5177 11110
1864 5141 1891 5181 et

267 5192 339 5235 multo
356 5190 424 5234 etiam
437 5189 601 5233 recentioribus
615 5188 774 5248 Orientalibus,
790 5201 835 5234 11011
850 5188 920 5234 1011ιι
934 5201 986 5234 curn
1000 5196 1071 5234 artem
1086 5192 1208 5250 scribendi,
1223 5199 1275 5248 que
1289 5194 1365 5238 omnia
1383 5192 1499 5247 disparata
1511 5199 1564 5249 apte
1575 5200 1667 5242 nectere
1679 5199 1751 5245 00111.
1766 5201 1889 5266 (laterum,

267 5263 296 5304 du
308 5271 392 5305 rerum
402 5259 504 5314 repetitis
520 5259 698 5314 narrationibus,
713 5259 765 5303 vide
779 5264 826 5302 tum
846 5259 975 5304 Cornelium
996 5263 1098 5304 nostrnrn
1118 5261 1210 5319 singulis
1223 5263 1292 5319 iocis,
1302 5269 1349 5308 tutu
1362 5264 1479 5319 leignon,
1488 5273 1528 5318 op·
1538 5262 1580 5309 clt.
1592 5275 1618 5320 ιιι
1633 5265 1688 5314 tet.
1703 5274 1751 5314 11101
1763 5273 1850 5319 liechst
1867 5283 1893 5323 οι

268 5331 342 5376 licita
354 5330 508 5387 iiiuieitunp,
526 5336 571 5374 etc.
585 5342 608 5386 p.
622 5327 652 5372 25
667 5341 733 5384 sequ.
749 5329 782 5374 Da
794 5329 875 5387 ispum
893 5341 960 5388 aero,
972 5343 1022 5386 quas
1038 5331 1082 5375 sibi
1099 5341 1145 5376 nou
1159 5333 1214 5378 satis
1232 5343 1325 5389 semper
1346 5332 1446 5377 sidentur
1463 5345 1600 5392 consonare,
1621 5338 1805 5400 repetitionibus,
1826 5353 1892 5392 reete

268 5407 331 5454 uolat
347 5401 461 5463 blaignac,
476 5411 514 5456 op.
528 5400 568 5445 cit.
583 5413 608 5458 p.
624 5399 678 5460 let,
690 5399 783 5445 easdem
794 5400 903 5456 Motaleia
915 5401 1005 5468 iegiiltta
1019 5402 1193 5466 interpretandis
1203 5402 1295 5468 togulas
1308 5403 1462 5463 obtortum
1470 5415 1533 5467 stac,
1541 5415 1600 5470 tilla!
1612 5405 1638 5456 iu
1647 5407 1825 5471 ihwptotaudit
1836 5415 1892 5474 dtas-¹
