4050 6018
272 303 328 362 111
766 295 1009 356 tolumnius
1024 296 1060 354 ln
1077 297 1233 367 monim,
1249 309 1314 356 cir.
1333 299 1411 356 m.

273 422 396 486 pressa,
405 403 526 479 accepit.
542 403 586 462 lte
598 403 627 460 8.
641 403 846 460 nomentum
864 403 897 460 in
914 403 979 474 ejus
994 402 1067 462 Vita„
1109 404 1194 462 mino
1206 403 1404 478 quadraginta
1416 400 1526 459 diebus
1533 438 1546 469 ,
1558 403 1594 456 ut
1605 398 1662 456 boe
1674 409 1807 454 nomem
1819 393 1917 452 dirm-

310 487 572 559 Quadregesimam
591 484 795 559 transigebant
806 485 946 544 monachi
957 485 1071 544 ‘laben-
1109 489 1173 556 ret,
1191 485 1276 558 quod
1297 484 1344 542 illi
1360 488 1475 542 tautam
1493 481 1673 554 monogam
1690 479 1822 553 implere
1842 493 1917 552 por·

274 573 394 631 nesiotm
408 571 483 628 cibis
501 569 570 642 igne
586 582 650 628 non
661 569 767 641 cocfis3
781 569 889 628 Paulus
902 568 1003 627 lbbes
1016 571 1070 626 Ga·
1111 567 1186 639 sint,
1204 585 1283 642 quos
1303 567 1484 640 evangeliea
1502 566 1597 639 gratia
1616 564 1765 634 verinus,
1778 569 1916 638 quatuor

275 657 333 712 lata
345 669 415 712 oum
435 653 563 711 sextario
580 651 669 710 lentis
688 656 718 710 et
734 653 856 711 vaseulo
878 667 981 726 equoe3
993 650 1071 710 Ado-
1110 651 1312 710 describenda
1331 651 1417 710 libris
1431 647 1780 723 (Evangeliis),1‘uveret;
1804 650 1916 720 quare

262 737 333 794 lius
352 741 421 812 post
437 738 696 812 quinquetautum
710 735 774 794 dies
786 735 964 808 comedens;
978 738 1071 793 tlara·
1111 737 1192 793 enim
1212 735 1302 792 ducta
1318 734 1350 792 in
1368 733 1472 791 decem
1483 731 1595 789 iaciunt
1606 730 1818 804 nummatam
1840 733 1915 786 itur

273 821 335 878 rius
362 819 547 878 Almandrire
569 819 644 878 nihil
667 819 828 878 comedens
844 823 952 892 praeter
974 833 1070 894 pauca
1111 835 1197 889 sum,
1217 819 1275 878 hoo
1298 833 1426 876 numero
1449 815 1646 890 quadragmta
1663 814 1917 886 significabantur

271 905 364 963 cruda
371 904 508 964 crambes
516 903 590 962 lolia
603 904 652 962 die
665 903 833 974 dominico,
846 917 1002 976 nunquam
1019 917 1070 972 ge·
1111 901 1215 960 decem
1234 905 1398 976 praecepta,
1411 915 1479 973 qum
1491 899 1572 956 bisce
1584 897 1784 972 quadraginta
1802 897 1916 954 diebus

274 1005 316 1047 nu
335 989 475 1062 tlecbns,
489 1005 645 1064 nunquam
661 989 827 1059 accubans,
841 1002 959 1062 semper
977 989 1068 1044 sans.
1111 988 1205 1044 ltoses
1217 1001 1236 1041 a
1249 986 1309 1042 neo
1328 983 1459 1058 accepit,
1473 983 1505 1040 in
1521 985 1648 1056 quatuor
1663 979 1772 1038 mundi
1785 980 1916 1054 plagas,

273 1075 314 1130 lta
325 1073 497 1132 habeturiu
513 1075 587 1130 Vitis
598 1075 723 1130 Petrum.
1110 1067 1144 1126 id
1160 1071 1206 1125 est
1229 1083 1335 1126 omues
1354 1071 1474 1138 gentes,
1489 1069 1623 1138 tempore
1642 1063 1795 1134 Evangelii
1814 1063 1917 1118 divul-

123 1229 129 1276 t
237 1197 239 1200 -
306 1155 1071 1236 symbolicebedacluit,inquit,llosesoumlto·
1109 1151 1218 1226 ganda

618 1488 822 1596 ulrur
859 1485 1215 1596 VIGESIMUM
1251 1485 1554 1602 OUINTUM.

884 1715 1090 1778 SYNOPSIS
1113 1715 1293 1778 cariata.

162 1926 251 1974 ranst
271 1915 349 1972 tutet
366 1915 439 1970 ltere
454 1913 517 1984 tert
533 1921 644 1975 monn,
660 1918 731 1962 oera
750 1904 800 1968 lo,
817 1906 844 1957 et
860 1903 1089 1973 propitiatorium
1106 1915 1166 1956 cum
1183 1899 1288 1956 duobus
1304 1897 1460 1964 chautim,
1479 1912 1549 1955 cers.
1566 1899 1612 1956 17.
1630 1897 1771 1964 Semndo,
1791 1912 1920 1956 mm

154 1989 223 2035 ΠΜ
245 1999 259 2033 ⁸
307 2025 411 2086 ponam
423 2006 635 2081 propositionis,
649 2015 719 2058 vers.
732 1999 778 2057 23.
793 1998 899 2065 Tertio,
913 1995 1104 2054 condelabrum
1118 1999 1251 2067 septicepr
1263 2010 1299 2052 ea
1312 1996 1415 2052 talento
1428 1999 1507 2063 aret,
1521 2010 1593 2054 uera.
1606 1997 1653 2053 31.

156 2049 259 2160 menz
272 2111 355 2170 Noto.
374 2107 506 2180 triplices
523 2104 637 2173 tonant
658 2101 727 2170 tepea
744 2097 844 2154 veteris
866 2095 1044 2160 Testamenti,
1061 2094 1165 2149 scilicet
1181 2093 1314 2159 nanno,
1327 2092 1475 2162 jannae
1496 2097 1523 2149 et
1548 2094 1746 2150 wermuda
1765 2112 1776 2148 ε
1796 2093 1919 2150 morale

155 2173 259 2281 ffiffi
305 2206 478 2280 praentprit
491 2202 562 2258 lleus
580 2213 641 2271 cop.
657 2209 710 2266 rx,
720 2193 868 2265 ludiones
887 2207 948 2264 cop.
971 2205 1036 2260 xxa,
1050 2202 1128 2258 trra,
1142 2203 1231 2258 xxm,
1244 2189 1441 2245 memoriales
1455 2189 1501 2244 tio
1512 2190 1616 2260 ἐπείρα
1628 2189 1818 2261 marone.

157 2307 253 2370 nana
272 2305 329 2362 ΗΜ
342 2317 405 2374 erpo
417 2301 508 2372 eapite
520 2311 581 2354 cum
594 2295 681 2352 tritta
695 2289 880 2364 cenantibus,
893 2287 1056 2346 desmbttur
1068 2287 1160 2356 formo
1173 2285 1341 2342 tabernaculi
1357 2301 1417 2341 cam
1428 2287 1487 2341 suis
1506 2287 1596 2350 voris,
1614 2299 1716 2357 uroque
1729 2287 1915 2356 ευμὶιεαιῖι.

171 2357 241 2478 iix
307 2396 526 2458 lietobernuortlo
538 2394 586 2450 boo
595 2391 659 2448 uide
668 2389 829 2446 Abulmaem
838 2385 893 2451 aa,
903 2381 1006 2440 bedam
1015 2388 1043 2440 et
1053 2383 1220 2440 Btdtordam
1230 2383 1412 2453 Victorinum,
1423 2383 1492 2440 libro
1501 2383 1541 2438 De
1548 2380 1764 2453 tabernaculo,
1777 2388 1808 2440 et
1820 2389 1919 2442 moto

310 2499 453 2560 Rhoan,
467 2491 515 2550 ra.
530 2489 553 2546 V
568 2489 606 2544 lle
619 2483 741 2558 Templo
756 2525 766 2553 ,
781 2499 813 2540 oo
829 2479 996 2552 Vliolpoado
1009 2481 1041 2536 ia
1054 2477 1385 2553 Descriptione‘lemnll.

318 2693 350 2762 1.
364 2689 575 2776 Locutusque
588 2689 636 2750 est
649 2661 863 2746 Dominus'ad
876 2673 1030 2764 Moysen,
1045 2669 1157 2740 dicens
1172 2693 1182 2738 ε
1201 2670 1235 2738 2.
1253 2669 1404 2761 inquere
1416 2669 1495 2739 tiliis
1506 2669 1607 2740 Israel
1615 2721 1625 2756 ,
1640 2676 1679 2738 ut
1693 2670 1818 2739 tollant
1830 2668 1918 2738 mihi

271 2796 434 2892 primitias
451 2793 494 2862 ab
513 2788 605 2858 omni
618 2784 752 2854 homine
770 2782 829 2873 qui
847 2781 963 2852 offeret
982 2779 1174 2861 ultroneus,
1197 2775 1361 2866 accipietis
1378 2798 1442 2844 eas.
1465 2775 1498 2844 3.
1520 2775 1599 2844 limo
1617 2785 1696 2843 sunt
1707 2785 1826 2844 autem
1839 2799 1918 2867 qnae

272 2905 415 2996 occipere
429 2895 577 2968 debetis:
599 2895 749 2976 Aurum,
765 2897 798 2956 et
810 2894 985 2975 argentum
994 2936 1004 2969 ,
1023 2892 1057 2952 et
1073 2905 1136 2969 aes,
1153 2883 1188 2950 4.
1206 2881 1423 2973 hyacinthum
1439 2889 1473 2949 et
1490 2904 1691 2973 purpuram,
1709 2903 1918 2972 coccumque

272 3010 323 3079 bis
337 3009 474 3076 tinctum
482 3055 492 3088 ,
507 3010 540 3072 et
552 2999 706 3090 byssum,
721 2994 807 3087 pilos
817 3012 992 3084 caprarum
1000 3042 1010 3075 ,
1025 2991 1058 3058 5.
1074 2997 1108 3058 et
1120 2986 1222 3078 pelles
1234 2987 1375 3057 arietum
1390 2988 1588 3072 rubricatas,
1607 2987 1777 3078 pellesque
1790 2987 1919 3056 ianthi-

272 3137 350 3199 nas,
365 3123 398 3182 et
410 3111 502 3200 ligna
515 3106 610 3176 setim
626 3129 634 3172 τ
656 3103 689 3170 (i.
706 3102 817 3170 oleum
830 3097 1065 3194 adtluminaria
1076 3093 1302 3164 concinnanda
1316 3117 1324 3160 :
1340 3101 1487 3162 aromata
1497 3092 1534 3168 in
1548 3100 1775 3180 unguentum,
1792 3099 1830 3160 et
1842 3091 1919 3184 thy·

273 3221 428 3290 miamata
440 3214 520 3284 boni
532 3211 665 3280 odoris:
688 3209 719 3275 7.
736 3207 861 3298 lapides
873 3202 1073 3294 onychinos,
1088 3208 1122 3268 et
1133 3221 1280 3290 gemmas
1292 3199 1334 3267 ad
1353 3197 1538 3266 ornandum
1555 3197 1663 3288 ephod
1679 3219 1716 3265 ac
1734 3197 1914 3267 rationale.

273 3328 306 3396 8.
322 3314 521 3412 Facientque
535 3316 618 3386 mihi
631 3312 873 3395 sanctuarium,
893 3318 926 3378 et
945 3307 1099 3378 habitabo
1112 3305 1149 3374 in
1163 3305 1270 3374 medio
1287 3325 1426 3372 eorum:
1447 3303 1483 3373 9.
1498 3304 1595 3395 juxta
1607 3323 1741 3372 omnem
1754 3303 1917 3374 similitu·

273 3432 384 3502 dinem
399 3423 601 3497 tabernaculi
615 3420 704 3512 quod
717 3416 886 3488 ostendam
900 3415 974 3499 tibi,
988 3421 1021 3482 et
1033 3411 1185 3482 omnium
1197 3431 1352 3480 vasorum
1364 3409 1400 3478 in
1413 3410 1540 3478 cultum
1552 3407 1644 3500 ejus3
1658 3409 1773 3500 sicque
1786 3409 1917 3480 facieba

272 3537 358 3607 illud
376 3560 384 3602 ε
407 3533 460 3604 10.
481 3534 601 3600 Arcam
614 3527 654 3596 de
669 3527 769 3614 lignis
781 3523 874 3593 setim
888 3520 1104 3612 compingite,
1125 3518 1220 3609 cujus
1236 3515 1408 3606 longitudo
1425 3515 1544 3584 habeat
1559 3514 1643 3583 duos
1655 3521 1688 3582 et
1699 3515 1805 3582 semis
1821 3515 1916 3584 cubi

274 3652 348 3712 los:
369 3639 529 3722 latitudo,
552 3635 702 3704 cubitum
724 3640 757 3700 et
775 3629 978 3698 dimidium:
999 3625 1157 3710 altitudo,
1181 3623 1330 3692 cubitum
1353 3621 1504 3691 similiter
1523 3643 1561 3689 ao
1581 3619 1762 3689 semissem.
1789 3623 1851 3690 11.
1875 3621 1916 3690 Et

274 3745 447 3820 deaurabis
459 3763 530 3811 eam
544 3762 626 3809 auro
640 3735 857 3806 mundissimo
873 3735 964 3802 intus
977 3741 1010 3800 et
1024 3731 1123 3818 ioris3
1143 3731 1306 3820 faciesque
1318 3750 1435 3819 supra,
1454 3748 1609 3796 coronam
1624 3749 1763 3797 auream
1775 3752 1842 3822 per
1853 3729 1916 3798 cir·

274 3853 425 3923 ruitum:
449 3848 503 3918 12.
524 3855 558 3916 et
571 3852 714 3937 quatuor
727 3841 866 3909 circulos
880 3861 1014 3924 aureos,
1035 3859 1118 3930 quos
1135 3858 1236 3927 pones
1253 3857 1312 3925 per
1326 3841 1471 3926 quatuor
1485 3855 1568 3903 arcae
1580 3835 1720 3924 angulos
1730 3860 1742 3920 ;
1761 3835 1837 3904 duo
1853 3836 1915 3903 cir-

273 3959 341 4029 culi
354 3958 420 4026 sint
433 3955 469 4024 in
481 3955 583 4024 latere
596 3973 682 4035 uno,
703 3955 736 4015 et
753 3946 821 4015 duo
833 3945 868 4014 in
883 3945 997 4014 altero.
1015 3943 1069 4013 13.
1084 3943 1196 4012 Facies
1214 3963 1347 4032 quoque
1359 3948 1465 4008 vectes
1477 3939 1519 4010 de
1530 3939 1631 4030 lignis
1646 3939 1760 4026 selim,
1782 3949 1823 4010 et
1839 3965 1915 4034 ope-

276 4064 338 4134 ries
351 4084 406 4131 eos
418 4083 512 4130 auro.
535 4058 590 4127 ta.
609 4055 814 4144 lnduoesque
833 4075 891 4144 per
911 4051 1050 4122 circulos
1063 4049 1122 4141 <pri
1135 4055 1214 4118 sunt
1226 4047 1262 4116 in
1277 4068 1359 4116 arca
1371 4045 1547 4131 lateribus,
1566 4053 1605 4114 ut
1623 4053 1774 4137 portatam
1786 4045 1829 4115 in
1841 4049 1890 4116 eis
1903 4070 1914 4116 r

277 4169 329 4238 15.
351 4167 410 4262 qui
428 4186 556 4256 semper
574 4169 672 4232 erunt
684 4160 720 4227 in
733 4159 882 4243 circulis,
903 4177 963 4225 neo
982 4178 1131 4246 unquam
1149 4153 1363 4225 extrahentur
1383 4152 1425 4220 ab
1444 4151 1502 4222 eis.
1524 4151 1578 4220 lo.
1599 4151 1774 4243 Ponesque
1787 4153 1830 4222 in
1842 4175 1915 4222 arca

276 4272 534 4345 testificationem
555 4288 657 4358 quem
677 4265 762 4332 dabo
781 4263 854 4333 tihi.
879 4264 933 4332 17.
955 4262 1113 4331 Facieset
1126 4259 1389 4352 propitiatorium
1408 4257 1449 4327 de
1468 4279 1551 4328 auro
1567 4257 1809 4345 mundissim03
1832 4261 1914 4330 duos

273 4381 400 4450 sanitas
419 4386 452 4446 et
473 4372 649 4442 dimidium
669 4370 792 4439 tenebit
809 4366 983 4458 longitudo
1004 4369 1090 4458 ejus,
1111 4375 1143 4434 et
1161 4365 1310 4434 cubitum
1327 4387 1365 4433 ac
1377 4363 1542 4434 semissem
1564 4363 1716 4434 latitudo.
1743 4365 1801 4434 18.
1826 4366 1914 4434 Duos

275 4505 408 4578 quoque
416 4478 595 4550 Cherubim
604 4498 721 4546 aureos
730 4485 763 4544 et
776 4475 975 4567 productiles
983 4473 1093 4558 iacies,
1105 4495 1146 4541 es
1160 4479 1300 4562 utraque
1309 4479 1400 4562 parte
1412 4470 1550 4539 oraculi.
1565 4471 1617 4539 19.
1629 4469 1815 4539 Cherubim
1827 4494 1913 4541 unus

275 4592 318 4658 sit
331 4590 367 4658 in
380 4588 484 4656 latere
498 4603 584 4669 uno,
604 4590 638 4651 et
654 4582 738 4650 alter
754 4582 791 4650 in
809 4580 923 4650 altero.
945 4577 1207 4680 20.1Ulrumque
1223 4579 1310 4647 latus
1322 4577 1539 4668 propitiatorii
1552 4585 1674 4668 tegant,
1689 4578 1913 4669 expandentes

275 4695 344 4768 alas
364 4702 396 4764 et
416 4691 598 4784 operientes
623 4687 812 4774 oraculum,
836 4685 1076 4778 respiciantque
1095 4707 1135 4770 se
1155 4691 1273 4752 mutuo
1293 4683 1397 4752 versis
1414 4683 1565 4752 vultibus
1585 4684 1620 4751 in
1642 4683 1912 4775 propitiatorium

274 4826 342 4896 quo
353 4797 530 4893 operienda
540 4804 590 4865 est
601 4816 677 4864 arca
685 4845 695 4880 ,
709 4793 765 4862 21.
781 4793 817 4861 in
830 4815 898 4885 qua
908 4814 1008 4885 pones
1018 4789 1242 4860 testimonium
1255 4789 1344 4880 quod
1357 4787 1441 4858 dabo
1454 4785 1526 4857 tibi.
1543 4788 1598 4856 22.
1614 4788 1692 4857 inde
1705 4789 1911 4882 praecipiam,

275 4917 309 4980 et
324 4909 444 5000 loquar
460 4905 502 4974 ed
520 4911 553 4972 to
570 4924 670 4994 supra
687 4899 971 4992 propitiatorium,
992 4921 1031 4967 ao
1048 4898 1089 4966 de
1107 4897 1216 4966 medio
1234 4897 1378 4964 duorum
1398 4893 1595 4981 Cherubim,
1615 4893 1675 4986 qui
1694 4903 1797 4964 erunt
1813 4917 1914 4988 snper

276 5035 385 5083 arcam
398 5007 596 5090 testimonii,
610 5015 728 5077 cuncta
741 5027 818 5097 quae
830 5005 993 5074 mandabo
1006 5026 1064 5097 per
1077 5011 1110 5072 te
1124 5003 1203 5071 filiis
1216 5001 1327 5070 lsrael.
1349 5002 1405 5070 23.
1424 5000 1535 5069 Facies
1547 5008 1581 5069 et
1593 5022 1741 5069 mensam
1754 5001 1797 5069 de
1810 5002 1915 5090 lignis
2010 5055 2011 5060 ,

275 5118 387 5204 setim,
401 5115 575 5186 habentem
589 5115 673 5185 duos
685 5111 812 5182 cubitos
824 5111 1060 5200 longitudinis,
1075 5117 1108 5178 et
1120 5111 1157 5177 in
1168 5108 1343 5177 latitudine
1355 5105 1522 5192 cubitum,
1535 5115 1568 5174 et
1579 5107 1615 5174 in
1628 5106 1806 5175 altitudine
1818 5107 1915 5176 cubi·

276 5233 348 5294 tum
362 5243 399 5290 ac
410 5222 588 5290 semissem.
610 5219 665 5288 21.
685 5219 727 5287 Et
739 5217 908 5286 inaurabis
921 5239 993 5284 eam
1007 5237 1088 5286 auro
1102 5215 1278 5308 purissimo
1291 5239 1300 5300 ;
1317 5212 1480 5306 faciesque
1493 5213 1543 5281 illi
1555 5211 1682 5281 labium
1694 5234 1838 5280 aureum
1852 5235 1916 5304 per

275 5329 466 5416 circuitum,
485 5327 541 5398 25.
561 5334 594 5395 et
611 5325 674 5419 ipsi
691 5317 785 5396 lahio'
796 5343 948 5392 coronam
962 5322 1180 5393 interrasilem
1200 5323 1299 5392 altam
1314 5328 1456 5414 quatuor
1472 5319 1582 5410 digitis
1592 5345 1602 5406 ;
1624 5327 1657 5386 et
1673 5341 1775 5412 super
1794 5320 1912 5409 illam,
