4042 6032
171 5456 179 5468 ·
269 5449 359 5494 tore.»
377 5442 462 5492 Giom.
475 5443 505 5489 til
518 5444 585 5500 reare
607 5441 691 5512 Paria,
704 5444 747 5490 titt

251 425 376 484 nxxxu

267 547 340 588 mox
355 530 441 603 iussu
460 530 509 588 bel
529 533 725 602 emerserant,
746 531 819 615 quia
836 545 889 590 nec
907 547 988 611 aqao
1003 545 1059 590 nec
1099 534 1200 600 aalma
1217 533 1357 619 maedam
1374 535 1548 610 materialis,
1567 551 1636 622 quae
1651 535 1731 608 hunc
1746 538 1892 622 tanqum

267 615 482 684 terravireret,
496 613 963 690 nisihiclleispirltusanimarct,
978 617 1059 678 unde
1180 660 1204 670 ..
1257 660 1263 670 .
1354 659 1359 671 .
1521 660 1526 672 .

267 701 296 756 et
312 703 389 756 terra
409 697 523 768 iruges,
544 701 572 754 ct
591 714 670 772 aqua
689 699 831 774 produxit
846 699 973 775 pisces.»
994 703 1060 758 llaeo
1146 659 1787 804 ffissgffizlssffiwfnwwssmw

267 781 452 840 subobscura
466 781 742 839 ridenturzrerum
757 783 919 840 sntisclara
933 788 995 842 esse
1009 799 1060 849 ne-
1398 769 1408 804 ‘
1627 799 1651 868 :d
1692 820 1701 869 Ι

267 868 381 939 queunt
393 864 498 933 verbe,
512 877 579 937 qum
592 865 676 938 signa
690 871 758 923 suni
772 867 922 938 idearum,
936 868 1059 942 quaudo
1546 819 1629 888 ww
1653 818 1722 885 'W'

267 949 340 1005 ideae
360 949 447 1004 nimis
467 947 601 1006 obscurae
621 953 690 1006 sunt
712 954 741 1008 et
757 949 945 1023 imperfectae,
961 951 1060 1024 cujus·
1137 945 1395 1016 brucariacum
1406 946 1667 1004 coelunretterrarn
1675 946 1793 1018 creavit,
1805 949 1894 1006 ethe-

266 1031 349 1089 modi
367 1034 450 1088 eraut
467 1035 537 1088 tunc
559 1033 700 1106 temporis
717 1034 852 1092 notiones
874 1050 942 1116 quae
959 1033 1000 1090 ad
1013 1049 1060 1095 res
1101 1042 1165 1085 rem
1182 1028 1262 1086 hrrnc
1279 1041 1349 1085 sanc
1369 1043 1431 1085 non
1446 1029 1646 1102 pretermisit,
1662 1030 1745 1102 cuiue
1759 1047 1817 1104 opc
1830 1047 1893 1088 ccr-

266 1113 403 1190 physlcas
424 1113 621 1186 pertinebant.
637 1114 758 1196 Aliquid
775 1121 874 1174 tamen
893 1117 955 1173 veri
968 1115 1000 1173 in
1012 1114 1060 1176 bis
1102 1111 1227 1186 poribus
1239 1127 1295 1184 per
1307 1127 1338 1169 se
1352 1111 1487 1170 obscuris
1498 1128 1532 1170 ac
1544 1111 1659 1184 frigidis
1672 1113 1801 1171 calorem
1813 1119 1842 1171 ct
1851 1114 1895 1171 lu·

266 1198 355 1255 latere
369 1199 513 1270 suspicor,
528 1202 557 1256 et
568 1196 692 1256 tortasse
703 1198 790 1256 valde
802 1199 841 1256 ad
851 1199 1003 1256 veritatem
1012 1213 1061 1258 ac·
1102 1208 1166 1250 cem
1175 1198 1238 1252 erat
1248 1196 1380 1254 daturus.
1394 1195 1482 1256 lllum
1492 1196 1601 1254 creavit
1613 1211 1752 1254 unacum
1763 1196 1896 1254 malecu-

267 1281 344 1339 cedit
356 1283 524 1353 conjectura
534 1281 685 1354 augustini
695 1282 728 1341 ln
736 1283 816 1354 oper.
827 1285 943 1359 imperf.
954 1283 1058 1345 indeo.
1101 1276 1139 1336 lis
1150 1277 1409 1351 ponderabilibus,
1422 1279 1558 1352 interque
1570 1279 1624 1338 nas
1636 1283 1666 1338 et
1676 1280 1775 1354 ipsum
1789 1284 1894 1338 attrec-

268 1364 366 1422 Dicam
387 1365 472 1437 quod
493 1365 614 1422 sentio:
639 1367 692 1423 sed
714 1382 812 1422 meam
832 1365 1006 1424 sententiam
1025 1379 1061 1424 en
1102 1360 1896 1435 tionislcgemconmeerit.lloiuerinttracticnlsrether

267 1453 365 1505 mente
376 1446 526 1520 proteram
535 1456 585 1518 ut,
596 1451 697 1506 utrum
709 1445 1060 1525 eaprobabllisbnhenda
1102 1444 1283 1506 monadibus
1296 1461 1349 1502 seu
1362 1445 1516 1506 moloculie
1529 1445 1587 1506 illie
1597 1462 1628 1504 sa
1639 1446 1850 1518 coniungebat,
1858 1463 1895 1505 ex

267 1533 424 1605 sitneene,
437 1531 474 1590 iis
488 1531 714 1606 diiudicandum
730 1533 898 1605 relinquam
911 1533 964 1607 qui
980 1536 1008 1589 et
1022 1533 1060 1590 de
1103 1541 1165 1600 qun
1180 1527 1387 1600 conjunctione
1409 1543 1459 1586 eas
1480 1529 1674 1602 proprietates
1692 1528 1750 1594 ilio
1769 1532 1895 1604 accipie·

267 1614 384 1672 biblieis
403 1620 433 1674 ct
452 1616 491 1674 de
510 1616 642 1690 physicis
664 1615 754 1674 rebus
769 1616 901 1688 judicare
922 1619 1059 1689 possunt.
1103 1607 1192 1683 bant,
1205 1611 1324 1686 quasin
1337 1611 1443 1674 atomis
1457 1612 1811 1688 simpliciomcorpcrutc
1825 1615 1896 1688 chy·

267 1705 353 1773 Eam,
367 1707 400 1759 ut
409 1705 499 1776 puto,
513 1704 756 1776 chrysostomus
770 1701 948 1774 Theophilus
961 1700 1061 1758 Antio-
1103 1694 1172 1755 miei
1183 1695 1276 1756 modo
1286 1699 1400 1756 notam.
1423 1697 1493 1760 illoc
1507 1696 1626 1768 agitatio
1643 1697 1695 1762 illa
1708 1697 1895 1762 melonularie

269 1785 379 1844 chenus
388 1791 417 1844 et
429 1787 622 1859 Augustinus,
634 1788 660 1846 sl
672 1787 764 1844 modo
774 1787 920 1852 viverent,
934 1800 997 1844 non
1005 1784 1061 1844 ad·
1104 1777 1174 1836 Oriri
1186 1777 1328 1852 debellet,
1342 1795 1410 1854 tium
1419 1779 1549 1843 colorem
1559 1797 1721 1856 conpotum
1733 1782 1894 1854 constituit,

269 1870 395 1926 modam
410 1869 620 1942 improbarent.
1103 1862 1157 1937 qui
1170 1862 1261 1931 calor,
1277 1864 1415 1938 quamvis
1428 1863 1468 1922 ad
1480 1880 1550 1927 eum
1568 1866 1694 1936 madum
1711 1881 1774 1930 nou
1793 1881 1895 1939 perro·

305 1953 454 2025 Pleraque
472 1952 720 2026 philosophorum
740 1955 849 2012 scholae
866 1957 930 2011 turn
947 1959 1060 2016 veteres
1103 1944 1193 2006 nisset
1205 1950 1238 2002 ut
1250 1947 1428 2020 corpuscula
1440 1947 1492 2006 ille
1513 1947 1604 2020 ignita
1616 1953 1645 2008 et
1664 1947 1812 2014 luminosa
1830 1949 1894 2012 otti·

269 2040 333 2093 tum
347 2035 522 2093 recentiores
539 2037 701 2107 generatim
714 2053 860 2110 agnovere
875 2038 1061 2101 existentiam
1103 2033 1195 2102 corel,
1217 2030 1283 2088 talis
1305 2035 1403 2090 lamen
1421 2037 1500 2103 erni,
1519 2037 1552 2090 ui
1576 2033 1723 2106 quosdam
1744 2033 1894 2108 chimilino

270 2124 354 2180 ocrim
367 2119 522 2190 cuiusdam
536 2121 718 2191 substantiis,
732 2122 1061 2198 utiquecorporeeevc-
1103 2114 1337 2177 combinationes
1361 2116 1435 2174 inter
1452 2115 1517 2189 ipsa
1532 2117 1721 2190 produceret.
1744 2118 1843 2184 sinum
1860 2134 1895 2180 an

269 2218 336 2262 rum
345 2218 456 2274 crassa,
470 2204 641 2276 ponderosa
649 2205 831 2262 ctordinaria
840 2204 961 2262 materia
971 2205 1061 2276 longe
1104 2212 1171 2271 qun
1179 2199 1388 2270 beteroganee
1398 2203 1481 2258 erunt
1493 2203 1605 2261 aarum
1617 2199 1657 2266 ad
1669 2204 1838 2267 nonientana
1847 2218 1895 2264 aer

271 2286 444 2362 subtilioris,
457 2303 511 2343 nec
524 2301 631 2366 parurn
644 2285 683 2343 ab
692 2303 728 2344 eu
741 2287 874 2358 diversae,
884 2303 962 2364 quae,
975 2293 1008 2344 ut
1020 2290 1062 2346 ita
1103 2282 1247 2343 cederent.
1262 2282 1382 2362 Absque
1391 2283 1789 2360 hoaviviocmtapriacipio,
1802 2285 1835 2348 in
1844 2286 1896 2348 ille

272 2370 385 2439 dicam,
399 2372 498 2426 minus
512 2369 669 2426 materialis
683 2385 751 2426 cum
765 2369 816 2439 sit,
829 2369 948 2442 spiritus
960 2371 1061 2446 appel·
1104 2366 1249 2426 immensa
1274 2367 1489 2430 molocularum
1516 2368 1674 2439 congerie,
1700 2368 1896 2442 probabiliter

272 2456 380 2512 latione
392 2455 486 2528 magis
500 2455 591 2525 digna
604 2457 656 2510 cst.
670 2455 733 2510 lloec
748 2469 890 2526 magnum
900 2469 1016 2530 semper
1030 2455 1061 2517 in
1104 2447 1187 2506 nulla
1196 2449 1481 2523 chymieaeiiluitas,
1491 2451 1626 2518 autiners
1635 2452 1794 2518 haerieen
1804 2455 1904 2519 reluti‘

271 2540 401 2614 physicis
410 2554 541 2595 exercere
549 2537 810 2596 induxumcredita
820 2538 967 2598 esi.llodo
975 2539 1062 2596 oethc-
1105 2535 1221 2595 mortua
1238 2549 1276 2592 ox
1297 2533 1401 2600 caloris
1421 2533 1536 2598 deiectu
1553 2534 1666 2602 inisset.
1687 2538 1819 2602 Fortesm
1841 2554 1895 2598 aaa

272 2623 329 2692 ris,
344 2623 435 2680 modo
448 2621 524 2694 ignis
533 2622 664 2690 nornine,
676 2622 839 2696 aliquando
853 2623 981 2682 materiae
992 2622 1062 2682 sub·
1104 2615 1224 2676 eiieetus
1237 2618 1321 2691 sequi
1338 2621 1475 2692 poterant
1488 2618 1661 2686 universalis
1673 2621 1894 2693 gestationis,

272 2705 346 2777 tilis,
361 2710 412 2762 aut
424 2707 512 2762 ctiam
526 2705 614 2776 lueis,
631 2706 737 2762 caloris
758 2711 808 2762 aut
824 2705 907 2762 fluidi
922 2702 1061 2779 electricl,
1101 2699 1185 2772 juxis
1197 2699 1386 2772 hypothesim
1399 2702 1442 2765 cl.
1460 2703 1588 2768 liossotii
1604 2703 1654 2777 (3,),
1671 2705 1725 2778 ori
1738 2703 1777 2768 ob
1790 2709 1896 2767 otheo-

273 2805 388 2864 semper
408 2789 440 2846 in
454 2803 572 2845 scenam
589 2789 679 2858 redit,
698 2804 751 2844 nee
770 2789 854 2845 lacile
868 2805 884 2845 c
898 2804 998 2845 rerum
1009 2805 1062 2847 na·
1104 2782 1183 2842 tione
1194 2783 1269 2844 iuter
1281 2785 1441 2852 molooniae
1454 2785 1663 2860 ponderabiiae
1682 2792 1711 2855 ct
1727 2787 1896 2854 eleehioum

272 2880 410 2931 tumeam
419 2873 695 2948 possuntexpcllere
705 2873 756 2946 qui
765 2872 990 2948 ponderabilem
999 2876 1062 2930 tan·
1104 2867 1250 2938 oethcrem,
1265 2869 1465 2940 gravitationis
1483 2869 1577 2940 legem
1594 2872 1785 2944 repetendam
1797 2879 1893 2946 putet.

272 2961 336 3013 tam
356 2955 508 3012 maurium
530 2956 635 3012 volunt
657 2956 825 3028 adrnitterc3
849 2971 936 3026 nam,
956 2960 1062 3022 natura
1104 2951 1203 3026 igitur,
1216 2967 1313 3026 quum
1334 2953 1425 3020 endio
1441 2954 1601 3028 sspiritum
1621 2956 1849 3024 Daimoveptepr
1863 2973 1894 3017 se

273 3039 412 3108 ducente,
427 3055 462 3095 ea
474 3054 569 3112 nsque
588 3039 719 3094 recurrit.
739 3039 804 3095 Sine
817 3039 887 3107 hac,
902 3055 928 3094 e.
941 3054 971 3110 g.
987 3039 1062 3096 lucie
1104 3049 1193 3108 super
1203 3050 1297 3108 oqnns
1302 3055 1336 3106 ,r
1348 3052 1400 3096 scu
1412 3037 1601 3104 incubantem
1608 3053 1697 3112 snper
1707 3055 1811 3114 aqum,
1823 3057 1896 3101 oon,

274 3119 1062 3194 effectusquomodointelliguntorrnecentioresnano
1103 3114 1252 3183 torentem
1271 3119 1534 3183 sermocinantem
1550 3121 1807 3195 illas,iuteliigere
1824 3141 1896 3200 poe·

273 3203 466 3260 substantiam
493 3205 644 3288 appellant
670 3205 808 3270 omnem,
836 3219 929 3286 quem
957 3218 1061 3261 rocem
1104 3202 1262 3263 sumhnnc
1278 3203 1433 3275 artberem,
1452 3205 1556 3279 utique
1573 3221 1767 3280 corporeum,
1786 3209 1896 3274 nate

273 3287 362 3344 Graeci
375 3287 571 3358 adhibebant,
585 3303 711 3360 eamque
723 3286 817 3343 abhis
832 3289 994 3342 mutuatam
1004 3288 1062 3342 Lu·
1104 3285 1214 3344 unitata
1228 3301 1263 3348 no
1273 3287 1305 3344 vi
1316 3303 1379 3349 sum
1392 3287 1677 3361 prestantissiuurn.
1690 3307 1752 3364 ‘1¹¹0
1767 3297 1896 3360 §omnio

274 3371 380 3424 cretius
391 3374 420 3426 et
431 3369 541 3432 Tullius
554 3383 679 3426 romana
692 3367 806 3434 civitate
820 3367 979 3425 donarunt.
994 3367 1062 3425 (tvl-
1104 3382 1247 3440 corporea
1260 3369 1445 3434 conducatur
1457 3374 1486 3432 et
1498 3377 1688 3442 moventem
1701 3375 1754 3446 qui
1767 3377 1896 3444 rtatim

274 3447 342 3506 dius
353 3451 394 3507 lta
406 3466 475 3508 eum
488 3451 625 3512 describit
639 3449 699 3526 (tic
1105 3450 1251 3510 creatione
1269 3465 1361 3524 supra
1381 3451 1556 3520 immensam
1574 3453 1658 3522 iilam
1678 3456 1894 3527 malcomum

519 3575 638 3638 flentum
651 3580 675 3626 et
686 3576 797 3639 mutate
810 3581 924 3630 mmnhm
1105 3532 1272 3626 9⁰⁰⁸⁰ri⁰m
1288 3533 1605 3630 m⁰v⁰b⁸u¹³fl³¹i²il¹¹⁶
1622 3539 1819 3612 enuntiabat,
1838 3546 1893 3617 ani

334 3645 437 3710 nina,
452 3657 495 3698 nec
508 3646 631 3708 quaquam
643 3649 737 3698 terrena
750 3644 816 3704 iacis
829 3647 957 3703 hanaen.
1104 3613 1249 3674 muham
1261 3631 1352 3712 'um
1364 3621 1525 3681 mmmm
1537 3635 1697 3714 ⁰9¹P⁰²¹¹ffi
1709 3623 1895 3698 “militibus

1104 3711 1166 3769 quo
1175 3699 1267 3762 modo
1276 3699 1316 3766 nd
1324 3701 1578 3766 insterarolucrrs
1588 3704 1747 3772 oreealore
1756 3708 1893 3776 enim,

273 3787 376 3843 ltostro
389 3797 453 3840 oevo
467 3779 556 3859 optlcl
571 3778 690 3836 enectus
701 3782 875 3840 omnestum
883 3779 1060 3858 luminosos,
1103 3779 1141 3839 tis
1151 3799 1167 3834 a
1178 3779 1203 3853 i,
1220 3797 1256 3844 ee
1267 3781 1445 3848 conterebat
1461 3787 1490 3848 et
1506 3783 1709 3857 importabat,
1728 3788 1893 3862 griponem

273 3873 336 3925 tum
350 3865 514 3923 ealorlfleos
525 3867 553 3920 et
571 3862 722 3936 ehymicos
739 3861 893 3918 radiorum
911 3861 972 3918 sive
990 3864 1061 3925 solie
1103 3863 1238 3934 proxime
1248 3863 1392 3924 elementa
1401 3866 1440 3931 nd
1451 3869 1669 3937 generationem
1677 3871 1847 3942 mimium.
1862 3880 1894 3942 ei

274 3951 333 4007 slve
347 3951 473 4010 aliorum
487 3962 646 4022 corporum
653 3987 663 4017 ,
672 3945 711 4004 ch
721 3945 783 4018 eius
790 3944 1005 4010 vibrationibus
1016 3963 1061 4004 re·
1103 3950 1214 4005 remote
1227 3945 1267 4004 ad
1279 3947 1457 4018 regetalium
1469 3949 1688 4020 generationem
1705 3957 1734 4020 at
1749 3955 1787 4022 ap
1798 3955 1892 4026 vitm

271 4036 370 4107 peiere
392 4031 496 4089 solent.
521 4027 675 4086 Probabile
694 4043 816 4106 quoque
834 4032 891 4099 cst,
910 4044 979 4086 eum
997 4033 1061 4094 eta
1103 4027 1276 4094 animalium
1286 4028 1433 4098 mendam
1445 4033 1493 4095 lisa
1506 4046 1611 4103 voces,
1624 4034 1804 4108 «incubare,
1817 4054 1892 4108 cop.

272 4109 990 4192 tluldoeleetrleonondillerre‚qulnonmodcin
1004 4127 1060 4168 nu·
1103 4108 1218 4180 lovere,
1231 4111 1443 4183 ioecundarc,»
1464 4113 1508 4174 uti
1527 4115 1651 4187 spiritali
1670 4133 1758 4186 nemu
1779 4107 1893 4192 (epum,

272 4194 357 4252 biam
365 4195 483 4266 regione
495 4194 635 4253 omnibus
646 4209 707 4250 sese
720 4192 884 4250 manifestat
897 4195 930 4251 ut
942 4195 1059 4268 spiritus
1103 4191 1221 4263 Spiritui
1231 4195 1336 4260 Sancto
1346 4195 1539 4268 conveniunt,
1551 4197 1591 4263 ita
1604 4213 1692 4268 mega
1705 4201 1799 4274 magis
1813 4202 1892 4274 pue,

270 4280 448 4351 procellarum
467 4278 519 4352 (ἓ),
536 4277 588 4334 sed
603 4278 634 4334 in
647 4277 731 4334 nullo
751 4292 813 4333 non
833 4276 980 4334 iuvenitur
993 4291 1059 4334 cor·
1102 4273 1193 4332 tabet
1205 4276 1326 4348 proprio
1340 4279 1440 4339 etheri
1453 4277 1496 4343 illi
1507 4287 1684 4352 congruunt,
1697 4284 1750 4358 qul
1761 4289 1891 4358 wimeri

272 4374 359 4434 pore,
373 4365 402 4418 ct
419 4360 579 4418 maximam
594 4375 662 4428 curn
678 4358 866 4433 ponderabiil
880 4360 1001 4418 materia
1014 4364 1059 4415 et·
1102 4371 1236 4430 unquam
1247 4359 1345 4430 aliud,
1361 4360 1469 4430 dignus
1482 4366 1544 4428 erat
1556 4367 1589 4432 ut
1602 4364 1694 4432 diripi
1707 4359 1830 4438 Spiritu„
1842 4371 1890 4438 ῃ,

271 4441 443 4512 tractionem
456 4442 577 4513 hebere,
590 4447 619 4498 et
629 4443 723 4513 magis
738 4443 874 4499 minusve
887 4457 956 4502 cum
970 4442 1058 4498 varim
1102 4439 1245 4506 afficeres
1258 4441 1354 4513 figure
1364 4446 1393 4500 et
1406 4448 1495 4516 typus
1509 4445 1665 4512 natisioni-
1680 4448 1774 4518 iudei
1786 4465 1891 4522 aaron

271 4531 383 4583 nature
400 4525 553 4588 moloculis
572 4525 687 4584 ridetur
704 4524 859 4597 conjungi,
872 4523 1004 4582 tribuens
1024 4523 1057 4579 il·
1103 4526 1165 4586 lum
1176 4539 1270 4596 quum
1284 4525 1347 4588 nme
1361 4526 1546 4592 erasissem
1555 4526 1733 4600 legirupam!
1745 4547 1807 4600 m
1818 4535 1891 4604 nm

202 4631 205 4648 ·
271 4609 307 4665 lis
320 4608 587 4682 electroehymicas
600 4606 791 4690 proprietates
804 4621 869 4678 eas,
881 4606 991 4690 quibus
1004 4620 1058 4662 va·
1102 4605 1287 4678 adequetam
1305 4606 1402 4674 ideam
1419 4608 1508 4679 liujus
1526 4609 1778 4687 attenderimus
1795 4615 1890 4684 trabe.

270 4691 315 4750 ria
334 4706 460 4770 corpora
478 4688 559 4748 varia
574 4687 687 4746 ratione
705 4687 846 4745 instructa
864 4703 895 4744 se
914 4689 1056 4764 produnt.
1100 4685 1286 4752 hantoniam
1299 4695 1487 4761 conceptamr
1501 4705 1604 4758 rerum
1622 4696 1650 4748 et
1666 4689 1723 4764 ipsi
1738 4695 1837 4766 pgffloq
1852 4699 1891 4768 ῃ,
1935 4691 1940 4702 ’

271 4774 388 4846 Absque
414 4772 471 4829 hoc
492 4772 598 4828 oethere
619 4771 815 4843 phaenomena
836 4771 942 4827 mundi
965 4771 1058 4842 expli·
1100 4768 1278 4836 inminentes
1287 4776 1315 4828 et
1328 4772 1527 4837 calefacientes
1538 4772 1633 4834 carrlia
1643 4791 1791 4851 mutilum
1802 4795 1890 4849 ntur«

270 4873 354 4926 care,
367 4854 427 4912 iere
440 4855 520 4910 idem
538 4868 642 4910 censeo
660 4869 695 4908 ue
713 4852 911 4924 pbaenomcna
927 4853 1057 4911 hominis
1099 4853 1212 4926 pahant
1224 4871 1231 4908 :
1245 4854 1381 4926 adeoque
1389 4861 1418 4914 et
1426 4856 1482 4929 ipsi
1492 4856 1632 4924 subtilem
1640 4861 1803 4930 quemdam
1813 4863 1889 4930 gub,

270 4939 414 5014 explicare
433 4935 523 5009 velle,
541 4936 614 5008 quin
632 4935 747 4991 animus
765 4934 945 4991 admittatur.
959 4935 1058 4992 Enim·
1100 4935 1250 5004 stantiam,
1262 4951 1355 5007 equas
1368 4937 1434 4996 illas
1447 4938 1609 5010 primitivas
1617 4947 1794 5014 moventem,
1810 4945 1889 5016 erig.

269 5033 340 5079 vero
362 5019 478 5074 videtur
500 5018 590 5074 aether
610 5017 658 5080 bic
681 5017 771 5074 velnil
796 5018 901 5082 mundi
921 5019 1056 5090 corporei
1099 5014 1887 5096 facientemautioeeupdaatemmliquparpdoimqug,

301 5162 336 5227 iti
352 5163 544 5221 metamorphos..
558 5161 603 5212 aa
615 5161 633 5224 r,
647 5173 710 5211 vers.
723 5163 762 5218 tr.
1099 5104 1323 5172 serenotermt.

300 5233 337 5298 (ti
347 5232 410 5302 'Can
422 5233 486 5294 Ang.
499 5231 593 5280 Bellani
607 5231 711 5302 loquens
724 5231 755 5288 dc
766 5229 841 5283 natm
852 5229 985 5292 electrleo,
999 5229 1054 5282 alt:
1131 5231 1162 5292 (iti
1175 5231 1302 5297 hlossctti,
1315 5239 1362 5282 Sar
1374 5237 1408 5284 tes
1417 5237 1673 5300 tormentarium
1685 5241 1711 5288 to
1725 5245 1887 5296 coratltmion

271 5304 383 5364 «Questo
392 5300 470 5354 iluldo
479 5302 532 5351 cosi
542 5301 652 5362 attivo...
665 5300 760 5354 iosono
770 5301 866 5352 indotto
877 5299 1056 5366 ariguardarlc
1097 5301 1227 5350 taetricum
1235 5303 1278 5352 der
1286 5316 1364 5361 corps.
1377 5305 1462 5366 Turia,
1472 5309 1662 5373 tatu-idem,
1673 5311 1817 5373 Protogene
1825 5317 1887 5379 terr.

269 5386 315 5438 per
327 5374 351 5422 lo
359 5369 447 5436 spirito
460 5369 524 5421 delle
533 5370 649 5438 procelle,
662 5370 688 5420 di
700 5371 740 5424 cui
749 5369 853 5488 parma
866 5370 889 5420 le
897 5382 965 5430 sacre
978 5369 1056 5420 Scrit·
1098 5372 1264 5490 ztits'ffitga
1278 5375 1399 5425 deterreo
1414 5377 1443 5424 di
1459 5379 1531 5426 mdc.
1545 5387 1640 5429 mun.
1661 5377 1721 5429 dett'
1731 5386 1839 5444 naim
1858 5386 1888 5445 gt
