4118 6042
276 223 330 282 tua
774 218 1017 283 consalutata
1034 225 1068 284 ut
1086 219 1241 298 modun,
1259 241 1324 286 cte.
1343 225 1409 286 XXI.

309 328 403 386 Porro
414 327 570 387 vensimiia
583 343 706 403 prorsus
719 332 763 387 est
775 329 963 388 Salomonem
976 331 1016 388 ita
1029 331 1071 389 le·
1112 333 1242 392 verenda
1252 334 1428 404 sacerdotis,
1442 345 1528 408 aeque
1542 345 1577 392 ac
1593 334 1626 392 in
1639 333 1788 407 madibus
1802 333 1921 391 almis

276 415 338 486 tos,
351 415 463 472 vicinos
477 420 504 472 et
518 415 670 489 appositos
688 413 790 472 iecisse
808 413 865 472 hos
887 416 985 474 altaris
1005 433 1070 488 gra-
1147 417 1218 474 lliuc
1240 417 1331 474 altare
1352 417 1460 474 dicitur
1481 417 1521 474 ab
1545 417 1715 490 altitudine,
1735 419 1777 475 ait
1797 419 1922 486 Festus,
1961 437 2019 483 uu

276 497 349 566 dus,
363 497 680 554 utsacerdotinullum
694 497 725 554 in
739 499 780 555 eis
794 503 869 556 esset
882 499 1069 574 cadendipe-
1112 501 1198 574 quasi
1220 501 1280 558 alte
1302 517 1363 558 ara.
1378 503 1493 557 Veteres
1510 501 1591 557 enim
1612 501 1670 558 diis
1688 501 1810 575 superis
1832 500 2018 557 sennim

274 579 457 651 ticulum,et
476 579 500 636 si
520 597 582 654 quo
605 597 676 638 casu
699 581 867 652 cecidisset,
886 597 948 638 non
970 587 1069 640 umen
1111 581 1258 641 iaciebant
1271 585 1302 640 in
1316 583 1570 641 editiciisaterra
1590 584 1743 654 exaltatis,
1763 584 1828 642 diis
1845 563 1957 640 mo*
1988 574 2017 606 '²

274 663 433 720 revelanda
445 661 534 720 luisse
547 663 610 735 ejus
621 665 761 736 verenda,
771 681 826 722 neo
836 682 853 722 a
864 666 979 740 populo
990 668 1069 724 cerni
1111 667 1297 723 terrestribus
1311 683 1395 724 sacra
1407 666 1555 724 iaciebant
1565 669 1596 724 in
1610 673 1698 738 terra,
1711 669 1769 726 diis
1782 667 1923 741 denique

273 745 415 818 potuisse,
431 747 578 818 maduum
592 748 788 822 amplitudine
806 765 876 804 eum
894 749 1067 820 obtegente,
1110 748 1306 806 internatibus
1320 767 1403 807 sacra
1415 750 1564 808 faciebant
1574 753 1605 808 ia
1618 751 1728 809 effossa
1741 755 1834 808 terra

274 833 303 885 et
323 828 421 885 visum
442 831 548 904 populi
570 831 754 888 excludente.
778 833 909 906 lienique
931 833 1067 890 nonnulli
1145 833 1324 906 allegorice,
1339 835 1371 891 in
1393 837 1438 892 SS.
1453 835 1589 892 trinitate
1602 836 1678 892 nulli
1703 833 2015 910 inaequalitatinanq.¹

273 911 337 968 boee
359 911 426 970 loce
446 914 487 970 ita
506 915 678 987 conciliant,
694 918 728 970 ut
750 915 850 972 dicant
873 916 963 972 altare
986 915 1068 973 Salo·
1110 917 1221 986 medus
1235 923 1305 975 sunt
1318 918 1533 988 constituendi,
1547 920 1590 975 uti
1602 919 1670 976 tecit
1683 919 1784 990 Arius,
1801 919 1922 975 docens
1933 927 1963 959 ²

273 995 371 1053 monis
384 998 504 1070 precise
518 1003 670 1071 sumptum
684 999 773 1055 trium
787 1003 902 1056 tautum
915 998 1004 1056 luisse
1018 1015 1068 1056 cu·
1110 999 1215 1056 lilium
1235 1017 1297 1057 esse
1319 1003 1465 1058 minorem
1481 1003 1576 1071 Patre,
1592 1019 1626 1060 ec
1641 1003 1851 1071 ltacedcnius,
1867 1019 1922 1058 ne·

274 1077 405 1139 bitonum
431 1081 613 1154 altitudinis,
634 1085 677 1140 uti
701 1081 756 1140 luit
781 1084 960 1152 ltosaicum,
984 1083 1066 1141 ideo·
1109 1097 1183 1154 gaus
1205 1083 1389 1140 divinitatem
1413 1083 1536 1157 Spiritus
1555 1087 1652 1142 Sancti
1674 1103 1682 1142 r
1705 1087 1737 1143 bi
1760 1101 1837 1157 ergo
1862 1099 1922 1158 per

274 1181 333 1238 que
347 1165 447 1224 nullos
460 1165 600 1224 habuisse
615 1167 740 1240 medus,
755 1167 867 1240 quibus
880 1167 919 1222 ad
933 1166 1008 1223 illud
1022 1183 1067 1222 as
1109 1167 1220 1236 gradus
1235 1167 1430 1224 ascenderunt
1449 1167 1488 1224 ad
1503 1167 1609 1239 altare,
1623 1169 1655 1225 id
1668 1171 1712 1225 est
1719 1211 1730 1240 ,
1743 1169 1785 1226 ad
1799 1169 1920 1237 Deum,

156 1250 261 1298 ωτι-
274 1247 456 1307 cenderetur.
478 1249 587 1306 Dicitur
606 1257 705 1308 tamen
724 1250 755 1306 in
776 1252 977 1320 Paralipomen.
1000 1253 1067 1307 octo
1109 1249 1237 1322 ideoque
1251 1266 1268 1306 a
1281 1253 1339 1306 Deo
1354 1251 1452 1322 rejecti
1465 1256 1495 1308 et
1508 1252 1659 1325 reprobati
1673 1257 1754 1310 sunt.

167 1313 251 1420 ἢ
273 1331 364 1388 luisse
385 1333 554 1390 cubitorum
573 1333 750 1403 altitudinis,
769 1333 793 1390 si
816 1331 952 1389 videlicet
976 1332 1066 1389 altare
1144 1333 1336 1406 tropologice
1359 1351 1366 1388 :
1389 1337 1450 1391 oln
1466 1334 1550 1390 altari
1570 1336 1668 1393 cordis
1684 1335 1727 1392 tui
1740 1351 1806 1392 nou
1820 1333 2016 1400 faciasne:-

273 1433 426 1476 mensures
453 1435 522 1474 cum
550 1418 611 1476 suis
639 1417 929 1487 substructionibus,
955 1416 1066 1490 quibus
1109 1417 1231 1488 gradus,
1245 1417 1275 1472 id
1290 1418 1629 1486 est,noue1tollarisde
1643 1419 1918 1492 tuisproiectibus,
1935 1416 2009 1488 aas.

272 1501 359 1576 quasi
371 1501 494 1559 basibus
513 1499 718 1571 incumbebat,
733 1504 761 1558 et
779 1515 869 1573 supra
888 1515 964 1572 quos
984 1516 1067 1571 mag·
1108 1500 1222 1574 alioqui
1245 1501 1424 1557 revelabitur
1448 1502 1603 1576 turpitudo
1625 1505 1691 1574 tua,
1711 1502 1784 1574 quia
1808 1485 2015 1594 super-w

272 1585 358 1644 uiilce
376 1583 534 1642 eminebat.
556 1587 650 1653 Quare
668 1584 706 1641 ad
728 1585 808 1658 ipsas
832 1583 1066 1640 substructiones
1108 1583 1190 1640 biorn
1212 1585 1318 1640 mentis
1337 1586 1494 1641 comitatur
1507 1585 1688 1642 contumelia
1703 1585 1822 1656 earnis,
1836 1607 1853 1640 ι
1871 1601 1920 1642 m-
1943 1603 2002 1644 ωιι

271 1686 325 1743 per
337 1669 447 1742 gradus
460 1669 617 1726 ascendere
633 1668 804 1742 oportebat,
818 1685 853 1724 ex
872 1667 1066 1725 substructio·
1108 1667 1173 1740 quit
1193 1671 1349 1741 ltupertus.
1370 1669 1449 1725 Solet
1467 1669 1547 1725 enim
1568 1671 1644 1725 [leus
1665 1668 1844 1742 superbiam
1858 1686 1919 1744 pu·

270 1837 414 1910 gradibus
428 1853 490 1896 non
505 1842 567 1894 erat
581 1853 667 1910 opus.
683 1837 739 1893 Sed
762 1841 794 1892 ut
813 1837 870 1893 hoc
889 1853 993 1892 verum
1008 1837 1064 1906 sit,
1107 1837 1168 1892 tam
1182 1835 1357 1909 pudendam
1371 1839 1400 1892 et
1412 1837 1605 1910 probrosam,
1620 1853 1651 1893 se
1665 1851 1815 1910 suamque
1828 1837 1919 1895 indr-

270 1921 334 1980 beo
356 1921 511 1998 responsio
534 1937 595 1979 non
618 1921 707 1978 evitat
729 1919 934 1978 difficultatem
956 1935 1063 1978 causae.
1107 1919 1239 1976 mitatem
1253 1925 1425 1994 agnoscant,
1435 1925 1464 1980 et
1476 1920 1669 1979 humilientur
1682 1920 1735 1994 qui
1747 1920 1841 1978 nimis
1852 1921 1920 1979 alta

270 2008 343 2064 itam
356 2007 387 2064 ln
401 2005 543 2080 gradibus
558 2005 783 2062 substructionis
793 2005 960 2078 potuissent
970 2003 1064 2060 videri
1109 2003 1146 2061 de
1161 2020 1192 2062 se
1206 2005 1371 2078 sapiebant.

633 2341 837 2448 CAPUT
876 2341 1238 2448 VIGESIMUM
1273 2343 1537 2450 PRIMUM.

882 2581 1090 2646 SYNOPSIS
1109 2582 1289 2646 caetris,

269 2781 356 2840 tore
369 2781 401 2836 in
416 2780 484 2838 stne
497 2795 516 2836 a
530 2779 584 2836 Deo
600 2778 700 2850 occipit
714 2777 849 2848 prerepto
860 2775 1010 2846 iudicatio
1023 2778 1094 2832 cirea
1107 2791 1193 2833 sevos
1211 2780 1239 2832 et
1256 2777 1381 2840 mattas,
1398 2777 1469 2832 circa
1481 2777 1570 2844 peda,
1587 2775 1750 2843 tordeidia.
1763 2782 1914 2850 poeentm

303 2877 448 2936 recidito
460 2881 487 2934 et
499 2878 594 2942 ricae:
607 2892 651 2940 oc,
668 2890 736 2932 aas.
751 2875 787 2930 tt
801 2876 828 2930 et
840 2889 905 2946 seq„
922 2875 974 2940 tert
989 2875 1098 2930 talionis
1112 2875 1194 2944 leuem
1208 2877 1262 2930 tam
1277 2875 1381 2930 bomini
1397 2873 1520 2940 laedenti,
1537 2889 1614 2946 prem
1628 2875 1690 2930 boui
1701 2879 1861 2948 concapetoe.

268 2977 352 3036 iloto.
371 2978 447 3034 Sicut
464 2977 553 3047 capite
566 2973 730 3046 precedenti
750 2973 844 3028 sarmit
863 2974 933 3028 Dura
950 2975 1086 3043 precepta
1104 2973 1232 3036 madio,
1249 2973 1318 3042 puta
1336 2973 1507 3042 desolamini,
1524 2972 1632 3028 ita-boc
1650 2973 1739 3044 capite
1757 2976 1785 3028 ei
1803 2973 1911 3029 ductare

304 3073 476 3149 sequentibus
490 3075 578 3130 sancit
593 3075 728 3145 precepto
734 3070 900 3141 iudicialiter
915 3071 1003 3141 eapite
1023 3083 1084 3126 uero
1096 3069 1147 3139 25,
1162 3072 1189 3125 et
1201 3069 1319 3140 quinque
1332 3068 1501 3140 sequentibus
1515 3071 1602 3124 surdi
1613 3072 1823 3137 memorante,
1837 3075 1911 3144 praa

302 3175 435 3244 sciffena
449 3171 614 3230 ulmeus·
620 3213 629 3236 ‚
645 3174 672 3226 et
684 3171 778 3226 catera
789 3183 849 3242 quc
862 3183 891 3225 ec
903 3171 1032 3240 spectauit.

314 3371 344 3438 1.
360 3371 439 3440 llaec
452 3376 531 3438 sunt
540 3367 665 3458 judicia
677 3391 753 3458 quae
767 3387 928 3457 propones
941 3366 998 3434 eis.
1016 3367 1048 3434 2.
1065 3359 1102 3432 Si
1116 3363 1234 3431 emeris
1247 3385 1380 3432 servum
1395 3363 1590 3448 Hebraeum,
1605 3387 1662 3434 sex
1676 3365 1772 3435 annis
1785 3369 1907 3440 serviet

269 3477 348 3562 tibi;
367 3478 403 3544 in
417 3475 555 3565 septimo
574 3473 760 3561 egredietur
772 3473 857 3540 liber
869 3472 982 3560 gratis.
1003 3473 1036 3540 3.
1057 3471 1140 3538 Cum
1155 3470 1248 3560 quali
1262 3479 1350 3538 veste
1365 3469 1553 3556 intraverit,
1574 3495 1650 3540 cum
1664 3473 1723 3540 tali
1736 3483 1832 3542 exeat
1847 3501 1855 3542 :
1875 3477 1905 3545 si

267 3583 389 3651 habens
402 3601 558 3662 uxorem,
579 3585 611 3644 et
629 3599 714 3644 uxor
733 3577 919 3664 egredietur
937 3577 1050 3644 simul.
1071 3575 1105 3642 1.
1126 3575 1186 3642 Sin
1201 3583 1310 3643 autem
1325 3575 1480 3644 domiuus
1492 3576 1618 3644 dederit
1631 3579 1682 3645 illi
1696 3602 1851 3666 uxorem,
1871 3590 1904 3650 et

268 3686 428 3780 pepererit
441 3685 528 3750 lilios
542 3691 573 3748 et
587 3681 691 3764 filins,
711 3681 831 3748 mulier
845 3690 877 3747 et
890 3681 986 3748 liberi
1001 3681 1072 3770 ejus
1086 3692 1184 3749 erunt
1196 3681 1323 3749 domini
1343 3683 1416 3768 sui;
1437 3682 1505 3774 ipse
1524 3705 1602 3750 vero
1615 3685 1720 3752 exibit
1737 3708 1814 3753 cum
1831 3709 1901 3756 ves-

267 3797 328 3863 titu
341 3816 412 3862 suo.
428 3791 462 3860 5.
476 3789 571 3869 Quod
584 3789 612 3854 si
624 3787 743 3856 dixerit
755 3809 888 3854 servus:
905 3787 1014 3875 Diligo
1028 3789 1199 3856 dominum
1211 3811 1322 3856 meum
1333 3795 1366 3854 et
1376 3811 1513 3856 uxorem
1528 3811 1565 3856 ac
1577 3789 1715 3876 liberos,
1730 3813 1800 3860 nou
1811 3815 1903 3881 egre·

264 3901 337 3969 dier
349 3899 445 3983 liber,
461 3897 494 3964 6.
511 3895 625 3964 offeret
638 3917 715 3963 eum
730 3893 884 3961 dominus
897 3893 977 3978 diis,
996 3901 1030 3960 et
1046 3892 1265 3985 'applicabitur
1277 3895 1320 3962 ad
1333 3895 1455 3962 ostium
1468 3903 1500 3962 et
1513 3903 1636 3987 postes,
1656 3897 1902 3990 perforabitque

264 4029 378 4076 aurem
388 4006 459 4098 ejus
471 4003 610 4088 subula3
628 4010 659 4069 et
673 4002 735 4069 erit
749 4001 778 4067 ei
793 4022 907 4068 servus
920 4001 954 4067 in
969 4001 1184 4068 seriniarii.
1201 3999 1323 4091 Siquis
1334 4000 1901 4072 vendideritliliamsuaminiaruu·

263 4117 348 4201 lam,
367 4136 435 4182 nou
454 4110 640 4201 egredietur
653 4109 737 4175 sicut
750 4107 878 4175 ancillae
893 4108 981 4175 exire
995 4115 1248 4174 consueverunt.
1272 4107 1306 4175 8.
1323 4107 1359 4175 Si
1373 4107 1576 4198 displicuerit
1588 4110 1692 4178 oculis
1707 4110 1836 4178 domini
1849 4111 1901 4180 sni

262 4222 317 4291 cui
330 4220 449 4289 tradita
461 4219 587 4298 luerat,
603 4214 745 4280 dimittet
758 4236 851 4297 eam3
869 4214 990 4304 populo
1005 4221 1114 4280 arrum
1129 4212 1237 4280 alieno
1248 4211 1411 4280 vendendi
1421 4236 1489 4280 non
1502 4213 1636 4282 habebit
1648 4224 1858 4306 potestatem,
1874 4218 1901 4286 si

262 4328 422 4420 spreverit
438 4345 522 4392 eam.
543 4320 577 4386 9.
596 4317 656 4384 Sin
674 4325 784 4386 autem
804 4317 874 4385 lilio
891 4340 951 4385 sno
970 4318 1179 4408 desponderit
1193 4339 1281 4402 eam,
1299 4319 1396 4409 juxta
1414 4343 1539 4388 morem
1558 4320 1706 4390 filiarum
1720 4322 1818 4390 faciet
1836 4323 1898 4390 illi.

265 4435 317 4502 10.
334 4430 430 4512 Quod
443 4428 471 4495 si
484 4427 619 4493 alteram
634 4425 664 4492 ei
677 4426 852 4515 acceperit,
867 4424 1052 4516 providebit
1066 4425 1186 4514 puellae
1199 4427 1347 4516 nuptias,
1364 4435 1396 4494 et
1409 4426 1621 4512 vestimenta,
1637 4436 1669 4496 et
1682 4429 1828 4520 pretium
1841 4452 1902 4520 pu-

262 4537 382 4606 dicitiae
396 4556 464 4602 uon
477 4532 620 4620 negabit.
640 4532 693 4598 11.
710 4531 747 4598 Si
762 4532 825 4598 tria
836 4531 898 4598 ista
912 4554 980 4600 non
993 4531 1124 4616 lecerit,
1145 4531 1330 4620 egredietur
1343 4532 1445 4619 gratis
1459 4533 1581 4624 absque
1593 4533 1745 4626 pecunia.
1764 4535 1819 4603 12.
1836 4535 1901 4616 Qui

261 4641 455 4737 percusserit
468 4639 635 4708 homiuem
651 4637 765 4706 voleus
778 4637 940 4721 occidere,
961 4646 1065 4704 morte
1084 4638 1257 4706 moriatur.
1283 4637 1336 4706 13.
1355 4637 1422 4717 Qui
1440 4647 1550 4706 autem
1565 4661 1632 4707 non
1646 4649 1694 4707 est
1707 4640 1898 4726 insidiatus,

261 4752 317 4820 sed
330 4751 419 4819 Deus
429 4748 527 4816 illum
537 4745 670 4813 tradidit
680 4745 716 4812 in
729 4767 846 4812 manus
860 4743 947 4832 ejus,
963 4743 1159 4811 constituam
1172 4745 1232 4810 tibi
1242 4743 1352 4812 locum
1366 4744 1402 4812 in
1413 4767 1513 4835 quem
1527 4746 1641 4834 lugere
1652 4747 1781 4816 debeat.
1797 4748 1851 4814 11.
1865 4747 1900 4815 Si

260 4857 335 4951 quis
348 4880 406 4950 per
418 4853 615 4924 industriam
629 4850 781 4921 deciderit
796 4849 984 4940 proximum
998 4873 1115 4935 suum,
1132 4859 1163 4918 et
1176 4873 1234 4941 per
1247 4849 1399 4935 insidias,
1415 4850 1456 4917 ab
1469 4852 1566 4919 altari
1581 4875 1653 4920 meo
1667 4853 1790 4922 evelles
1803 4878 1896 4939 eum,

260 4965 478 5034 utmorietur.
496 4963 549 5030 15.
561 4960 626 5040 Qui
636 4957 830 5051 percusserit
842 4964 968 5046 patrem
979 4979 1078 5025 suum
1088 4966 1146 5025 aut
1159 4965 1310 5042 matrem,
1326 4965 1431 5024 morte
1443 4957 1614 5026 moriatur.
1629 4959 1681 5026 16.
1694 4959 1899 5060 Quiluratus

259 5057 558 5154 luerit'hominem,
573 5075 606 5135 et
618 5062 804 5137 vendiderit
813 5083 907 5146 eum,
924 5065 1214 5150 convictusnoxae,
1230 5073 1335 5132 morte
1350 5062 1523 5132 moriatur.
1542 5067 1596 5134 17.
1611 5066 1677 5146 Qui
1691 5053 1903 5138 maledixerit'

259 5177 344 5272 patri
356 5197 434 5262 suc,
449 5177 503 5244 vel
518 5175 632 5258 metri,
653 5178 758 5239 morte
772 5168 944 5238 meriatur.
967 5171 1020 5239 18.
1038 5171 1075 5240 Si
1091 5172 1190 5240 rixati
1203 5170 1328 5240 fuerint
1340 5170 1423 5256 viri,
1437 5179 1471 5238 et
1483 5171 1678 5264 percusserit
1689 5173 1775 5244 alter
1788 5174 1898 5266 proxi-

260 5307 352 5354 mum
366 5303 464 5352 suum
477 5279 585 5372 lapide
600 5277 652 5346 vel
667 5297 796 5366 pugno,
819 5284 852 5344 et
870 5278 925 5346 ille
947 5289 1097 5380 mortuus
1115 5304 1181 5348 non
1202 5277 1320 5362 inierit,
1341 5277 1396 5345 sed
1413 5276 1552 5366 jacuerit
1569 5278 1605 5346 in
1622 5279 1743 5346 lectulo
1761 5295 1777 5344 r
1795 5280 1847 5345 iil.
1868 5279 1894 5345 si
