4020 6026
186 383 360 447 edisserunt
378 381 446 444 aliis
464 379 543 464 quod
562 379 620 461 ipsi
639 394 702 442 non
720 372 908 454 intelligunt.
929 375 1024 438 Taceo
1041 371 1080 435 de
1098 372 1161 436 mei
1181 371 1348 452 similibus,
1370 373 1424 458 qui
1444 373 1471 438 si
1491 373 1568 438 torte
1588 374 1626 440 ad
1644 375 1811 458 Scripturas

185 486 302 545 auctas
315 485 382 561 post
394 476 551 544 seculare
568 475 684 540 litteras
696 473 855 550 venerint,
869 479 901 535 et
917 486 1057 534 sermone
1075 469 1237 551 conrporito
1255 488 1342 536 aures
1353 471 1457 554 populi
1474 471 1652 551 mulserint,
1666 472 1814 557 mndqmd

186 577 337 655 dixerint,
351 575 409 641 hoc
420 577 517 658 legem
529 574 580 638 bei
592 579 717 655 putaut;
730 588 786 635 uec
804 568 880 634 scire
895 569 1063 649 dignantur
1074 567 1149 650 quid
1164 569 1340 650 Propheta,
1350 571 1425 654 quid
1436 571 1569 654 Apostoli
1588 573 1748 652 senserint,
1761 575 1813 644 sed

188 674 227 738 ad
243 691 364 738 sensum
383 691 474 766 suum
486 675 653 752 incongrua
672 675 778 752 aptant
790 668 984 732 testimonia:
1000 666 1089 748 quasi
1108 667 1222 747 grande
1241 669 1295 746 sit,
1310 677 1340 734 et
1357 687 1419 734 non
1440 671 1671 737 riuodssimum
1688 673 1813 738 docendi

187 788 301 852 genus,
316 772 476 853 depravare
492 768 679 848 sententias,
693 776 725 832 et
745 767 784 831 ad
800 766 990 830 voluntatem
1011 781 1118 842 suam,
1131 765 1318 845 scripturam
1339 767 1459 832 trahere
1479 778 1708 850 repugnantem.
1724 771 1812 846 Quasi

188 886 250 932 non
262 867 425 950 legerimus
437 870 727 944 Homerocentones,
740 870 771 929 et
785 863 1077 944 virgiliocentonas,
1089 879 1123 924 ac
1140 878 1204 926 non
1215 863 1258 926 sic
1269 863 1362 930 etiam
1373 867 1528 932 Mmonem
1540 867 1608 932 sine
1620 867 1737 932 Christo
1749 885 1813 950 pos

189 966 286 1032 simus
298 966 396 1031 dicere
408 963 630 1042 christianum,
643 963 716 1047 guia
729 961 884 1045 scripserit
896 979 907 1027 a

504 1101 568 1156 tam
581 1096 658 1156 redit
671 1099 700 1153 et
710 1095 812 1168 Virgo,
825 1093 951 1152 redeunt
963 1091 1098 1151 Saturnia
1109 1107 1215 1167 regunt

503 1189 566 1248 lam
576 1201 655 1245 nora
666 1183 823 1260 progenies
836 1181 912 1241 coelo
925 1179 1087 1238 demittitur
1099 1180 1169 1240 slto.

189 1330 227 1392 ut
239 1331 359 1392 Patrem
371 1325 547 1409 loquentem
560 1321 599 1386 ad
610 1319 724 1386 lilium
740 1340 747 1380 :

503 1451 587 1521 Nate,
600 1461 674 1506 mem
686 1447 778 1516 vires,
792 1457 860 1502 mea
871 1457 982 1514 magns
993 1440 1127 1516 potentia
1141 1441 1232 1501 solus.

187 1583 224 1645 lu
234 1585 300 1661 post
311 1577 404 1642 rerba
415 1575 577 1642 salvatoris
590 1574 625 1637 in
638 1589 724 1637 cruce
739 1591 748 1634 :

501 1691 581 1751 Talia
593 1687 743 1764 perstabat
755 1699 925 1745 memorans
929 1701 941 1758 ς
954 1683 1093 1760 fixusqrre
1107 1683 1257 1744 manebat.

187 1823 320 1890 Puerilia
332 1827 405 1886 sunt
417 1820 495 1898 hae,
512 1824 542 1882 et
555 1815 771 1880 circulatorum
789 1809 861 1875 ludo
879 1808 1010 1886 similia,
1023 1809 1128 1873 docere
1150 1809 1231 1890 quod
1247 1827 1367 1892 ignores
1384 1815 1514 1898 rimmo,
1531 1825 1567 1883 ut
1579 1838 1650 1886 cum
1663 1825 1815 1892 ,tommo

187 1925 304 2006 loquar,
318 1939 357 1984 ne
368 1921 425 1984 hoc
438 1917 564 2001 quidem
575 1915 651 1979 scire
664 1912 744 1994 quod
757 1908 884 1974 nescias.

226 2019 375 2083 Videlicet
385 2012 633 2080 manifestissima
646 2017 692 2074 est
705 2007 849 2085 Genesis,
860 2005 895 2069 in
906 2023 966 2088 qua
979 2006 1017 2069 de
1029 2012 1167 2070 creatura
1181 2007 1312 2087 usundi,
1328 2009 1366 2072 dc
1386 2013 1508 2077 exordio
1527 2019 1646 2095 generis
1666 2017 1813 2102 humani,

187 2119 225 2181 da
239 2115 387 2180 divisione
400 2121 499 2189 terrae,
513 2111 551 2174 de
563 2107 738 2174 confusione
752 2105 929 2185 linguarum
941 2109 973 2166 et
986 2104 1141 2183 gentium,
1154 2121 1253 2185 usque
1267 2100 1306 2167 ad
1319 2107 1439 2171 exitum
1451 2111 1596 2176 scribitur
1608 2116 1808 2184 hebreorum

227 2218 310 2279 Patet
321 2212 440 2277 Euodus
454 2225 524 2274 cum
536 2208 640 2273 decem
652 2205 762 2287 plagis,
775 2219 847 2266 curn
859 2201 1014 2280 Decalogo,
1027 2218 1098 2264 curu
1112 2201 1250 2282 mysticis
1265 2202 1436 2284 divinisque
1450 2211 1612 2290 praereptis,

229 2316 264 2375 ln
276 2317 416 2392 promptu
426 2313 474 2372 est
484 2304 636 2370 leviticus
647 2304 741 2380 hber,
752 2301 786 2364 in
800 2316 860 2381 quo
873 2297 995 2378 singula
1007 2298 1172 2376 sacrihcia,
1183 2299 1282 2362 immo
1294 2299 1420 2381 singule
1433 2320 1509 2385 pene
1527 2309 1666 2391 syllabae,
1676 2321 1706 2376 et
1719 2322 1813 2380 restes

189 2418 307 2490 amon,
318 2418 348 2475 et
359 2415 439 2474 totus
449 2405 521 2471 ordo
530 2403 680 2468 beriticus
689 2405 806 2481 spirant
819 2395 951 2462 eoelestia
963 2401 1162 2460 sacramenta.

227 2508 353 2574 Numeri
366 2523 437 2570 uero
450 2519 553 2567 nonne
565 2500 659 2565 totius
671 2495 891 2574 arithmetice,
905 2501 936 2558 et
952 2493 1117 2575 prophetin
1129 2495 1268 2573 Balaam,
1281 2504 1313 2562 et
1325 2501 1526 2582 quadraginta
1543 2505 1673 2572 dumam
1685 2527 1738 2592 per
1751 2528 1814 2575 ere.

189 2625 275 2674 mum
289 2603 484 2670 mansionum
495 2598 640 2682 mysteria
653 2595 833 2660 condneutt

228 2701 494 2769 Deuteronomium
508 2713 627 2779 quoqne
637 2693 770 2760 mannua
781 2693 848 2769 len,
861 2698 891 2754 et
903 2689 1095 2770 Evangelicae
1106 2691 1183 2772 legis
1196 2691 1415 2776 praefiguratio,
1426 2716 1529 2764 nonne
1545 2702 1588 2766 sic
1600 2721 1635 2768 ea
1647 2704 1815 2788 habetque

189 2804 290 2887 priora
301 2808 384 2878 sunt,
398 2805 434 2862 ut
448 2805 550 2860 tamam
561 2810 642 2859 nova
654 2793 717 2856 sint
730 2790 835 2855 omnia
846 2789 884 2853 de
897 2787 1075 2853 remmhust
1089 2791 1252 2874 Hucusque
1262 2795 1389 2875 Moyses,
1403 2795 1561 2879 hiatusque
1574 2779 1813 2869 Pentateurlrus:

189 2900 301 2984 quibus
315 2899 451 2979 quinque
465 2891 564 2958 verbis
575 2892 658 2973 loqui
670 2909 703 2954 se
713 2888 794 2953 velle
805 2886 967 2969 Apostolus
977 2888 1012 2950 in
1025 2885 1157 2951 Ecclesia
1167 2887 1326 2970 gloriatur.

227 2997 284 3063 lob
295 2993 451 3076 exemplar
463 2989 636 3074 patientie,
650 3005 719 3071 quaa
731 3004 794 3051 non
807 2984 952 3068 mysteria
963 3002 1018 3049 suo
1031 3003 1171 3050 sermone
1184 2988 1413 3070 complectitur?
1425 2997 1516 3059 Prusa
1529 2995 1654 3081 incipit,
1668 3018 1759 3066 versu
1771 3003 1815 3068 la-

187 3097 283 3173 bitur,
296 3090 426 3175 pedestri
437 3106 573 3154 sermone
588 3086 698 3150 initur
706 3105 718 3168 3
733 3101 901 3167 omnesque
912 3083 993 3165 leges
1005 3083 1180 3164 dialectice,
1192 3087 1409 3169 propositione,
1424 3072 1645 3177 asshmptione,
1658 3098 1815 3165 confirma·

189 3197 282 3271 tione,
296 3190 483 3257 conclusione
496 3186 689 3252 determinat.
703 3183 829 3265 Singula
841 3183 875 3247 in
889 3200 924 3247 eo
939 3180 1045 3260 rerba,
1059 3182 1149 3264 plena
1161 3189 1234 3248 sunl
1246 3185 1395 3252 sensibus.
1410 3193 1449 3253 Et
1460 3194 1515 3269 (ut
1526 3193 1564 3256 de
1574 3195 1687 3260 caeteris
1699 3198 1814 3278 sileam)

188 3289 437 3356 resurrectionem
456 3303 615 3366 corporum
635 3285 678 3348 sic
695 3281 872 3366 prophetat,
886 3289 922 3344 nt
944 3279 1051 3344 nullus
1071 3280 1109 3344 de
1124 3299 1160 3346 ea
1172 3282 1222 3346 vel
1236 3285 1443 3365 manifestius,
1458 3288 1507 3350 rel
1520 3291 1638 3354 cautius
1650 3295 1812 3376 scripserit.
1857 3329 1859 3332 ·

191 3390 296 3468 «Scio,
306 3388 417 3468 inquit,
426 3385 507 3468 quod
516 3384 687 3463 redemptor
695 3398 781 3444 meus
790 3379 964 3457 civitatis
977 3378 1145 3442 novissimo
1154 3379 1203 3442 die
1212 3379 1249 3442 de
1262 3387 1343 3444 terra
1351 3383 1544 3448 surrecturus
1551 3403 1619 3451 sum
1631 3409 1639 3452 :
1651 3399 1682 3454 et
1692 3411 1815 3458 rursum

190 3484 397 3550 circumdabor
410 3482 586 3580 pelle‘mea,
601 3479 679 3543 etin
692 3493 783 3543 carne
795 3492 864 3539 mea
880 3473 989 3537 videbo
1003 3477 1119 3552 mum,
1130 3492 1224 3556 quem
1236 3477 1360 3541 visurus
1379 3497 1450 3543 sum
1463 3498 1516 3563 ego
1527 3483 1607 3566 ipse,
1621 3495 1652 3552 et
1664 3490 1743 3554 oculi
1755 3493 1814 3556 mei

190 3579 374 3663 conspecturi
386 3581 473 3655 sunt,
485 3583 516 3642 et
526 3592 590 3639 non
602 3573 694 3638 alius.
710 3572 849 3654 Reposito
861 3576 909 3634 est
923 3569 989 3635 haec
1000 3587 1068 3654 spes
1081 3588 1149 3635 mea
1160 3573 1194 3635 in
1208 3573 1279 3637 sina
1292 3592 1396 3640 meno

229 3678 358 3744 Veniam
380 3677 418 3741 ad
439 3679 545 3740 lesum
563 3677 660 3752 Nave,
674 3673 727 3754 qui
747 3679 858 3755 typum
871 3667 993 3734 Domini
1005 3686 1068 3732 non
1080 3670 1180 3734 solum
1193 3670 1298 3750 gestis,
1311 3692 1418 3738 verum
1433 3677 1525 3744 etiam
1537 3682 1662 3747 nomine
1675 3685 1793 3765 praelert
1801 3705 1813 3766 ;

190 3776 299 3841 transit
310 3774 492 3852 Jordanem,
503 3771 638 3836 hostium
650 3787 744 3850 regna
757 3767 907 3832 subuertit
920 3815 931 3845 ‚
942 3766 1053 3831 dividit
1067 3773 1181 3832 terram
1195 3769 1299 3833 victori
1311 3773 1436 3853 populo,
1450 3785 1480 3838 et
1492 3795 1546 3858 per
1558 3779 1693 3860 singulm
1704 3781 1813 3864 urbes,

190 3873 324 3951 viculos,
338 3878 472 3948 montes,
485 3867 633 3946 flumina,
644 3873 814 3945 torrentes,
833 3872 922 3948 atque
941 3865 1093 3944 confinia,
1112 3865 1249 3930 Ecclesiae
1267 3869 1455 3953 cmlestisqne
1466 3875 1634 3942 Jerusalem
1645 3878 1815 3960 spiritualia

190 3988 283 4053 regua
294 3968 445 4035 describit.

229 4073 264 4133 ln
276 4067 418 4131 iudicum
431 4065 523 4144 libro,
537 4070 610 4146 quot
622 4063 771 4145 principes
781 4063 899 4145 populi,
911 4069 956 4126 tot
967 4062 1073 4145 figurae
1084 4071 1168 4128 sunt.

229 4165 313 4232 Ruth
325 4162 482 4242 Moabitis,
493 4161 574 4226 Isaiae
586 4161 688 4243 explet
699 4161 903 4241 vaticinium,
916 4160 1045 4225 dic-emis
1058 4180 1066 4224 ε
1080 4163 1193 4226 Fmitte
1216 4181 1344 4245 agnum,
1357 4166 1499 4249 Domine,
1512 4171 1737 4238 nominatorem
1756 4183 1816 4240 rar.

189 4283 243 4344 ra,
258 4264 294 4327 de
304 4268 389 4344 petra
401 4259 510 4325 deserti
525 4260 563 4323 ad
575 4265 711 4323 montem
723 4259 796 4323 iilia
808 4260 892 4325 Sion.
908 4281 924 4319 o

230 4361 351 4428 Samuel
362 4361 398 4424 in
408 4358 477 4422 Heli
490 4363 620 4436 mortuo,
633 4363 664 4420 et
675 4357 767 4422 occiso
780 4361 865 4436 Saul,
880 4365 1015 4422 veterem
1027 4359 1128 4438 legem
1140 4359 1284 4425 abolitam
1298 4369 1458 4429 monstrat.
1473 4370 1563 4432 Porro
1574 4369 1610 4432 in
1622 4371 1716 4436 Sadcc
1726 4381 1814 4456 atque

190 4461 301 4538 David,
314 4458 386 4524 nuri
399 4455 555 4520 sacerdotii
568 4456 700 4537 novique
712 4456 834 4535 imperii
846 4463 1035 4520 sacramenta
1050 4463 1185 4522 testatur.

229 4556 405 4634 melachim,
419 4555 453 4618 id
475 4559 522 4618 est
543 4553 650 4616 tertius
666 4563 696 4617 et
708 4560 834 4634 quartus
849 4557 965 4634 largum
977 4554 1071 4633 liber,
1088 4574 1107 4618 a
1120 4557 1280 4621 Salomone
1294 4575 1392 4640 usque
1406 4562 1444 4625 ad
1456 4563 1647 4646 lechoniam,
1661 4575 1694 4633 et
1705 4586 1724 4633 a
1734 4572 1816 4634 lerc-

189 4657 279 4722 bcam
291 4655 355 4719 filio
368 4651 462 4716 Nabal
474 4668 573 4731 usque
585 4651 719 4726 adosse,
732 4651 785 4731 qui
800 4652 909 4714 ductus
921 4653 1014 4716 estin
1028 4653 1177 4736 Assyrios,
1192 4673 1322 4735 regnum
1335 4658 1414 4722 luda
1426 4667 1458 4724 et
1470 4679 1599 4742 regnum
1618 4665 1763 4730 morinis
1775 4669 1816 4730 ις.

190 4755 265 4820 rael.
279 4754 312 4818 Si
333 4750 491 4816 historiam
512 4749 668 4829 respicias,
688 4748 777 4812 verba
799 4749 951 4830 siurplicia
975 4759 1050 4814 saint
1073 4776 1081 4813 ι
1106 4752 1132 4814 si
1154 4756 1188 4814 iu
1210 4752 1321 4818 litteris
1337 4773 1462 4821 sensum
1474 4758 1620 4826 latentem
1632 4739 1800 4846 inspexelis

191 4851 325 4916 Ecclesia
337 4849 486 4930 paucitas,
500 4853 531 4908 et
544 4844 751 4909 hereticorum
765 4853 871 4910 contra
886 4847 1051 4912 Ecclesiam
1062 4848 1142 4913 bella
1155 4857 1329 4916 narrantur.
1803 4813 1815 4846 ’

230 4948 392 5014 Duodecim
404 4945 559 5024 Propheta
570 4945 605 5007 in
618 4944 712 5008 tinius
727 4944 894 5010 voluminis
908 4947 1044 5026 angustia
1058 4948 1210 5027 coarctati,
1225 4950 1323 5015 multo
1336 4952 1431 5027 aliid,
1444 4973 1538 5036 mam
1550 4966 1636 5021 sonet
1647 4957 1683 5022 in
1696 4959 1814 5042 littere,

190 5046 395 5131 praefigurant.

226 5145 300 5207 Osee
310 5141 414 5205 crebro
425 5139 566 5204 nominat
581 5139 743 5218 Ephraim,
758 5143 944 5224 Samariam,
958 5143 1090 5226 loseph,
1109 5145 1269 5227 terrahel,
1282 5157 1313 5212 et
1325 5165 1451 5214 uxorem
1464 5149 1669 5236 fornicariam,
1679 5165 1710 5222 et
1721 5158 1815 5224 romi.

68 5253 69 5257 ’
187 5237 311 5305 cahonis
324 5237 418 5317 filine,
430 5245 462 5302 et
472 5237 643 5304 adulteram
657 5237 796 5303 cubiculo
809 5240 942 5304 clausam
959 5243 1081 5321 mariti,
1097 5244 1193 5309 multo
1208 5253 1342 5328 tempore
1354 5245 1455 5310 sedere
1468 5247 1608 5332 uiduam,
1621 5261 1652 5317 et
1661 5253 1719 5318 sub
1732 5263 1813 5322 veste

187 5337 320 5416 lugubri,
335 5337 393 5400 viri
409 5338 444 5400 ad
459 5355 490 5400 se
503 5336 640 5400 reditum
654 5337 830 5416 prestolari.
1370 5349 1372 5354 ⁸
1430 5336 1433 5342 '
1634 5351 1636 5361 =
