4100 6024
693 348 870 409 encomium
886 350 1008 409 SAGRAE
1024 349 1229 409 schuttura
1757 362 1777 418 t

142 449 284 522 «Priora,
296 449 349 522 alt,
362 463 431 526 que
443 438 584 526 scripsisti
599 450 631 508 ln
641 451 743 525 palem
753 467 844 527 pone,
857 456 886 512 et
897 453 938 512 ls-
983 455 1123 514 disertam
1135 456 1230 528 magis
1249 471 1285 514 ea
1295 453 1407 516 edendi
1427 453 1608 530 facundiam,
1624 460 1711 536 quasi
1724 475 1777 522 nc·

138 537 212 606 gent
225 533 310 606 digni
326 539 355 592 et
364 533 481 606 indigni
493 552 502 590 ι
516 534 696 594 novissimos
709 540 808 594 autem
821 539 938 611 septua-
981 539 1119 611 turalem,
1134 539 1282 615 nobisque
1301 542 1490 613 congenitam
1502 545 1740 618 spondebimus?

138 617 222 690 ginta
244 617 452 687 conservabis,
473 623 507 675 ut
523 618 624 677 tradas
637 634 689 677 eos
702 619 885 694 sapientibus
899 621 937 680 de
1016 627 1107 684 Multo
1119 625 1202 686 aliter
1216 626 1431 685 Ecclesiasticus
1448 629 1611 703 sapientem
1629 633 1773 706 pingens,
1834 639 1868 684 ⁸¹·

137 699 256 772 populo
268 703 340 771 tu03
358 702 390 759 in
403 701 449 758 his
464 701 544 759 enim
558 705 602 759 est
623 717 701 760 vena
720 703 894 776 intellectus,
909 708 938 762 et
981 705 1162 765 indefessum
1170 708 1233 779 ejus
1245 706 1377 766 studium
1388 725 1457 766 cum
1465 709 1516 784 pia
1526 725 1613 784 prece
1623 713 1772 786 deposcit:

139 786 292 859 sapientire
312 787 398 858 lons,
419 792 447 844 et
459 787 586 846 scientia
599 787 723 860 flumen,
743 793 771 848 at
784 789 839 848 ieci
852 791 934 848 sic.»
984 791 1188 864 «Sapientiam
1208 792 1344 850 omnium
1363 793 1555 868 antiquorum
1577 797 1711 870 exquiret
1729 815 1775 857 sa·

175 871 272 938 Quare
287 873 380 929 lloses
391 871 566 940 identidem,
577 871 608 930 in
622 874 849 932 Deuteronomio
862 889 937 948 pra·
980 873 1075 947 piens,
1089 875 1163 932 etin
1177 875 1330 950 Prophetis
1341 876 1409 947 (vel,
1420 880 1454 934 ut
1467 879 1683 938 Eraecushabet
1694 881 1772 953 lons,

138 954 253 1026 sertim,
266 969 356 1012 omna
368 953 475 1029 populi
487 953 663 1028 ambiguum
681 961 711 1014 et
723 955 841 1015 difficile
860 957 937 1016 circa
980 961 1012 1014 in
1019 959 1182 1030 proptutiis)
1191 958 1319 1030 vacabit,
1329 959 1530 1019 narrationem
1541 963 1644 1036 (grece
1653 961 1772 1038 tripes,

140 1037 238 1110 legem
260 1038 428 1110 iudicium,
450 1038 490 1096 ed
510 1038 676 1097 secerdotes
700 1037 802 1098 referri
823 1041 934 1108 voluitr
981 1045 1194 1108 sermomonem,
1211 1043 1446 1114 explanationes)
1460 1043 1594 1104 virorum
1606 1048 1773 1108 nominato·

140 1136 228 1192 nam,
241 1125 275 1178 ut
288 1121 330 1178 ait
342 1119 509 1191 italaehias,
525 1136 560 1190 u,
577 1122 595 1177 'i
613 1139 621 1178 r
642 1121 761 1180 «habia
773 1122 935 1180 sacerdotis
980 1141 1049 1184 rum
1058 1125 1254 1196 conservabit,
1267 1130 1297 1184 et
1309 1127 1503 1199 inversutias,
1512 1145 1633 1202 ιιιιιιι,
1645 1133 1773 1206 parebo-

140 1207 309 1265 custodient
319 1206 482 1277 scientiam,
497 1209 526 1264 et
535 1207 631 1278 legem
641 1206 934 1282 (dubiautiquelegis
980 1208 1078 1266 larum
1091 1210 1179 1267 simul
1193 1209 1336 1280 introibit,
1351 1211 1467 1269 occulta
1480 1212 1709 1286 proverbiorum
1719 1231 1772 1274 ex·

139 1289 304 1365 dequibus
317 1294 361 1347 est
373 1290 516 1364 quaestio,
537 1290 578 1348 eit
592 1291 620 1346 S.
636 1290 816 1364 Bernartius)
837 1292 935 1365 requi·
980 1293 1087 1365 quiret,
1100 1297 1129 1351 et
1146 1294 1177 1351 in
1192 1292 1375 1352 absconditis
1388 1294 1601 1368 parabolarum
1618 1312 1772 1358 conversa·

137 1379 203 1434 rent
215 1391 254 1432 ex
272 1391 323 1432 ore
340 1375 411 1446 eius.
427 1393 442 1426 o
457 1375 521 1442 Qua
534 1374 572 1431 de
586 1389 676 1431 eausa
687 1379 716 1431 et
726 1375 857 1433 studium
870 1376 933 1447 ejus
979 1374 1076 1448 bitur3
1091 1377 1201 1451 aperiet
1212 1391 1343 1434 ossuum
1352 1377 1541 1449 inoratione,
1553 1382 1646 1455 etpro
1658 1382 1771 1440 delictis

135 1456 342 1518 sacerdotibus
363 1457 505 1515 Dominus
525 1457 557 1514 in
573 1459 693 1514 Leuitico
714 1457 865 1528 indicens,
881 1473 933 1516 eos
979 1459 1040 1516 suis
1054 1460 1268 1533 deprecabitur.
1284 1460 1313 1518 Si
1333 1461 1413 1520 enim
1425 1462 1568 1520 Dominus
1580 1477 1771 1536 magnusve·

136 1557 202 1617 cap.
220 1557 241 1598 x
253 1541 335 1598 hisee
353 1540 512 1615 compellet
527 1557 535 1595 ι
552 1541 616 1596 «Ut
633 1540 767 1598 habeatis
782 1541 933 1600 scientiam
978 1541 1075 1613 luerit,
1089 1543 1194 1617 spiritu
1205 1543 1405 1615 intelligentiae
1418 1544 1545 1620 replebit
1556 1545 1653 1618 illum,
1665 1552 1694 1606 et
1705 1549 1770 1624 ipse

135 1625 324 1686 discernendi
333 1628 409 1683 inter
417 1627 551 1682 sanctum
560 1627 589 1681 et
598 1623 769 1697 profanum,
784 1623 859 1682 inter
867 1625 933 1698 pol·
977 1628 1120 1700 tanquam
1142 1627 1252 1685 imbres
1275 1627 1369 1684 mittet
1388 1626 1509 1702 eloquia
1525 1629 1675 1704 sepientis
1696 1646 1769 1706 sue,

134 1705 932 1781 intumet'mundum,doceatisquelilioslsraeiomnia
976 1708 1040 1783 ipse
1052 1709 1153 1784 pelam
1165 1711 1252 1778 faciet
1262 1708 1450 1784 disciplinam
1458 1711 1601 1771 dochino
1613 1725 1686 1784 sue,
1698 1715 1770 1774 etin

133 1795 267 1867 legitima
278 1809 367 1862 mea,
384 1807 452 1866 qure
471 1791 588 1848 loeutus
602 1793 645 1848 est
658 1789 801 1848 Dominus
822 1792 862 1849 ad
880 1807 931 1852 eos
976 1793 1040 1866 lege
1053 1794 1221 1852 testamenti
1235 1792 1350 1852 Domini
1361 1792 1579 1865 gloriabitur.»

132 1893 187 1952 per
199 1892 327 1936 manum
337 1875 434 1934 blesis.
449 1894 465 1928 r
483 1879 575 1947 Atque
589 1877 623 1930 ut
635 1874 725 1946 hujus
736 1889 814 1931 oure
827 1874 931 1933 admo-
1010 1880 1124 1937 Veteres
1137 1879 1309 1938 iudeorum
1322 1876 1450 1936 liabhini
1463 1879 1518 1938 toti
1531 1881 1660 1940 arentin
1678 1883 1769 1942 sacris

132 1965 215 2020 neret
226 1959 400 2034 pontificem
413 1958 462 2015 vel
476 1956 615 2028 maxime,
630 1957 661 2014 in
674 1957 817 2030 pectorali
832 1959 931 2033 ponti·
974 1961 1101 2033 hitteris3
1122 1961 1251 2036 indeque
1274 1969 1395 2026 mineo
1416 1964 1566 2035 sophetim,
1579 1969 1727 2039 γραμματεῖς
1739 1972 1769 2028 et

132 2043 227 2102 flealis
243 2044 291 2101 sui
314 2042 479 2100 doctrinam
499 2045 528 2098 et
548 2040 717 2112 veritatem,
738 2041 806 2111 vel,
825 2045 859 2099 ut
879 2042 931 2101 he-
973 2045 1081 2102 Scrihae
1096 2049 1165 2103 sunt
1182 2044 1270 2116 dioti3
1285 2050 1355 2119 post
1368 2043 1517 2105 Christum
1530 2060 1601 2105 vero
1614 2063 1704 2107 nemo
1716 2065 1768 2110 ne-

132 2128 232 2187 hraioe
245 2131 301 2198 est,
317 2134 434 2190 :rrum
446 2134 537 2190 otuu
549 2128 622 2183 cuer
633 2130 805 2193 vetumms'm,
819 2125 931 2185 illumi·
973 2129 1027 2189 seit
1038 2129 1227 2189 llehrreorurn
1233 2129 1767 2205 Rebbinosnonaliudquamsaoram

133 2212 286 2271 cabonem
303 2215 332 2269 et
352 2211 563 2284 integritatem,
575 2209 638 2267 duo
658 2208 725 2267 vitae
739 2208 929 2268 sacerdotalis
973 2214 1153 2288 scripturam
1165 2227 1298 2284 versare,
1312 2215 1417 2272 eaetma
1434 2227 1556 2272 amusos
1570 2229 1644 2272 esse.
1656 2215 1767 2275 Scitum

134 2296 254 2367 deeora,
266 2295 353 2354 certis
365 2290 622 2368 notatasymholis
632 2297 757 2366 gestura
768 2307 929 2368 coramque
972 2295 1470 2372 estilludRehbini,quienepote
1479 2295 1765 2358 scientiarumarido

134 2395 253 2456 semper
265 2379 373 2438 intueri
385 2378 490 2438 voluit.
504 2378 562 2437 Sed
570 2376 648 2437 ultre
659 2378 828 2437 tendamus.
972 2385 1109 2454 rogetus,
1126 2394 1201 2438 num
1220 2378 1278 2437 sihi
1300 2378 1413 2446 liceret,
1427 2382 1480 2437 eut
1497 2379 1648 2451 suaderet,
1660 2383 1765 2442 Groeois

168 2465 319 2540 Propheta
330 2463 449 2537 regius,
462 2475 573 2536 magna
585 2461 764 2536 scriptorum
776 2475 929 2522 sacrorum
972 2466 1060 2525 etiam
1068 2463 1370 2536 auctoribusopcrem
1379 2463 1462 2534 dare,
1475 2463 1586 2522 ironice
1599 2467 1765 2540 respondit,

134 2564 215 2625 pars,
228 2548 382 2618 diunum,
396 2548 534 2622 inquam,
548 2545 626 2604 illud
637 2545 762 2620 Spiritus
774 2546 869 2605 Sancti
881 2561 929 2605 or·
971 2550 1069 2621 licere,
1083 2549 1175 2608 modo
1189 2547 1222 2608 id
1233 2562 1288 2606 nec
1301 2545 1478 2617 disiecerat,
1491 2561 1547 2604 nee
1557 2551 1661 2606 noete:
1674 2551 1766 2624 serip-

132 2649 266 2708 gannm,
284 2647 335 2690 eas
354 2633 386 2688 in
398 2631 435 2688 iis
447 2630 520 2704 ipsis
538 2629 680 2689 sublimes
695 2633 724 2687 ct
744 2643 867 2688 maenas
884 2634 928 2687 te·
971 2639 1035 2692 tum
1050 2633 1131 2691 enim
1143 2647 1217 2704 esse,
1228 2631 1260 2689 in
1273 2631 1339 2703 lege
1352 2628 1470 2689 Domini
1482 2630 1690 2690 meditandum
1701 2648 1764 2692 esse

131 2717 242 2776 nebras
257 2729 439 2789 agnoscens,
454 2713 631 2773 creberrime
644 2711 710 2772 aliis
725 2712 851 2786 aliisque
863 2727 929 2770 ver·
971 2715 1020 2776 die
1032 2733 1068 2775 ac
1082 2719 1177 2776 noete.

131 2801 178 2860 bis
191 2804 269 2872 orat,
282 2802 328 2857 Pe.
343 2813 430 2858 cxrru
443 2817 450 2856 r
463 2796 928 2866 chevelaoculosmeos,etcon·
1006 2802 1051 2861 Ad
1063 2815 1177 2861 novum
1190 2815 1352 2876 pergemus
1364 2799 1436 2859 novi
1454 2798 1763 2861 loederisinstrumen·
1820 2812 1857 2860 tr.

130 2884 271 2943 sideraho
284 2882 434 2941 mirabilia
443 2881 553 2954 detege
565 2883 650 2951 tuas
663 2879 717 2938 ubi
725 2878 863 2938 hebraice
873 2885 926 2953 eet,
970 2889 1036 2945 tum
1049 2903 1056 2943 ι
1071 2886 1101 2944 S.
1115 2887 1216 2944 Petrus
1229 2899 1298 2943 eum
1311 2883 1504 2960 epistolarum
1518 2885 1547 2941 S.
1562 2884 1645 2942 Pauli
1657 2887 1762 2944 memi-

131 2977 309 3039 mgvrpp
320 2947 359 3032 ιιι
371 2969 417 3039 pat
431 2969 494 3023 cuci
506 2966 641 3035 multitu,
651 2963 823 3022 devolveab
833 2963 927 3021 oculis
969 2969 1071 3042 nisset,
1086 2967 1249 3042 subiungit,
1268 2967 1299 3024 in
1316 2967 1352 3024 iis
1368 2967 1508 3042 quedam
1522 2981 1584 3024 esse
1600 2985 1615 3021 ι
1633 2967 1764 3028 difficilia

129 3055 204 3112 meis
218 3053 364 3128 (uelamen
373 3049 507 3122 caliginis
516 3048 648 3121 cilicet),
658 3053 688 3106 et
700 3047 778 3106 clare
789 3047 928 3108 intuebor
969 3052 1136 3122 intellectu,
1156 3066 1225 3126 que
1242 3050 1355 3109 indocti
1377 3053 1405 3107 et
1421 3049 1573 3108 instabiles
1589 3051 1762 3126 depravent,

129 3136 281 3195 mirabilis
295 3134 370 3207 legis
382 3137 453 3191 tuae.
470 3152 485 3187 ι
498 3133 527 3191 si
539 3137 638 3191 tentus
651 3132 818 3206 propheta,
830 3133 927 3206 inquit
969 3139 1082 3196 sioutet
1094 3139 1213 3195 ueteres
1223 3136 1396 3210 Scripturas,
1406 3135 1446 3193 ed
1456 3151 1543 3194 suem
1554 3132 1763 3216 ips'orumper·

129 3223 157 3279 S.
171 3221 370 3293 hieronymus
380 3217 418 3275 ud
431 3219 588 3282 Puutiuum,
600 3214 738 3274 tenebras
752 3215 927 3288 ignorantiae
969 3221 1153 3293 ditionem»
1168 3223 1250 3294 epist.
1265 3221 1299 3292 ll,
1313 3237 1378 3294 cap.
1394 3236 1444 3292 ιιι,
1459 3225 1488 3279 et
1504 3223 1633 3281 anterius
1647 3240 1713 3297 cap.
1728 3241 1739 3281 1
1753 3243 1762 3283 ι

129 3305 298 3375 confltetur,
311 3317 373 3376 qua
385 3317 442 3359 nos
461 3305 549 3376 putas
562 3299 722 3374 parrulos,
736 3303 766 3358 at
778 3315 855 3374 pene
867 3301 927 3358 lac·
972 3305 1101 3364 «Dinnis
1115 3305 1273 3381 prophetia
1287 3304 1440 3378 Scripturae
1454 3306 1577 3380 propria
1590 3307 1763 3382 interprete·

129 3392 224 3445 tentes
236 3386 360 3444 inscitie
373 3382 673 3444 nocte'oircumdarii
692 3382 752 3441 lloo
764 3386 865 3442 eutem
877 3399 927 3442 re·
968 3389 1048 3450 tione
1061 3405 1123 3449 non
1135 3388 1185 3461 tlt3
1199 3389 1355 3447 nonenim
1367 3388 1520 3447 voluntate
1532 3390 1762 3451 humanaallata

127 3471 230 3530 lernen
241 3487 307 3530 non
319 3469 418 3528 solum
431 3470 464 3527 in
476 3467 551 3526 lucie
564 3469 661 3538 blesis,
676 3467 730 3526 sed
742 3471 772 3525 et
788 3467 821 3525 in
833 3471 926 3527 Eran-
969 3477 1012 3534 est
1028 3471 1192 3548 aliquando
1211 3472 1380 3547 prophetia,
1403 3474 1457 3532 sed
1473 3473 1583 3548 Spiritu
1599 3476 1704 3534 Sancto
1717 3475 1762 3532 in·

127 3555 241 3628 gelislis
263 3559 293 3613 ct
315 3551 462 3628 Apostolis
477 3554 610 3627 positum
625 3554 686 3623 est;
704 3554 734 3610 ct
746 3550 804 3609 nisi
825 3556 927 3626 aperta
969 3557 1070 3633 spirali
1083 3558 1174 3618 locuti
1186 3562 1256 3614 sunt
1269 3557 1360 3615 suncti
1377 3558 1428 3615 Dei
1442 3558 1618 3616 homines.»

127 3639 238 3702 luerint
251 3639 472 3710 universaque
489 3636 598 3709 scripta
611 3639 691 3706 sunt,
703 3634 742 3692 ab
761 3648 797 3691 eo
810 3637 863 3708 qui
874 3636 927 3695 ha·
1004 3641 1237 3716 Ejusgermanus
1244 3641 1344 3700 officio
1352 3645 1380 3698 et
1388 3641 1522 3715 martyrii
1533 3642 1645 3713 laurea,
1652 3645 1680 3702 S.
1689 3647 1761 3704 Pau-

127 3723 309 3782 betclavem
325 3722 435 3791 David,
456 3720 510 3794 qui
527 3719 622 3794 aperit
642 3721 672 3776 et
692 3731 782 3776 nemo
804 3719 925 3791 claudii,
968 3726 1031 3798 lus,
1056 3741 1119 3788 non
1141 3727 1283 3786 naturalis
1303 3726 1414 3798 ingenii
1436 3725 1530 3797 vires,
1556 3727 1609 3784 sed
1629 3728 1762 3800 eJusdem

128 3807 243 3865 claudit
255 3809 284 3863 et
297 3819 386 3864 nemo
396 3805 501 3878 aporii,
514 3801 600 3860 nullo
617 3801 838 3861 ilioreierisslfl
852 3817 925 3877 Pan·
967 3811 1092 3886 Spiritus
1112 3811 1275 3885 gratiarum
1300 3810 1461 3868 divisiones
1487 3815 1655 3884 nuncupet,
1677 3814 1762 3886 quod

127 3893 278 3950 dentem.»
971 3912 986 3949 ι
1007 3893 1058 3953 alii
1079 3909 1135 3969 per
1155 3894 1400 3968 Spiritumtdetur
1419 3909 1517 3951 sermo
1537 3895 1697 3968 sapientie,
1711 3895 1762 3954 alii

161 3975 254 4032 Audit
265 3972 404 4032 ieremias
416 3987 506 4047 capr
520 3989 528 4029 ι
544 3971 748 4046 «Priusquam
765 3975 795 4030 te
811 3971 925 4033 torma·
967 3991 1066 4036 sermo
1080 3978 1219 4049 scientie,
1232 3977 1316 4034 alteri
1326 3977 1412 4047 fides,
1426 3977 1477 4034 alii
1488 3977 1582 4048 gratia
1591 3979 1760 4051 sanitatum,

124 4075 193 4119 rem
204 4059 238 4116 in
249 4063 345 4129 utero,
358 4059 431 4116 novi
442 4061 480 4126 tc,
494 4059 522 4114 et
535 4059 697 4131 antequam
708 4056 803 4114 exires
812 4056 849 4115 de
860 4059 926 4116 vul-
967 4062 1018 4120 elii
1031 4061 1166 4136 operatio
1180 4062 1334 4132 virtutum,
1350 4061 1400 4117 elii
1412 4061 1580 4135 prophetia,
1591 4062 1642 4120 elii
1655 4061 1763 4120 diserc-

124 4159 176 4215 va,
190 4141 372 4202 sanctificavi
380 4145 459 4212 te‚et
470 4140 649 4215 prophetam
660 4138 842 4212 ingentibus
855 4141 924 4200 dedi
966 4142 1009 4203 tio
1022 4145 1191 4219 spirituum,
1200 4143 1249 4201 alii
1258 4159 1367 4215 genera
1378 4143 1561 4216 linguarum,
1570 4144 1621 4202 elii
1632 4145 1762 4220 denique

124 4232 171 4298 te3
190 4247 205 4280 a
220 4230 362 4283 ettamen
375 4225 523 4283 exclamat
537 4243 546 4281 z
561 4243 575 4278 s
588 4228 610 4281 A
625 4241 644 4282 a
657 4240 686 4296 ι,
700 4224 823 4282 Domine
837 4226 923 4297 Deus,
967 4229 1168 4302 interpretatio
1181 4243 1389 4296 sermonum»
1405 4231 1416 4285 i
1430 4229 1552 4286 Gorr'etb.
1567 4244 1620 4301 ιιι,
1634 4231 1762 4306 ideoque

125 4326 194 4370 ecee
204 4310 305 4368 neseio
318 4309 415 4382 loqui,
425 4308 498 4382 quia
508 4323 585 4382 puer
598 4322 654 4380 ego
668 4321 773 4364 sum.»
966 4313 1102 4387 posuisse
1117 4314 1207 4369 Deum
1224 4310 1255 4368 in
1276 4311 1403 4370 Ecclesia
1420 4312 1568 4386 quosdam
1588 4315 1760 4387 Apostolos,

161 4394 268 4466 buius,
290 4407 357 4466 cap.
379 4405 425 4462 ιι,
448 4391 601 4465 Seraphim
620 4390 660 4448 ad
681 4405 713 4447 se
733 4390 924 4450 advolantem
968 4394 1315 4470 sliesProphetes,a1ios
1329 4397 1660 4472 Doctores.Alihi·vero,
1676 4415 1706 4457 se
1721 4400 1761 4458 ad

124 4477 259 4554 aspexit,
271 4475 448 4550 calculoque
461 4475 555 4547 ignito
564 4489 600 4532 os
612 4472 839 4532 vaticinaturum
853 4474 924 4534 eda·
966 4481 1059 4555 pedes
1070 4479 1236 4538 Gamalielis
1250 4478 1346 4551 legem
1356 4478 1495 4537 edoctum
1504 4473 1673 4554 ¹glorietur-3
1687 4481 1760 4540 alibi

123 4563 300 4638 perientem.
943 4583 948 4592 ·
967 4566 1099 4622 Pastores
1113 4566 1142 4620 et
1154 4562 1315 4638 Episcopus
1328 4567 1438 4634 monet,
1453 4568 1487 4621 ut
1497 4580 1528 4622 se
1542 4569 1679 4637 praestent
1689 4580 1760 4638 ope·

158 4644 309 4716 Ezechie13
333 4659 400 4718 cap.
423 4657 457 4714 ιι,
472 4641 596 4700 intuitus
616 4642 744 4716 speeiem
762 4641 924 4716 quadrifidi
965 4647 1060 4706 rurios
1071 4645 1305 4717 inconfusibiles,
1316 4651 1392 4704 reete
1406 4651 1562 4706 tractantes
1571 4647 1696 4706 verbum
1710 4665 1759 4705 ve·

124 4729 276 4800 animalis,
294 4727 457 4801 gloriaeqne
472 4725 605 4797 Domini,
619 4740 734 4799 pronus
747 4723 826 4783 cedit
838 4725 871 4783 in
881 4725 924 4786 ia·
965 4731 1070 4803 ritatis,
1083 4734 1117 4787 ut
1134 4731 1250 4804 possint
1269 4731 1419 4788 exhortari
1441 4731 1472 4787 in
1487 4732 1620 4790 doctrina
1634 4747 1716 4802 sene,
1730 4737 1758 4790 et

124 4815 212 4886 mem,
229 4815 442 4886 erectusquea
464 4808 570 4884 spin'tu
585 4809 661 4881 silet,
675 4809 749 4866 dum
761 4807 871 4882 paritor
889 4823 924 4867 οι
966 4815 1091 4890 eosqui
1113 4815 1318 4874 contradicunt
1337 4831 1479 4888 urguere3
1495 4817 1548 4874 sed
1566 4817 1642 4891 quid
1661 4833 1758 4878 mora·

123 4897 329 4972 eipendatur.
965 4902 1057 4960 muri

157 4983 264 5044 Daniel
281 4998 332 5055 vn,
346 4985 375 5052 8,
389 4979 517 5039 verbum
537 4979 588 5037 Dei
601 4980 633 5037 in
651 4979 741 5039 corde
761 4987 923 5053 conservat,
999 4985 1164 5043 Audiamus
1191 4984 1338 5042 Christum
1363 5003 1371 5042 ι
1399 4987 1624 5060 «Scrutamini,
1649 4987 1756 5062 inquit,
1815 5002 1850 5047 ιι.

123 5069 177 5127 sed
192 5065 426 5138 cogitationibus
444 5064 657 5136 conturbatur,
668 5069 697 5122 et
713 5063 802 5122 iacies
821 5065 848 5122 ei
866 5067 923 5124 im·
964 5069 1164 5143 scripturam»
1181 5068 1256 5143 quin
1268 5084 1339 5125 vero
1352 5068 1453 5126 dotem
1465 5071 1554 5140 hane,
1568 5071 1612 5128 uti
1630 5074 1658 5128 et
1670 5072 1758 5130 thau·

123 5155 275 5221 mutatur,
290 5153 450 5223 stupetque
462 5148 502 5206 ed
519 5147 682 5219 visionem,
699 5163 735 5206 eo
749 5150 834 5224 qnod
848 5149 924 5207 desit
965 5153 1160 5226 meturgiam,
1174 5151 1446 5227 miraculorumque
1460 5153 1688 5224 omnigenorum
1705 5171 1759 5230 po·

123 5236 268 5309 interpres
275 5252 285 5306 ;
309 5237 338 5290 et
359 5247 415 5290 nos
437 5231 612 5290 eorumdem
628 5231 855 5306 vaticiniorum
869 5249 924 5307 pa·
964 5240 1114 5308 testatem,
1138 5235 1273 5296 Ecclesiae
1296 5253 1357 5292 suec
1378 5239 1553 5293 testamento
1575 5239 1759 5310 consignavit

123 5315 309 5388 tabularum,
324 5315 527 5388 aenigmatum,
544 5318 573 5373 et
587 5315 796 5390 symbolorum
813 5315 924 5376 lucilio·
964 5321 1235 5394 Christus‚quendo
1245 5319 1276 5375 in
1288 5320 1394 5376 eoelum
1405 5335 1580 5379 ascensurus
1593 5320 1758 5378 valedicens

124 5415 188 5456 rem
201 5399 276 5474 ipsis
295 5413 402 5457 eornm
414 5397 609 5472 scriptoribus
622 5399 857 5475 intelligentiam,
872 5407 924 5461 aut
965 5407 1123 5480 Apostolis,
1144 5402 1260 5479 aperuit
1280 5402 1338 5460 illis
1357 5417 1489 5476 sensum,
1510 5407 1544 5462 ut
1565 5403 1758 5476 intelligerent
