4100 6024
588 223 589 228 Ὗ
681 323 1215 460 aaooamuu

774 624 839 709 ΕΤ
866 623 1123 712 sueoniae

270 862 730 1078 sacam
812 872 1628 1085 santernam.
1792 1057 1808 1064 ,,

811 1288 1084 1321 uua-03·—

388 1565 517 1634 gpfflo·
535 1571 665 1635 ppflqq,
965 1559 1063 1628 teman,
1078 1573 1146 1614 oum
1164 1572 1200 1614 eo
1214 1571 1296 1614 erem
1310 1557 1416 1614 cuncta
1432 1570 1616 1632 componens
1620 1578 1656 1632 ,a
1671 1559 1758 1635 quad

965 1643 1057 1698 certas
1079 1641 1125 1698 sui
1138 1643 1224 1698 notas
1238 1639 1270 1698 in
1285 1639 1341 1698 hac
1358 1641 1574 1714 compositione
1588 1658 1619 1700 se
1635 1643 1760 1718 inscrip-

130 1709 164 1758 be
174 1709 227 1766 etos
239 1707 327 1767 odaiae
337 1738 344 1764 ,
355 1707 479 1766 maritate,
491 1707 597 1768 obtecto,
609 1707 761 1768 necessitate,
773 1709 863 1768 tmctn,
875 1723 924 1758 em·
965 1723 1036 1782 sisse
1050 1725 1075 1781 si
1096 1724 1219 1783 nifieans

161 1779 288 1838 plitodine,
305 1777 454 1837 dimensam,
470 1779 599 1840 exemplis,
618 1779 732 1828 methodo
749 1785 773 1826 et
791 1779 924 1838 dispositio-
1000 1739 1106 1866 Vefflgn
1116 1808 1196 1865 enim
1205 1767 1292 1877 v'em,
1302 1807 1639 1882 quamvispuloherhio
1652 1809 1759 1869 micro.
1832 1817 1839 1856 2

162 1850 239 1896 nnn.
965 1905 1084 1950 cosmus
1094 1891 1286 1964 archetypum
1292 1889 1568 1962 ,undeabauotore
1577 1907 1632 1949 suo
1641 1909 1760 1967 expres-

66 1987 76 2024 t.
164 1976 292 2034 celebris
305 1976 567 2050 illeAEgyptioram
578 1975 921 2053 Theologus,ldosipene
965 1977 1160 2048 susest,puta
1173 1989 1420 2045 numensaorum,
1434 1975 1759 2049 increatamquesphoe-

129 2074 290 2133 aequaevus,
299 2061 467 2131 Mercurius,
479 2060 636 2119 Gentilium
648 2062 789 2136 opinione
802 2062 924 2121 misma·
964 2073 1029 2115 ram
1044 2059 1191 2116 altissima
1205 2058 1365 2117 divinitatis
1380 2062 1489 2118 reserat
1496 2101 1506 2130 ,
1522 2060 1676 2134 oculisque
1689 2062 1759 2120 sub-

129 2143 232 2215 gistus,
242 2143 306 2214 diu,
318 2159 380 2217 que
391 2145 503 2202 ratione
516 2145 666 2218 aptissime
681 2146 852 2220 universum
865 2148 923 2205 lroo
962 2143 1042 2215 jiciat
1057 2161 1065 2198 ε
1080 2144 1181 2201 multis
1194 2147 1293 2201 amen
1305 2143 1439 2217 partibus
1452 2143 1640 2216 imperfectus
1654 2150 1698 2203 est
1710 2147 1759 2204 hio

130 2225 317 2298 describeret,
329 2229 501 2304 secumipse
514 2245 645 2300 vemens,
655 2230 713 2287 huc
725 2231 847 2288 demum
857 2248 923 2289 eru-
964 2225 1050 2296 liber,
1069 2230 1097 2283 et
1117 2226 1232 2284 sciatica
1246 2226 1390 2284 duntaxat
1411 2227 1556 2285 elementa
1572 2229 1757 2303 suppeditat,

53 2310 173 2384 rumpit
192 2329 199 2367 :
221 2313 436 2384 «Universum,
453 2313 564 2386 inquit,
585 2317 629 2370 est
647 2312 723 2370 liber
743 2314 920 2386 divinitatis,
964 2310 1095 2381 vestigia,
1107 2311 1243 2383 inquam,
1257 2310 1368 2384 potius,
1382 2310 1494 2385 quibus
1508 2312 1594 2385 quasi
1607 2329 1644 2370 ex
1657 2329 1758 2386 ungue

19 2431 20 2476 7
45 2375 119 2484 ᾗῇ
129 2397 332 2473 moniumque
348 2399 407 2457 hoc
419 2397 566 2456 sublustre
584 2402 628 2456 est
640 2400 794 2473 speculum
808 2399 923 2458 divino-
963 2391 1082 2450 leonem
1104 2408 1263 2465 agnosces,
1286 2410 1378 2468 quem
1398 2395 1509 2453 clarem
1531 2395 1759 2472 absolutamque

45 2497 66 2542 a
128 2499 235 2556 num„
253 2486 396 2543 nimirum
412 2486 503 2544 1100oe
520 2485 597 2543 fibro
618 2502 704 2544 suam
724 2487 787 2561 ipse
807 2487 923 2544 the010.
964 2476 1113 2550 scriptoris
1130 2477 1176 2533 sui
1193 2477 1430 2552 descriptionem.
1450 2480 1582 2551 Accedit,
1602 2482 1686 2554 quod
1703 2499 1758 2542 na-

19 2621 24 2634 ,
129 2569 224 2640 giam,
247 2569 364 2627 diutina
391 2585 462 2628 sano
491 2569 737 2627 oommentatione
765 2569 919 2628 didicerat,
964 2561 1036 2616 llll&
1050 2558 1143 2616 Solius
1157 2564 1294 2618 exaratus
1304 2562 1481 2634 charactere,
1495 2563 1570 2622 nihil
1584 2579 1688 2623 eorum
1698 2566 1758 2624 dio-

131 2651 224 2710 rcoelj
244 2652 324 2710 enim
339 2655 477 2710 enarrant
493 2651 618 2722 gloriam
632 2652 699 2723 nei,
713 2655 742 2709 et
755 2667 846 2726 opera
859 2669 921 2712 ma.
963 2645 1005 2698 tat
1017 2657 1084 2715 quaa
1095 2646 1207 2700 naturae
1215 2644 1357 2703 terminos
1365 2646 1588 2717 transcendunt,
1597 2647 1708 2722 quibus
1718 2649 1758 2707 ad

127 2750 222 2792 nuum
243 2736 308 2807 eJus
325 2735 479 2793 annuntiat
500 2733 763 2805 firmamentum»
788 2739 817 2792 et
835 2754 842 2792 ε
869 2741 920 2794 «Α
964 2724 1071 2783 Offllffln
1083 2731 1190 2784 ⁸³11&ae
1202 2727 1547 2804 Trissiwtissbfflumqtte
1562 2735 1695 2788 nostrum
1705 2748 1757 2805 pe·

126 2818 330 2890 magnitudine
350 2817 455 2891 speciei
477 2820 506 2875 et
526 2821 679 2888 ereatura,
703 2817 796 2876 videri
822 2823 920 2893 potest
963 2823 1069 2880 ronne,
1084 2809 1167 2882 quod
1181 2810 1401 2882 vitaetmorte5
1416 2813 1493 2870 votis
1506 2813 1647 2871 omnibus
1660 2816 1758 2889 scqui-
1808 2821 1811 2826 '

126 2908 238 2961 creetm
262 2919 383 2973 eorum,
400 2901 578 2975 sempiterna
598 2916 721 2975 quoque
744 2907 771 2957 et
794 2903 922 2959 invisito·-
963 2905 1046 2962 murs
1060 2893 1272 2966 provehamur.

125 2986 162 3042 lis
186 2986 251 3057 ejus
268 2985 362 3043 virtus
382 2988 471 3058 atque
492 2983 648 3055 divinitas3
667 3003 681 3038 r
702 2988 736 3042 ut
755 2983 787 3040 in
804 2987 922 3057 magnis
998 2978 1100 3036 Visum
1112 2981 1302 3053 ergodivina
1315 2985 1345 3038 et
1356 2981 1521 3040 intermina
1534 2982 1671 3055 bonitati,
1685 2985 1756 3044 scri·

125 3069 203 3128 hisce
220 3070 365 3128 coelorum
385 3069 510 3140 tabulis,
522 3069 554 3126 in
573 3069 691 3143 paginis
708 3069 921 3129 elementorum
962 3061 1010 3120 ba
1030 3062 1138 3120 seilicet
1155 3064 1390 3137 sapientissimo,
1403 3065 1542 3122 velociter
1557 3070 1586 3123 et
1602 3067 1679 3125 mira
1692 3068 1756 3141 dig-

128 3169 162 3212 ao
173 3152 380 3211 voluminibus
396 3155 586 3225 temporum,
599 3151 761 3226 perspicaci
774 3153 862 3210 oculo
875 3153 921 3211 di·
962 3145 1081 3204 natione
1095 3145 1243 3216 scribenti,
1252 3148 1344 3205 alium
1358 3148 1499 3206 adbibere
1512 3149 1672 3221 calamum,
1682 3150 1755 3210 alios

125 3236 200 3294 vina
214 3235 406 3294 institutionis
420 3235 585 3292 doctrinam
600 3234 758 3308 propalam
781 3238 868 3309 quasi
880 3237 923 3295 la-
963 3228 1050 3287 nohis
1063 3229 1207 3301 subiicere
1215 3229 1343 3302 tabulas,
1355 3231 1429 3288 elios
1438 3230 1526 3303 longe
1537 3232 1695 3307 depingere
1708 3236 1756 3293 sui

19 3371 20 3376 ,
125 3335 192 3393 gere
210 3320 320 3377 liceat:
339 3319 464 3376 itasane
484 3333 520 3375 ex
536 3317 609 3391 ipsis
625 3317 733 3375 mundi
746 3318 921 3392 primordiis
963 3314 1164 3372 characteres:
1178 3314 1232 3390 qui
1250 3331 1313 3374 non
1329 3320 1445 3374 mutam
1462 3316 1594 3390 aliquam
1609 3319 1754 3392 speciem,

19 3399 21 3420 ¹
61 3469 65 3476 ,
126 3407 153 3460 ot
166 3419 203 3461 ea
215 3402 311 3460 nihilo
324 3401 403 3458 illius
419 3400 589 3470 molimine,
602 3399 837 3473 omnipotentem
849 3416 920 3459 auc·
963 3398 1021 3454 sed·
1029 3396 1179 3456 distinctas
1193 3397 1287 3456 oculis
1300 3413 1402 3469 vocas,
1417 3399 1540 3458 auribus
1552 3415 1659 3473 sonos,
1673 3417 1755 3462 men-

125 3486 196 3545 toris
217 3485 282 3557 ejus
304 3483 366 3540 vim
386 3487 414 3541 et
437 3483 601 3555 energiem3
617 3497 655 3540 ex
677 3481 821 3558 muliplici
845 3485 920 3542 adeo
962 3479 1042 3537 tibus
1056 3496 1160 3551 sense,
1173 3481 1315 3556 measque
1333 3482 1504 3540 divinorum
1521 3483 1665 3556 imagines
1677 3486 1756 3545 inse·

126 3572 291 3627 meatarum
301 3581 402 3625 rerum
411 3567 540 3624 discordi
549 3570 577 3623 et
587 3565 737 3637 variegata
749 3568 920 3639 concordia,
962 3569 1074 3635 nerant,
1087 3565 1198 3640 quibus
1210 3571 1240 3623 et
1253 3567 1453 3642 semetipsum,
1466 3568 1656 3643 ooelestesque
1670 3585 1754 3628 men-

126 3651 292 3710 beneficam
308 3651 441 3722 ejusdem
460 3649 603 3724 abyssum
608 3669 617 3720 ;
634 3663 670 3706 ex
684 3649 784 3722 amplo
800 3649 854 3707 illo
867 3665 922 3709 car-
962 3650 1015 3718 tes,
1025 3653 1181 3722 creataque
1193 3650 1341 3720 omnia,et
1353 3650 1503 3725 quidquid
1516 3652 1557 3708 ad
1568 3650 1644 3708 bene
1657 3651 1754 3712 beate-

126 3739 258 3793 terarum
266 3733 403 3791 omnium
411 3733 578 3807 spirituum,
589 3748 761 3812 corporum,
772 3736 921 3805 motuum,
962 3745 1022 3805 que
1038 3731 1199 3788 vivendum
1217 3747 1273 3790 nos
1290 3734 1480 3805 manuducit,
1498 3738 1560 3791 tam
1575 3733 1753 3807 luculenter,

125 3824 356 3892 temporumque
371 3816 540 3890 complexu,
563 3817 752 3873 eternitatem
772 3815 922 3873 immensi·
963 3830 1054 3888 quam
1076 3815 1219 3873 benevole
1241 3819 1270 3872 et
1292 3817 1438 3890 sapienter
1458 3817 1644 3876 describeret.
1668 3819 1754 3888 Quod

126 3906 276 3976 latamque
296 3899 456 3957 conditoris
476 3899 629 3969 metimur,
642 3902 670 3956 et
689 3899 821 3972 quadam
835 3904 921 3957 tenus
963 3898 1124 3955 demiratus
1137 3898 1233 3969 legem
1243 3899 1292 3955 liei
1303 3899 1401 3957 israeli
1415 3900 1755 3959 dictaturusllosasnos-

125 3985 327 4058 pervidemus.
343 3985 385 4040 lte
397 3999 434 4040 ex
446 3983 579 4056 pondere
593 3982 781 4052 eorumdem,
796 3998 921 4040 numero
962 3985 1017 4050 ter,
1033 3983 1110 4036 Deae.
1126 3995 1165 4050 iv,
1180 3984 1196 4036 'l
1212 3998 1219 4036 ε
1238 3983 1308 4037 «En
1320 3983 1462 4054 populus,
1471 3983 1626 4054 exclamat,
1639 3985 1754 4059 sapiens

125 4072 154 4124 et
162 4081 305 4124 mensura
312 4065 557 4139 sapientissimam
564 4064 665 4137 magni
675 4065 763 4135 hujus
771 4065 921 4122 architecti
963 4067 992 4122 et
1003 4063 1180 4134 intelligens,
1191 4079 1263 4134 gens
1274 4081 1383 4136 magna
1390 4084 1399 4134 ς
1411 4081 1466 4123 neo
1475 4071 1518 4124 est
1531 4067 1589 4124 alia
1602 4069 1683 4125 natio
1694 4075 1755 4128 tam

125 4153 252 4223 κρόκων,
263 4163 515 4221 numerosamque
528 4151 556 4204 et
567 4148 640 4205 mire
653 4147 829 4206 concinnam
843 4148 874 4204 in
885 4161 921 4205 eo
964 4147 1094 4219 grandis,
1106 4161 1173 4219 quae
1186 4144 1294 4203 habeat
1306 4147 1379 4205 deos
1392 4143 1665 4223 appropinquantes
1680 4150 1754 4208 sibi:

126 4233 284 4306 cujuslibet
300 4237 412 4289 nature
428 4230 617 4290 harmoniam
639 4231 798 4303 ideamque
819 4231 921 4288 mirari
964 4246 1032 4304 quae
1045 4235 1088 4288 est
1101 4231 1179 4287 enim
1194 4229 1252 4286 alia
1264 4245 1336 4302 gens
1346 4232 1387 4288 sio
1399 4232 1509 4306 inclyto
1516 4272 1526 4302 ,
1540 4236 1573 4289 ut
1583 4233 1691 4292 habeat
1702 4249 1757 4291 cae·

125 4321 155 4374 et
166 4317 318 4390 suspicere
327 4314 411 4380 licet,
421 4329 488 4387 quae
500 4313 674 4389 etprimitias
683 4313 849 4388 quamlibet
857 4315 923 4371 uni·
964 4317 1128 4387 reinonias,
1140 4317 1279 4390 iustaque
1290 4315 1413 4387 iudicia,
1426 4321 1455 4375 et
1468 4317 1636 4377 universam
1648 4319 1753 4394 legem,

63 4404 66 4412 '
124 4399 203 4458 versi
215 4399 307 4470 hujus
320 4401 446 4471 partem,
455 4395 523 4454 fixis
531 4400 560 4454 et
574 4395 704 4455 immotis
712 4396 801 4470 plane
812 4397 921 4468 modis,
965 4415 1057 4473 quam
1066 4415 1121 4472 ego
1129 4414 1298 4473 proponam
1309 4399 1397 4456 hodie
1407 4404 1473 4457 ante
1484 4401 1587 4459 oculos
1598 4406 1753 4461 vostrost»
1866 4443 1869 4457 .

125 4487 266 4543 etsecum
275 4480 545 4554 etcomparicuivis
559 4479 643 4538 alteri
655 4480 731 4554 parti
745 4479 922 4538 amicissima
964 4483 1110 4556 Equidem
1123 4497 1215 4555 quam
1228 4480 1363 4539 mirabile
1376 4486 1419 4540 est
1431 4481 1524 4540 libros
1538 4499 1637 4543 sacros
1648 4486 1755 4544 divinae
1769 4488 1792 4531 S·
1807 4487 1874 4545 saep·

125 4565 309 4635 devinxerit,
322 4568 351 4622 et
369 4564 498 4623 amicum
518 4563 608 4621 bocca
626 4563 799 4634 vinculum,
812 4567 846 4620 ut
865 4567 922 4621 sta·
965 4563 1127 4639 Scriptura,
1143 4565 1314 4638 ipsissimas
1329 4566 1462 4638 inquam,
1475 4581 1493 4623 a
1506 4567 1564 4624 Deo
1576 4568 1616 4625 ad
1626 4584 1755 4643 nosper·
1795 4552 1871 4655 ²1¹st

125 4649 181 4708 bili
194 4649 256 4707 fide
269 4647 432 4706 concordes
446 4646 559 4704 varient
565 4646 654 4716 vices,
661 4646 724 4718 iugi
738 4662 794 4705 suo
806 4645 922 4704 influxu
966 4649 1088 4722 scriptas
1102 4648 1229 4718 litteras,
1243 4651 1272 4705 et
1282 4646 1465 4705 indubitatos
1479 4648 1586 4706 divinae
1597 4651 1755 4712 voluntatis
1768 4624 1819 4716 affl
1837 4625 1876 4720 ba

126 4732 277 4790 indivulse
290 4734 387 4788 servet
405 4734 433 4787 et
452 4733 578 4787 tueatur.
601 4731 660 4787 iloc
677 4731 743 4803 ipsa
762 4731 799 4787 de
818 4747 848 4786 se
868 4747 924 4804 pu·
966 4736 1062 4802 testas,
1077 4746 1192 4804 semper
1205 4731 1245 4788 ad
1257 4747 1380 4788 menum
1395 4731 1519 4802 habere,
1534 4732 1661 4792 lectitare
1675 4735 1758 4794 ideu—
1784 4736 1863 4782 rano..

127 4815 209 4875 blica
224 4831 299 4873 voce
320 4813 523 4887 depraedicans
540 4817 649 4871 aeterna
664 4813 827 4886 Sapientia,
841 4815 922 4871 Proo.
966 4814 1057 4872 tidem
1065 4855 1075 4885 ,
1089 4815 1207 4872 volvere
1221 4817 1250 4871 et
1262 4815 1430 4880 revolveret
1444 4831 1535 4889 quam
1550 4833 1651 4888 suave,
1665 4834 1757 4892 quam

128 4916 199 4971 rm,
211 4902 250 4957 Ὦ
267 4917 275 4955 :
294 4897 449 4967 «Quaado
468 4896 670 4970 praeparabat,
688 4897 803 4970 inquit,
817 4896 924 4968 coelos,
967 4898 1063 4971 pium,
1072 4897 1307 4971 quamsalutare,
1320 4898 1514 4957 domesticum
1523 4900 1586 4957 dari
1596 4902 1680 4975 quod
1689 4917 1759 4960 con·
1771 4887 1875 4995 {32⁰²

128 4984 266 5053 aderam3
276 4981 401 5056 quando
414 4984 493 5038 certa
501 4979 565 5050 lege
574 4985 602 5037 et
610 4995 685 5054 gyro
694 4980 825 5038 vallabat
838 4979 925 5052 abys-
968 4981 1047 5038 sulas
1058 4980 1230 5052 oraculum,
1244 4997 1306 5054 quo
1323 4997 1385 5039 non
1398 4983 1563 5056 Apollinem
1578 4999 1614 5041 cx
1627 4984 1758 5059 tripode,

19 5127 20 5138 ,
129 5084 196 5138 sos3
210 5067 336 5142 quando
350 5065 459 5122 aethera
470 5063 610 5122 firmabat
618 5080 746 5135 sursum,
755 5068 784 5120 et
797 5063 926 5122 librabat
969 5063 1022 5120 sed
1036 5066 1126 5121 Deum
1140 5064 1239 5138 ipsum
1259 5063 1366 5122 clarius
1380 5065 1475 5122 multo
1489 5069 1517 5122 et
1528 5067 1633 5124 certius
1640 5109 1651 5138 ,
1666 5085 1760 5143 quem

19 5147 20 5150 ’
129 5149 224 5210 tontes
236 5165 405 5226 aquaram
420 5149 543 5223 quando
563 5147 766 5206 circumdabat
780 5147 855 5204 mari
870 5150 926 5204 ter·
969 5147 1085 5204 caeteri
1098 5163 1166 5205 arca
1179 5151 1207 5204 et
1218 5147 1377 5206 Cherubim
1386 5148 1760 5223 proloquentem,audiasi

131 5236 245 5294 minum
257 5249 362 5304 suum,
375 5236 404 5292 et
416 5233 513 5305 legem
524 5230 657 5307 ponebat
669 5229 765 5304 aquis,
779 5244 817 5286 ne
831 5233 927 5288 trans·
969 5230 1029 5288 lico
1041 5229 1190 5302 cogitabat
1204 5232 1231 5288 S.
1244 5231 1365 5289 Carolus
1378 5233 1574 5305 Borromaeus,
1590 5235 1663 5293 dum
1676 5251 1760 5294 sanc·

132 5317 204 5378 irem
217 5320 293 5379 fines
302 5332 391 5388 suos3
400 5317 521 5391 quando
533 5313 721 5391 appendebat
729 5312 923 5373 laudamento
968 5318 1028 5372 tam
1043 5313 1232 5389 Scripturam,
1242 5314 1329 5388 quasi
1342 5315 1391 5374 liei
1400 5315 1531 5390 oracula,
1541 5333 1603 5377 non
1611 5319 1667 5377 nisi
1675 5320 1759 5380 nudo

307 5425 321 5472 r
1049 5466 1050 5469 ,
1183 5445 1186 5450 -
1567 5417 1582 5475 t
1717 5423 1722 5435 ’
