4100 6024
180 311 184 320 ’
254 345 274 400 s
804 340 978 398 succursu
996 341 1115 399 sacen
1134 341 1338 398 maternas.

256 448 418 520 Augustam
430 443 522 506 Iliada
535 444 652 502 Homeri
664 443 704 502 ad
717 443 865 502 christum
878 461 1047 504 accommo-
1093 447 1226 522 phrasim
1241 445 1406 515 imbibere,
1426 449 1456 504 et
1474 445 1560 519 quasi
1580 443 1775 504 domesticum
1794 445 1827 502 in
1848 460 1889 504 ao

257 531 371 599 dantes,
382 527 523 599 imitatus,
534 528 712 602 scripturam
725 529 753 585 S.
768 529 825 601 pie
837 544 898 586 sue
907 529 1048 586 adinven-
1092 530 1202 589 versari
1215 548 1222 586 ι
1234 529 1377 604 quodqui
1387 529 1518 602 negligit,
1531 528 1615 587 dictis
1624 528 1806 602 quibusdam
1816 528 1888 585 hine

255 613 330 672 tioni
344 616 523 685 attemperet,
533 611 733 684 perniciosum
747 615 790 668 est
802 612 919 682 sentim,
933 613 1047 685 pericu·
1093 613 1162 672 inde
1185 611 1400 670 difficilioribus
1421 611 1564 685 excerptis
1585 611 1795 685 explicatisque
1816 627 1889 668 con·

255 699 348 756 losius
361 697 464 753 lacere.
481 696 508 754 Si
518 695 598 752 enim
612 695 754 768 mysticus
763 710 851 752 verus
863 699 906 752 est
920 697 1047 769 Scriptu—
1092 699 1199 766 tentus,
1220 711 1376 768 nunquam
1396 695 1436 754 ad
1449 709 1531 753 saera
1554 695 1655 768 adyta,
1673 710 1826 766 arcanum,
1842 695 1889 752 in·

256 797 296 840 res
313 796 430 849 sensus,
446 779 470 836 si
492 796 562 836 eum
577 780 625 836 vel
642 780 772 838 maxime
789 779 911 852 Spiritus
926 781 1047 836 anetus
1093 794 1196 852 quam,
1210 783 1378 838 sanctorum
1389 778 1577 852 eloquiorum
1590 779 1773 852 panchabit3
1790 778 1843 835 sed
1857 781 1889 835 et

256 865 365 924 dictare
383 864 486 933 voluit,
501 879 562 936 qua
584 863 697 920 ratione
719 863 848 921 liberum
861 863 968 937 cuique
982 862 1045 933 erit,
1092 859 1177 920 iacile
1203 864 1363 922 averitate
1383 867 1411 920 et
1431 865 1527 921 menta
1552 862 1702 935 scriptoris
1724 862 1885 922 aberrabit.

255 966 325 1008 eum
338 952 370 1006 ut
385 947 465 1004 volet
478 948 647 1021 exponere?
670 962 730 1020 qua
752 945 848 1006 fronte
867 945 979 1004 cerebri
1000 945 1047 1002 sui
1092 947 1195 1004 Videre
1214 947 1271 1004 hoc
1284 951 1328 1004 est
1344 947 1376 1006 in
1397 946 1551 1004 nonnullis
1568 946 1807 1019 antiquioribus,
1821 961 1887 1004 non

255 1035 323 1111 quis
336 1035 549 1102 commentum,
564 1031 687 1105 Spiritus
701 1031 796 1090 Sancti
810 1035 938 1088 mentem
952 1030 1027 1087 dicet
1035 1071 1046 1100 ,
1091 1029 1218 1088 indoctis
1230 1021 1342 1104 alio'qui
1356 1030 1434 1102 viris,
1453 1029 1507 1104 qui
1520 1029 1553 1088 in
1569 1045 1601 1087 re
1617 1029 1792 1102 ihsologica
1806 1028 1885 1088 adeo

255 1134 345 1192 seque
360 1132 473 1191 suaque
493 1120 526 1173 ut
539 1115 663 1189 Spiritus
676 1114 771 1172 Sancti
789 1114 933 1173 fanaticus
946 1113 1048 1170 vendi·
1091 1111 1192 1170 leviter
1217 1115 1398 1188 quandoque
1420 1118 1538 1188 arrepto
1561 1114 1707 1172 uiomate
1734 1113 1886 1187 quopiam

254 1202 346 1262 tabit?
366 1201 507 1258 Viderunt
518 1197 587 1269 boe,
606 1201 805 1272 caveruntque
821 1197 943 1268 sedulo,
964 1197 1047 1270 quie
1092 1211 1176 1254 sacro
1186 1196 1358 1265 abutuntur,
1373 1200 1407 1255 ut
1418 1197 1560 1256 hereticis
1572 1198 1679 1256 nostris
1693 1197 1883 1268 cachinnum,

254 1286 389 1346 Patribus
410 1283 584 1355 allegoriam
601 1282 730 1340 maxime
743 1285 914 1350 versarent,
930 1280 983 1354 qui
996 1297 1048 1338 eo·
1091 1280 1246 1340 Catholicis
1259 1280 1351 1340 bilem
1365 1286 1515 1342 moveant.

255 1372 324 1430 dem
344 1368 451 1443 Spiritu
471 1366 569 1440 pleni,
583 1380 645 1423 non
662 1367 702 1424 ad
718 1366 842 1439 plausus
856 1380 962 1422 suosve
977 1379 1047 1421 con·
1127 1366 1263 1423 Praeclare
1272 1369 1300 1424 S.
1313 1367 1469 1439 Gregorius
1478 1368 1664 1441 praemiosa
1674 1370 1757 1425 libror
1767 1371 1881 1442 largum

255 1456 356 1528 ceptus
370 1450 560 1520 astruendas,
578 1447 631 1506 ubi
645 1449 774 1508 arridere
793 1449 924 1518 videtur,
938 1451 1046 1504 minere
1090 1448 1229 1506 lectorem
1243 1453 1354 1518 monet,
1372 1450 1456 1509 aliter
1474 1466 1506 1508 se
1520 1450 1647 1508 subinde
1661 1451 1814 1510 historiam
1831 1468 1886 1512 ex·

255 1553 321 1594 eam
343 1533 524 1602 obtrudunt,
544 1536 595 1590 aut
612 1533 786 1590 inconcinne
807 1533 896 1589 tronti
914 1546 1044 1599 ocream,
1090 1531 1210 1606 plicare,
1220 1549 1312 1606 quam
1326 1537 1422 1592 Patres
1433 1534 1573 1592 iecerint:
1587 1535 1612 1591 si
1622 1535 1713 1605 enim,
1721 1535 1827 1610 inquit,
1839 1537 1884 1594 illi

256 1622 341 1694 quod
350 1620 442 1690 vulgo
454 1616 571 1688 dieitur,
582 1615 661 1674 tibiae
674 1616 790 1689 galeam
804 1616 973 1690 applicant3
993 1615 1047 1672 sed
1090 1614 1218 1674 seriatim
1232 1621 1337 1676 cuncta
1349 1621 1540 1691 exponerent,
1554 1633 1623 1693 qnae
1636 1634 1674 1676 ex
1686 1623 1769 1693 parte
1782 1620 1885 1692 tetige-

257 1705 299 1762 rei
312 1705 352 1762 ita
362 1719 428 1760 eam
439 1700 617 1770 devinciunt,
627 1704 660 1757 ut
673 1703 739 1774 apte
750 1716 803 1774 per
815 1700 915 1758 omnia
924 1714 1047 1757 consen·
1089 1703 1175 1769 runt,
1198 1716 1264 1758 eam
1286 1701 1390 1760 seriem
1413 1700 1570 1760 locutionis
1590 1717 1682 1775 quam
1705 1705 1804 1761 tenne
1825 1703 1884 1760 visi

142 1788 246 1844 nosces
258 1788 319 1846 tiat.
333 1787 411 1845 Siout
429 1784 553 1842 enimin
566 1784 705 1842 historico
718 1784 809 1842 verba
829 1799 875 1842 res
888 1787 983 1853 gestas
997 1782 1047 1840 de·
1090 1787 1169 1854 srrnt,
1183 1783 1339 1844 observare
1351 1799 1543 1859 nequaquam
1556 1785 1729 1860 potuissent.
1743 1785 1831 1844 llulta
1839 1787 1884 1843 vi·

137 1850 245 1956 ξξψὲζξῇ
258 1874 376 1941 notam,
390 1870 431 1928 ita
444 1869 474 1925 in
489 1868 663 1940 allegorico,
683 1884 729 1926 res
751 1871 839 1940 geste
857 1867 929 1925 alios
951 1866 1047 1938 magis
1090 1865 1195 1924 delicet
1206 1867 1384 1940 inseruntur,
1398 1873 1541 1943 praeeunt,
1564 1872 1796 1942 consequuntur,
1813 1885 1885 1945 quse

137 1971 234 2020 terrena.
257 1972 378 2016 meones
389 1953 575 2025 significent:
590 1957 634 2025 ut,
646 1953 703 2010 nisi
717 1952 859 2025 allegoria
869 1953 1047 2027 respondeat
1089 1965 1158 2006 oum
1170 1950 1237 2009 loco
1251 1967 1342 2025 quem
1350 1957 1510 2026 pertractas
1518 1953 1721 2026 comparanda
1731 1957 1811 2024 sunt,
1820 1954 1884 2012 elo-

256 2039 402 2107 historiae,
416 2037 490 2094 salsa
502 2051 624 2109 prorsus
637 2037 675 2094 sit
694 2041 723 2095 et
745 2036 879 2095 evanida.
895 2038 937 2093 Ea
957 2051 1046 2094 causa
1090 2033 1214 2092 cationis
1228 2051 1316 2094 sacra
1328 2037 1438 2094 modus
1449 2036 1515 2096 aliis
1528 2037 1616 2094 etiam
1629 2036 1660 2094 in
1673 2035 1745 2094 locis
1764 2051 1884 2110 perves-

255 2126 282 2183 S.
305 2123 518 2194 liieronymus,
532 2121 565 2176 in
587 2121 650 2178 Osee
673 2136 738 2195 cap.
759 2137 778 2176 x
791 2119 939 2189 scribens,
961 2119 1045 2191 quod
1088 2115 1227 2186 tigandus
1240 2122 1293 2190 est,
1305 2119 1423 2192 phrasis
1437 2119 1649 2194 disquirenda:
1664 2135 1733 2193 qua
1751 2121 1883 2196 siexpo-

254 2209 291 2266 de
304 2221 372 2276 rege
383 2203 501 2277 Assyrio
510 2203 622 2276 passim
632 2203 839 2275 dieitur,juxte
847 2202 1044 2277 tropologiam
1089 2199 1187 2258 sitioni
1198 2217 1261 2259 non
1271 2204 1447 2274 cohereant,
1459 2204 1633 2278 neutiquam
1647 2218 1683 2260 ea
1695 2204 1824 2276 genuine
1838 2210 1884 2264 est

253 2292 292 2350 ad
313 2289 459 2349 Christum
477 2287 623 2344 deducere
644 2286 739 2360 (quod
753 2286 917 2360 aliquando
933 2286 1046 2358 impru·
1088 2281 1145 2340 loci
1165 2286 1325 2358 sententia,
1341 2288 1513 2360 neutiquam
1529 2302 1564 2344 ea
1585 2286 1726 2344 orationis
1740 2291 1880 2360 potestas,

253 2375 327 2434 dens
341 2376 426 2431 antea
447 2371 511 2444 ipse
530 2368 648 2441 iecerat)
669 2369 796 2443 impium
814 2385 877 2426 esse
890 2369 997 2440 dooct;
1016 2373 1046 2425 et
1086 2365 1174 2424 riser
1193 2369 1299 2426 notio:
1320 2374 1353 2427 ut
1374 2371 1508 2442 ambigas
1525 2385 1604 2444 sape
1618 2370 1734 2442 utrius,
1747 2370 1883 2445 ipsiusne

253 2459 379 2533 prologo
394 2455 425 2512 in
438 2453 576 2523 abdiam,
587 2453 741 2527 semetipse
755 2453 862 2524 arguit,
874 2453 959 2526 quod
972 2452 1045 2510 olim
1088 2449 1129 2506 rei
1144 2465 1182 2507 an
1194 2451 1321 2526 phrasis,
1334 2453 1498 2513 obscuritas
1511 2453 1549 2512 sit
1562 2453 1669 2526 major.

254 2541 408 2614 allegorice
427 2538 605 2612 prophetam
618 2538 697 2595 hunc
711 2536 914 2610 explicuisset,
929 2537 1046 2594 histori·
1123 2541 1213 2598 Taceo
1239 2543 1367 2614 variam,
1389 2547 1418 2600 et
1433 2544 1521 2620 quasi
1539 2541 1731 2615 omnigenam
1752 2546 1883 2604 materia

255 2641 321 2684 eam
334 2625 397 2696 ejus
409 2621 768 2694 intelligentinmneodum
778 2625 937 2679 assecutus.
1088 2623 1336 2697 amplitudinem:
1357 2627 1527 2701 quidecim
1549 2629 1612 2685 toto
1630 2627 1721 2685 veteri
1740 2641 1881 2703 novoque

190 2747 196 2762 .
290 2710 335 2767 Ad
354 2707 527 2765 historicum
541 2721 631 2775 vero,
648 2710 680 2762 ut
701 2705 726 2762 is
742 2720 820 2762 unus
834 2705 888 2762 tibi
909 2703 1044 2777 sufficiat,
1086 2707 1281 2768 instrumento
1309 2725 1369 2769 non
1396 2713 1590 2785 pertractatur
1601 2751 1610 2780 ,
1645 2713 1697 2768 aut
1723 2711 1882 2786 tangitur?

255 2797 330 2868 quot
348 2790 525 2865 quantisque
541 2788 718 2860 adjumentis
740 2793 784 2845 est
798 2789 895 2862 opus?
914 2805 1006 2862 quam
1019 2791 1044 2846 is
1087 2792 1218 2865 Exempli
1232 2794 1269 2850 sit
1282 2795 1383 2865 instar,
1397 2799 1431 2852 ut
1444 2798 1567 2867 Regum,
1577 2793 1821 2867 llaehabaeorum,
1830 2799 1881 2856 lis·

254 2892 331 2951 saepe
342 2873 533 2934 reconditus?
546 2887 639 2946 quam
652 2871 771 2930 liebraea
784 2871 885 2945 phrasi
899 2873 1042 2947 Graecave,
1087 2875 1159 2946 drae,
1175 2877 1298 2935 Danielis
1312 2883 1340 2935 et
1360 2879 1487 2937 aliorum
1501 2878 1713 2952 Prophetarum
1725 2880 1880 2940 volumina

254 2967 282 3018 et
293 2975 391 3030 novo,
411 2974 430 3016 a
449 2956 617 3030 ceterisque
639 2954 779 3014 omnibus
792 2955 970 3029 discrepanti
984 2957 1045 3014 dic·
1085 2958 1241 3032 intelligas,
1256 2978 1348 3034 quam
1357 2963 1439 3021 varia
1452 2963 1575 3021 historia
1589 2963 1719 3033 Gentilis,
1728 2968 1803 3038 quot
1815 2980 1880 3023 mo·

253 3043 340 3102 tionis
354 3057 459 3113 genera
477 3039 616 3098 abditus?
635 3055 727 3113 quam
750 3039 885 3098 sublimis
904 3041 1044 3099 altissime
1087 3044 1224 3116 narchiae,
1235 3047 1433 3120 Assyriorum,
1447 3048 1610 3117 ltedorum,
1625 3049 1788 3119 Persarum,
1803 3051 1881 3107 Gras-

253 3143 330 3202 sepe
344 3142 407 3184 sese
426 3125 534 3182 libret?
552 3127 652 3198 Neque
667 3125 700 3181 id
721 3125 841 3183 mirum.
861 3127 888 3184 si
907 3126 985 3184 enim
999 3142 1045 3184 sa·
1086 3143 1201 3201 eorum,
1215 3132 1417 3188 Romanorum
1430 3132 1664 3204 pernoscenda?
1683 3136 1757 3205 quot
1780 3149 1878 3192 mores

252 3213 385 3284 plenium
403 3209 494 3266 verba
517 3224 603 3266 sensa
625 3209 717 3266 animi
738 3209 877 3282 sapientis
900 3210 1043 3283 produnt,
1086 3212 1228 3284 gentium,
1238 3214 1310 3271 ritus
1319 3214 1474 3286 ioederum,
1485 3214 1645 3286 bellorum,
1654 3217 1877 3290 sacrificiorum,

251 3311 369 3369 croxque
383 3293 542 3367 respondet
563 3292 748 3366 conceptioni
767 3293 873 3352 mentis
885 3312 892 3350 ι
906 3294 959 3351 ubi
981 3296 1044 3354 hoec
1086 3295 1304 3356 connubiorum
1325 3298 1538 3373 perquirendi?
1557 3303 1632 3373 quot
1651 3299 1771 3358 urbium
1793 3303 1877 3370 situs,

252 3378 374 3435 ccelesiis
391 3381 419 3434 et
438 3377 539 3433 divina
551 3375 655 3445 tuerit,
669 3390 761 3448 quam
782 3391 899 3436 neeesse
916 3382 959 3435 est
981 3379 1044 3438 elo·
1085 3377 1254 3451 fluminum,
1269 3382 1591 3454 montium,regionum
1605 3398 1642 3439 ex
1654 3383 1792 3442 universa
1804 3387 1879 3443 anti·

252 3462 398 3518 otthonem
411 3459 519 3532 pariter
536 3458 681 3516 coelestem
694 3473 757 3516 esse
771 3465 799 3516 et
818 3459 973 3518 divinam?
993 3477 1043 3521 nc·
1085 3461 1236 3535 quissima¹
1246 3462 1463 3538 chorograpbia
1476 3470 1505 3524 et
1519 3466 1745 3540 cosmographia
1764 3470 1879 3543 perlus-

252 3543 325 3600 nrini
338 3545 436 3600 autem
457 3540 584 3598 dubium
600 3555 698 3598 saeros
713 3540 805 3598 libros
819 3557 904 3600 sensa
919 3545 1042 3616 Spiritus
1084 3545 1207 3602 nandi?

252 3625 357 3696 Sancti,
372 3623 603 3698 sapientiamque
621 3623 721 3680 aterni
740 3623 825 3680 Verbi
846 3641 901 3682 sua
915 3627 1042 3686 dictione
1119 3631 1164 3686 lv.
1179 3630 1284 3687 Verum
1296 3647 1334 3689 na
1346 3632 1415 3706 quis
1427 3633 1477 3690 hie
1490 3633 1649 3708 serupulus
1665 3639 1794 3711 supersit
1821 3655 1877 3714 age
1890 3650 1946 3708 cap.
1974 3663 2010 3697 π.

252 3708 429 3781 complecti:
452 3710 485 3764 ut
503 3706 629 3780 proinde
649 3721 711 3764 nou
732 3708 816 3764 humi
835 3725 950 3781 serpere
960 3751 970 3781 ,
990 3714 1043 3770 sed
1084 3712 1230 3784 primaab
1247 3714 1358 3785 origine
1375 3681 2012 3797 remaedueamus,rioeamu'sque1l⁶⁵²⁰zfl⁰

252 3793 283 3851 in
301 3792 395 3848 altum
408 3792 519 3862 erigere
534 3806 596 3847 sese
619 3793 766 3862 oporteat,
786 3791 812 3853 si
834 3791 941 3852 divinis
963 3794 1043 3853 hisce
1084 3797 1238 3868 quomodo
1263 3799 1344 3856 omni
1365 3815 1481 3874 semper
1499 3806 1598 3875 atate,
1617 3804 1773 3863 difficultas
1791 3808 1876 3879 iuxta
1889 3775 2012 3882 ᾔδε’-’ζ

252 3873 378 3948 eloquiis
400 3873 439 3930 ad
454 3873 554 3930 divina
574 3873 701 3944 cogitata
710 3913 720 3943 ,
732 3874 921 3948 primamque
938 3877 1042 3936 verita-
1084 3895 1118 3936 ac
1132 3879 1259 3950 dignitas
1267 3885 1294 3939 s.
1307 3883 1479 3957 Scriptura,
1491 3889 1519 3942 et
1533 3889 1726 3946 reverentiam
1734 3891 1780 3946 sui
1791 3905 1876 3950 acue-
1887 3897 1947 3944 dior
1970 3851 2012 3945 ³er

252 3964 311 4014 triu
323 3958 477 4031 pervolare
490 3957 558 4030 quis
569 3957 678 4030 cupiat.
1083 3962 1136 4033 rit,
1152 3967 1180 4020 et
1193 3963 1326 4022 studium
1340 3967 1514 4026 Sanctorum
1527 3971 1703 4029 accenderit.
1718 3975 1803 4046 Apud
1825 3977 1876 4032 lle-
1894 3962 2001 4018 Μὴ

186 4085 193 4102 .
288 4045 389 4100 Fateor
412 4041 570 4114 equidem,
598 4041 791 4101 scholasticos
816 4044 953 4103 Doctores
976 4061 1042 4119 per·
1083 4044 1180 4103 braos
1191 4047 1362 4119 pervulgata
1371 4054 1414 4106 est
1424 4051 1553 4123 traditio,
1563 4053 1755 4114 emenostris
1765 4059 1875 4133 astipu-
1893 4021 2003 4128 sagam.

252 4127 346 4186 nrrrlta
358 4142 374 4182 e
387 4126 540 4199 Scripturis
553 4124 697 4183 subtiliter
708 4141 871 4197 accersere,
886 4143 979 4200 eaque
993 4144 1041 4188 su·
1082 4127 1181 4186 lentur
1193 4131 1221 4186 S.
1237 4130 1376 4202 llilarius,
1391 4135 1465 4189 Psoi.
1478 4139 1548 4204 n,et
1561 4137 1801 4206 origeneshom.
1812 4146 1831 4200 5
1844 4147 1875 4200 ta
1894 4144 2012 4202 laeena

250 4209 341 4266 binde
354 4208 511 4278 discutere3
523 4210 576 4268 sed
587 4224 655 4267 suas
669 4209 725 4283 ipsi
739 4209 796 4268 sibi
813 4215 906 4269 metas
920 4213 1041 4271 Theolo-
1082 4214 1177 4283 Num,
1191 4215 1291 4271 Mosen
1302 4229 1372 4271 eum
1381 4216 1455 4286 lege,
1470 4218 1559 4275 etiam
1567 4219 1640 4292 legis
1648 4222 1874 4296 explicationem
1887 4206 1912 4250 ⁸·
1929 4208 2012 4268 ΜΡ·

250 4294 321 4363 ginis
348 4292 561 4365 questionibus
585 4291 744 4363 definiunt,
764 4309 831 4366 qum
852 4293 964 4352 affatim
983 4297 1040 4370 ipsi
1082 4296 1114 4353 in
1139 4301 1239 4354 monte
1262 4299 1330 4354 Sina
1352 4298 1492 4356 divinitus
1514 4304 1659 4376 accepisse
1674 4323 1682 4362 :
1697 4308 1783 4382 eique
1800 4325 1875 4384 pra·
1887 4274 2015 4380 effic}-

250 4375 378 4434 materiae
398 4381 426 4432 et
445 4390 543 4449 operm
561 4374 712 4448 ,Theologo
726 4376 903 4448 utilissimae,
919 4385 946 4436 et
967 4395 1038 4438 vero
1082 4385 1201 4453 ceptum
1214 4396 1286 4452 esse,
1301 4386 1335 4438 ut
1346 4382 1442 4454 legem
1451 4383 1599 4457 scriberet,
1612 4389 1664 4446 sed
1672 4389 1747 4461 legis
1760 4394 1875 4452 occulta
1885 4392 1944 4439 4⁵³²·

249 4459 432 4528 necessariae,
457 4458 666 4532 suppeditant,
690 4461 722 4515 ut
746 4459 827 4516 aliud
847 4476 884 4517 ex
905 4463 1038 4535 professo
1082 4463 1221 4534 mysteria
1233 4467 1262 4520 at
1281 4480 1367 4522 sensa
1387 4468 1485 4536 tosue,
1499 4471 1528 4524 et
1540 4468 1588 4526 hio
1601 4474 1814 4548 sacerdotibus,
1828 4477 1875 4536 hi·

248 4557 334 4613 agere
348 4557 410 4600 non
423 4540 508 4598 liceat
528 4559 535 4596 r
551 4541 673 4612 perinde
691 4547 725 4599 ut
736 4544 788 4614 qui
801 4559 897 4600 sacras
912 4546 1039 4605 elucidat
1081 4563 1140 4619 que
1162 4553 1375 4620 consequenter
1401 4551 1518 4608 vicariis
1545 4554 1607 4610 suis
1634 4560 1874 4635 succedentibus,

248 4627 377 4694 Litteras,
391 4623 518 4680 subinde
531 4624 720 4694 Theologioos
731 4626 934 4684 conclusiones
949 4630 1039 4686 sacris
1081 4645 1190 4700 magna
1199 4631 1304 4686 silentii
1314 4632 1455 4704 religione
1467 4637 1638 4696 revelarent.
1647 4641 1876 4704 ffinoanetolius

248 4709 395 4766 essentiis
415 4708 580 4778 involutas,
598 4709 707 4766 evolvit
719 4711 900 4782 accuratius,
923 4714 986 4784 sed,
1001 4731 1038 4772 ne
1080 4714 1162 4786 apud
1174 4714 1459 4786 Eusebium,lib.vll
1471 4722 1557 4788 Hira,
1569 4739 1635 4796 cap.
1646 4740 1745 4800 xxrnr,
1756 4731 1876 4803 sepum.

247 4795 325 4851 ultra
337 4793 499 4865 crepidam,
513 4793 552 4850 ad
567 4808 637 4850 suos
652 4793 749 4850 statim
770 4809 800 4850 se
814 4795 916 4867 recipit
927 4800 1038 4855 cancel·
1080 4797 1161 4867 ginta
1174 4799 1346 4871 interpretes
1360 4803 1519 4861 Ptolemae
1537 4805 1741 4884 Philadelpho,
1756 4815 1877 4887 AEgypti

246 4877 302 4934 los.
318 4880 424 4934 Verum
447 4876 529 4934 aliud
548 4881 592 4933 est
611 4877 742 4936 delibare
763 4879 937 4952 quidpiam,
955 4883 1038 4941 aliud
1079 4881 1153 4950 regi,
1166 4885 1368 4952 percunctanti
1386 4887 1490 4958 multa,
1504 4904 1541 4946 ex
1558 4891 1645 4948 llosis
1666 4895 1877 4956 traditionibus

246 4965 325 5018 corto
334 4960 650 5033 eteontinuoidipsum
659 4961 762 5019 ordine
773 4968 940 5035 pertexere3
954 4966 1037 5025 aliud
1079 4966 1267 5036 respondisse
1281 4974 1390 5028 narrat.
1412 4973 1446 5028 Et
1459 4975 1576 5046 Esdras,
1590 4976 1638 5034 vel
1651 4980 1786 5054 quisquis
1806 4999 1877 5042 aue.

246 5044 417 5102 sententiam
431 5045 604 5118 quampiam
618 5048 768 5115 excutere,
790 5045 872 5103 aliud
889 5047 1036 5119 integrum
1079 5051 1126 5105 tor
1137 5048 1190 5106 lib.
1203 5052 1236 5105 lV
1250 5053 1345 5110 asara
1362 5056 1425 5127 (oui
1436 5058 1489 5113 etsi
1503 5074 1565 5116 non
1577 5062 1740 5134 canonica,
1754 5069 1878 5125 canoni·

245 5128 405 5198 volumen,
421 5143 584 5201 omnesque
601 5129 664 5200 eius
683 5129 841 5186 sententias
859 5130 991 5201 diligenti
1008 5137 1036 5190 et
1079 5131 1119 5188 eis
1140 5136 1238 5190 tamen
1259 5137 1399 5208 adjuncto
1413 5156 1468 5197 sua
1480 5141 1555 5199 fides
1572 5146 1718 5219 constat),
1732 5163 1799 5222 cap.
1814 5165 1875 5224 xre,

245 5212 347 5268 exacto
356 5210 590 5269 antecedentium
600 5215 628 5268 et
637 5211 1033 5286 consequentiumexamine,
1078 5217 1149 5274 ltosi
1163 5218 1291 5276 edietum
1300 5221 1405 5280 refert:
1419 5227 1508 5282 ollae
1521 5227 1552 5283 in
1562 5227 1862 5301 palamiaciesverba

245 5293 433 5352 Hebraeorum
446 5294 671 5366 Graecorumque
691 5292 819 5352 sontium
833 5297 1033 5370 vestigatione,
1078 5304 1106 5358 et
1118 5301 1180 5358 haec
1192 5303 1366 5364 abscondes.
1378 5326 1391 5358 r
1403 5307 1463 5364 Sibi
1472 5310 1591 5382 pariter,
1602 5314 1699 5370 Esdrae
1709 5319 1791 5388 puta,
1804 5279 1875 5375 cunr,

245 5381 474 5450 sanctorumque
496 5379 613 5436 Petrum
633 5375 771 5447 lectione,
793 5378 942 5449 evolvere,
954 5380 1033 5438 illius
1078 5384 1127 5440 Dei
1141 5386 1280 5444 instinctu
1291 5388 1384 5449 libros
1396 5391 1532 5456 dicasset
1544 5397 1607 5468 204,
1620 5397 1716 5456 simile
1728 5401 1848 5470 jussum
1864 5418 1874 5460 r
