4050 6018
625 305 1173 395 commissionum.
1192 309 1306 374 xxvii:
1726 312 1781 375 aa

9 385 13 425 ¹
50 410 120 462 nea
150 407 253 470 ardeat
274 409 395 472 lucerna
420 423 592 490 semper,»
620 414 654 472 id
676 415 726 474 hic
750 416 891 492 explicat,
911 419 947 476 ut
986 417 1072 490 quod
1083 419 1264 480 verbotenus
1275 418 1573 492 signifieatpcrdiem,
1585 415 1782 492 ldectquoti·

9 475 135 583 'm‘
154 512 169 547 a
182 509 322 567 semper»
336 495 418 554 idem
431 497 468 554 sit
480 496 564 570 quod
577 494 703 568 singulis
715 500 866 572 noctibue3
879 515 961 557 ιεε-ι
987 500 1056 573 die,
1069 502 1153 578 quod
1167 518 1272 562 verum
1288 505 1350 573 est,
1363 500 1435 575 quia
1453 499 1586 576 quotidie
1599 513 1653 574 per
1665 501 1782 558 noctem

9 568 139 682 ,Qui
150 590 221 648 pere
241 593 310 649 ergo
332 578 532 636 accendebant
553 580 719 638 sacerdotes
740 580 893 654 lucernas,
912 584 947 640 ut
986 583 1092 642 ardere
1111 584 1239 643 debebat
1254 584 1396 642 lucerna:
1412 583 1524 658 alioqui
1544 581 1624 642 enim
1638 582 1783 657 Iosephus

33 659 129 712 *tw*
151 663 212 720 tota
233 665 320 720 nocte
341 663 493 735 arderent3
518 677 606 722 mane
627 679 699 723 vero
721 681 771 723 eae
794 666 945 739 exangue-
985 666 1141 740 Scripturas
1154 667 1279 726 omnino
1291 667 1554 738 loretcontrarius,
1572 683 1642 726 oum
1654 667 1734 725 dicat
1746 683 1784 726 ex

9 731 12 828 f
33 714 129 763 ‘'m'‘
150 744 238 816 hant,
256 747 462 818 mundabant,
479 747 717 820 componebant,
731 751 760 805 et
779 749 879 806 oleum
897 748 944 805 in·
986 749 1060 822 legis
1072 750 1244 825 praescripto
1257 751 1363 809 ldfleri
1374 751 1514 810 debuisse
1526 769 1535 808 ε
1548 749 1783 825 Scripturaenirn

151 827 324 888 fundebant.
345 828 380 887 ld
399 830 441 888 ιιι
460 845 524 888 esse
544 835 625 905 petet
643 834 705 888 tem
724 847 761 888 ex
779 832 839 890 hoc
859 831 944 902 loco,
970 848 1136 908 nusquam
1157 834 1292 910 precipit
1311 839 1345 894 ut
1366 849 1421 910 per
1438 835 1519 894 diem
1540 832 1718 895 accendatur
1737 832 1783 891 lu·
1825 892 1832 908 ¹,

9 925 12 938 ’
151 915 336 986 quamheatt.
345 927 411 986 cap.
419 927 497 982 xxrv,
505 914 533 983 3,
549 917 578 970 et
586 914 607 970 ll
618 915 741 985 Pcrcttp.
751 916 944 987 cap.rrrr,tt,
986 931 1088 989 cerna3
1104 918 1167 975 imo
1184 916 1233 976 hic
1249 921 1279 976 et
1296 918 1369 976 eh'hi
1382 921 1498 977 tantum
1513 934 1569 992 per
1584 922 1783 978 noctemeam

9 985 12 1022 i
119 1057 123 1064 ,
151 997 282 1067 ειιιιερ.
294 1011 344 1066 ιιι,
358 997 387 1052 3.
401 996 443 1053 ιιι
454 994 627 1066 Abulensis,
642 995 771 1054 Oleaster
783 1000 812 1054 et
823 995 884 1054 alu
921 1001 923 1008 ’
987 999 1109 1057 accendi
1117 999 1214 1072 iubet.
1320 1057 1322 1061 ,
1431 1007 1435 1014 ’

9 1069 13 1108 ’
186 1081 331 1154 ιοεεριιιιε
344 1083 459 1151 nmen,
473 1079 527 1138 lib.
541 1082 573 1139 ιιι
588 1082 687 1152 Antip.
702 1097 768 1155 cap.
784 1097 832 1153 rx,
842 1082 945 1140 asserit
1022 1083 1055 1139 ln
1068 1083 1173 1140 Sancto
1186 1099 1258 1156 ergo
1267 1087 1382 1143 hatum
1392 1087 1478 1143 nocte
1489 1084 1634 1143 ardebant
1642 1085 1781 1157 lucernae,
1796 1089 1893 1146 stratto-

151 1164 333 1224 moerdotem
355 1179 443 1222 mane
464 1163 621 1221 extinxisse
639 1169 768 1238 qrmtuor
789 1165 943 1236 lucernas,
986 1180 1087 1239 eaeque
1102 1181 1206 1224 omnes
1219 1167 1259 1224 ad
1272 1168 1457 1240 mysterium,
1471 1171 1505 1224 ut
1518 1167 1627 1228 scilicet
1637 1168 1783 1242 significa-

151 1252 180 1306 et
192 1247 360 1322 permisisse
378 1251 436 1304 tres
455 1246 586 1320 reliquas
598 1247 717 1318 ardere3
729 1263 852 1321 vespere
871 1263 943 1306 vero
986 1252 1081 1318 retur,
1094 1249 1179 1320 quod
1190 1248 1318 1306 lucernae
1331 1251 1425 1320 virae,
1441 1249 1531 1308 idest
1544 1251 1679 1310 doctores
1693 1255 1722 1308 et
1735 1267 1783 1308 aa·

150 1347 270 1390 rursum
283 1333 427 1404 quatuor,
445 1345 521 1403 quas
543 1344 631 1386 mane
650 1330 827 1402 extinxerat,
842 1347 945 1389 accen·
986 1330 1129 1399 cerdotes,
1144 1330 1209 1388 sola
1221 1336 1306 1389 nocte
1318 1333 1408 1403 huius
1422 1332 1532 1403 saeculi,
1546 1332 1578 1389 id
1592 1336 1635 1390 est
1648 1334 1680 1390 in
1689 1335 1784 1391 Eccle-

151 1414 244 1484 disse,
256 1415 297 1472 ita
312 1417 345 1470 ut
356 1427 460 1470 omnes
472 1415 587 1485 septem
605 1411 736 1470 lucerent
747 1429 800 1486 per
812 1418 942 1472 noctem.
987 1412 1031 1469 sia
1053 1411 1125 1482 hac,
1145 1412 1280 1470 rudiores
1302 1412 1471 1470 illuminent
1491 1414 1576 1486 (hino
1595 1414 1669 1476 dixit
1686 1417 1783 1486 Plato,

150 1501 256 1556 Favere
269 1497 386 1555 videtur
404 1495 474 1553 huie
492 1494 661 1565 sententie,
674 1496 759 1570 quod
770 1497 945 1555 tabernacu-
990 1495 1095 1552 cviros
1108 1495 1207 1552 honos
1218 1510 1278 1554 non
1292 1495 1383 1567 longa
1393 1495 1464 1566 vita,
1478 1496 1531 1553 sed
1543 1497 1622 1554 clara
1635 1501 1665 1555 et
1676 1499 1783 1557 illintrl

150 1584 215 1641 lum
234 1585 297 1640 tam
313 1597 367 1654 per
383 1579 479 1652 dmm,
494 1595 588 1654 quam
603 1584 792 1653 pernoctem
810 1581 944 1656 undique
988 1593 1065 1652 opus
1078 1577 1223 1652 hahere»)
1232 1597 1242 1649 ;
1258 1593 1328 1636 nam
1342 1578 1373 1636 ln
1381 1578 1435 1636 dio
1449 1579 1634 1652 aeternitatis,
1648 1597 1718 1648 aum
1729 1584 1785 1642 cri-

150 1663 321 1723 ohrelatum
334 1667 406 1734 erat,
415 1677 469 1720 neo
479 1661 602 1720 haberet
610 1661 777 1735 fenestram,
785 1680 840 1738 per
852 1681 945 1739 quam
988 1676 1055 1717 mus
1068 1659 1099 1718 in
1109 1662 1213 1718 Sancto
1223 1665 1405 1733 sanctorrnn,
1420 1661 1504 1720 nulla
1514 1663 1568 1720 erit
1578 1662 1710 1737 lucerna,
1722 1682 1784 1724 non

149 1748 250 1807 lumen
270 1745 453 1817 admitteret;
473 1760 544 1818 ergo
569 1744 687 1803 videtur
705 1762 782 1820 opus
805 1747 944 1805 hahuisse
988 1743 1049 1813 sol,
1064 1759 1126 1800 non
1140 1744 1227 1817 luna;
1241 1744 1294 1802 sed
1307 1743 1429 1802 lucerna
1441 1745 1506 1817 ejus
1518 1749 1562 1803 est
1578 1752 1677 1820 Agnus
1698 1749 1783 1822 Apoc.

149 1831 237 1888 etiarn
246 1845 301 1904 per
314 1826 393 1886 diein
403 1828 525 1886 lucerna
537 1827 639 1902 aliqua
652 1828 784 1886 ardente.
989 1841 1055 1901 cap.
1069 1841 1131 1898 ιιι,
1145 1841 1221 1884 vers.
1236 1829 1282 1884 23.
1299 1827 1363 1896 Qua
1378 1827 1415 1884 de
1433 1843 1523 1886 causa
1536 1829 1624 1886 etiam
1635 1830 1666 1887 in
1680 1833 1785 1890 Sancto

185 1917 293 1973 verum
306 1914 364 1970 hoc
372 1929 435 1971 non
443 1913 520 1970 adeo
533 1917 645 1970 certum
659 1916 704 1971 est
719 1929 727 1970 r
742 1928 796 1971 nec
807 1913 887 1970 euim
898 1916 947 1973 io·
988 1913 1159 1968 sanatorum
1176 1910 1307 1985 positum
1323 1926 1386 1968 non
1403 1915 1465 1968 erat
1484 1911 1698 1971 candelabrum
1706 1933 1717 1986 3
1732 1916 1785 1973 sed

150 1997 260 2072 sophus
278 1997 353 2056 vidit
371 1997 430 2054 hoo
448 1995 693 2066 tabernaculum,
712 1995 767 2054 aed
783 1996 945 2069 templum;
990 1991 1091 2050 omnia
1101 1991 1145 2050 ihi
1157 1997 1242 2051 erant
1254 1992 1393 2065 obscura,
1406 1999 1439 2051 ut
1454 1996 1546 2052 ocum
1556 1994 1599 2052 ihi
1612 1995 1784 2070 loquentem

151 2083 181 2138 et
198 2079 347 2153 Scriptura
368 2079 463 2137 trihus
480 2082 645 2154 quatuorve
664 2079 737 2136 loaie
752 2079 815 2150 jam
834 2081 927 2138 citatis
935 2123 945 2154 ,
989 2077 1129 2147 tegerent,
1143 2079 1172 2133 et
1180 2075 1378 2148 significarent
1386 2093 1442 2134 nos
1452 2076 1583 2135 futuram
1596 2079 1628 2135 in
1637 2079 1712 2138 coelo
1723 2082 1785 2152 glo·

150 2163 266 2220 nullam
285 2164 413 2221 lucernae
433 2162 557 2235 alicujus
573 2178 628 2236 per
641 2162 722 2220 diem
740 2162 863 2220 lucentis
878 2164 948 2221 lacit
989 2161 1065 2218 riam
1082 2160 1131 2218 hic
1144 2177 1197 2234 per
1211 2162 1346 2219 tenebras
1364 2167 1393 2218 et
1410 2163 1567 2233 aenigmata
1587 2167 1703 2221 tantum
1716 2180 1786 2223 cou-

151 2246 348 2316 mentionem,
363 2246 417 2303 sod
429 2245 600 2320 simpliciter
614 2249 644 2304 et
660 2249 827 2303 constanter
843 2247 947 2305 asserit
989 2243 1136 2316 templari.
1151 2246 1193 2302 lta
1202 2245 1291 2316 Beda,
1305 2244 1359 2303 lib.
1368 2247 1403 2303 ιιι
1420 2249 1459 2302 lte
1474 2248 1668 2315 Tabanccutc,
1682 2263 1748 2322 cap.
1764 2265 1784 2319 r,

149 2328 303 2388 lucernam
312 2344 436 2402 vespere
448 2327 539 2388 luisse
552 2345 716 2400 accensam,
731 2333 760 2387 et
772 2329 882 2388 ιιιιιεεε
895 2347 947 2388 us·
990 2330 1019 2384 et
1031 2328 1222 2403 hadulphus,
1242 2328 1297 2386 ιιι).
1312 2331 1379 2387 Xvil
1393 2332 1426 2386 ιε
1437 2331 1526 2387 lecit.
1539 2345 1606 2403 cap.
1621 2345 1661 2388 ιι.

149 2429 209 2488 que
222 2414 263 2471 ad
275 2429 364 2472 mane
371 2431 381 2484 3
396 2429 459 2486 quo
473 2413 543 2471 eatis
559 2413 671 2483 innuit,
685 2427 773 2470 mane
792 2410 881 2470 icisse
896 2429 946 2472 ex·
1027 2413 1189 2468 Pxnrnruus
1199 2427 1264 2470 narr
1277 2426 1393 2471 eumue.
1403 2442 1440 2456 -
1453 2413 1535 2470 Ritus
1546 2413 1594 2472 hic
1606 2413 1786 2472 accendendi

149 2497 291 2567 tinctam,
304 2500 333 2554 ει
350 2512 404 2570 ρει
422 2496 575 2554 lucernam
595 2495 731 2566 intelligit
750 2511 812 2553 non
833 2511 945 2568 unam,
990 2508 1112 2568 vespere
1124 2493 1261 2552 lucernas
1273 2495 1328 2552 erit
1340 2500 1520 2570 perpetuus,
1535 2497 1664 2570 intellige
1677 2498 1709 2555 in
1721 2498 1786 2570 lege

150 2580 203 2637 sed
216 2595 320 2638 omnes
329 2583 454 2657 septem,
468 2582 502 2636 ut
514 2578 641 2648 videtur,
655 2593 722 2650 quiae
736 2581 820 2634 erant
833 2576 864 2635 in
878 2593 947 2636 een·
991 2580 1019 2633 et
1032 2575 1173 2647 religione
1185 2581 1298 2648 vestra,
1319 2579 1392 2652 quia
1408 2577 1491 2636 omni
1510 2583 1644 2653 tempore
1664 2580 1737 2652 legis
1758 2586 1786 2638 et

151 2659 285 2720 delabro.
299 2665 365 2720 tam
386 2662 466 2720 enim
484 2664 552 2718 ante
570 2659 632 2718 dixi
650 2659 876 2718 ιειιειιιιειιιιιιιι
893 2660 947 2719 ad·
988 2656 1129 2730 judaismi
1143 2657 1263 2717 durabit
1269 2677 1278 2730 ς
1297 2661 1379 2719 unde
1393 2660 1530 2732 additur,
1553 2677 1631 2736 «per
1644 2664 1786 2721 sucessio

150 2745 266 2804 misisse
283 2746 387 2804 lumen
404 2759 459 2818 per
474 2743 576 2802 velum
597 2741 728 2801 anterius
740 2740 904 2814 reflexum,
918 2746 948 2802 et
991 2756 1045 2799 nes
1062 2755 1209 2812 eorum,»
1231 2742 1341 2801 seilicet
1356 2744 1545 2802 sacerdotum
1561 2747 1785 2818 Aaronioorum,

151 2827 350 2902 eliquousquc
375 2827 523 2886 elevatum
545 2844 553 2884 t
575 2828 634 2885 hoo
655 2825 736 2884 enim
759 2824 861 2886 velum
884 2831 948 2886 erat
992 2823 1045 2898 qui
1064 2839 1084 2882 a
1103 2823 1172 2882 filiis
1185 2824 1273 2882 lsrael
1283 2825 1392 2898 jugiter
1410 2826 1552 2901 recipiant
1571 2827 1670 2886 oleum
1683 2830 1723 2887 ad
1740 2846 1786 2888 ae·

151 2910 218 2969 loco
230 2911 297 2970 ostii
310 2911 343 2969 in
353 2911 557 2970 tabernaculo.
797 2954 803 2960 .
992 2907 1159 2966 condendas
1173 2909 1306 2983 quotidie
1320 2909 1467 2968 lucernas.

187 2993 288 3052 Dices:
302 2996 468 3067 iosephus,
487 2993 542 3052 ιιι).
565 2995 623 3054 vm
641 2997 740 3068 Aatiq.
764 3011 831 3070 cap.
853 3011 892 3068 n,
906 2995 949 3055 ait
1027 2991 1156 3065 llystice,
1168 2993 1300 3068 populus
1308 2993 1394 3053 offert
1406 2994 1517 3068 oleum,
1525 2993 1561 3054 id
1569 2997 1623 3067 est,
1631 2997 1784 3064 normien-

151 3077 340 3136 Salomonem
353 3077 456 3136 iecisse
470 3076 685 3136 candelabrum
695 3093 791 3136 unum
804 3079 889 3153 quod
902 3077 948 3137 in-
992 3076 1065 3134 tiam
1077 3085 1201 3149 puram,
1216 3075 1387 3136 iocundam
1399 3082 1429 3136 et
1442 3077 1596 3150 devotam,
1615 3082 1649 3138 ut
1660 3095 1727 3138 eam
1740 3097 1784 3139 aa·

151 3159 249 3220 terdiu
260 3161 385 3220 arderet.
630 3162 632 3166 ’
992 3159 1127 3218 eadelm
1145 3158 1213 3233 igne
1226 3160 1374 3222 chantatta
1389 3165 1419 3220 et
1430 3161 1542 3222 lumine
1556 3162 1665 3223 coelesti
1683 3179 1785 3224 accen·

187 3243 374 3318 Respondeo,
385 3246 481 3306 Gracc
501 3260 558 3319 pro
574 3244 713 3313 interdiu,
726 3247 771 3304 eet
782 3249 833 3300 ut
846 3245 947 3318 ιριρεν,
993 3243 1076 3304 dant.
1090 3244 1132 3304 lta
1144 3243 1232 3306 Beda

494 3579 699 3689 CAPUT
736 3578 1093 3698 translaturi
1131 3579 1442 3689 OCTAVUM.

763 3811 970 3876 ethereis
994 3811 1174 3876 GAPI‘l'lS.

151 3999 346 4060 comanae
357 3997 442 4056 εειιεε
447 3996 601 4074 paratim
614 3997 770 4061 caecato,
780 3996 1102 4062 mtacramacoerdotam,
1113 3996 1216 4052 scilicet
1225 3997 1323 4066 ρειειο,
1334 3992 1431 4066 ephod,
1440 4011 1511 4055 cm.
1520 3998 1550 4056 d.
1558 3999 1689 4069 δεειιεειε,
1697 4005 1784 4062 ratio·

187 4098 250 4156 aaa
262 4111 322 4155 cum
331 4093 602 4166 duodmimpemmis,
614 4107 684 4149 ocra
697 4093 743 4161 ιιι,
753 4094 784 4148 ιιι
797 4107 849 4162 cco
862 4096 922 4148 erut
935 4091 1061 4148 ιιεειιιεε
1072 4094 1099 4146 ει
1110 4093 1228 4156 centos,
1239 4107 1298 4148 cers
1319 4093 1365 4148 30.
1380 4093 1484 4159 Tertio,
1494 4095 1783 4172 twcirchpuaiatitiaa,

186 4197 218 4251 ta
237 4209 293 4266 quc
311 4196 390 4250 crura
406 4192 481 4248 mato
496 4191 599 4262 paaicc
614 4193 640 4244 et
659 4187 863 4254 tintinnabula,
878 4202 948 4244 cere.
963 4188 1008 4244 31.
1025 4187 1142 4252 Quarta
1158 4187 1233 4243 tiara
1251 4203 1310 4242 cum
1326 4189 1430 4244 lamina
1448 4203 1547 4256 cunc,
1560 4193 1606 4246 cui
1619 4194 1783 4266 inscriptum

187 4296 246 4348 erat
259 4309 268 4347 r
282 4285 568 4355 sacramentario,
581 4299 651 4342 cere.
667 4284 712 4341 36.
728 4283 843 4352 Quinto,
859 4285 953 4340 tunica
965 4283 1038 4339 licea
1051 4298 1110 4338 cum
1124 4283 1224 4348 balteo,
1238 4298 1307 4339 vera.
1323 4286 1367 4340 39.
1380 4283 1468 4350 Scato,
1485 4287 1639 4354 [εεοεειιε.
1653 4304 1723 4346 cere.
1736 4293 1782 4348 ta,

198 4483 228 4551 l.
245 4477 383 4572 Appliea
396 4497 529 4570 quoque
543 4473 584 4542 ad
598 4481 629 4541 te
642 4473 754 4540 Aaron
767 4469 900 4539 fratrem
914 4477 1010 4539 tuum
1022 4493 1098 4539 cum
1111 4469 1269 4540 filiissuis
1282 4470 1439 4541 demedio
1454 4473 1601 4543 liliorum
1613 4475 1731 4566 Israel,
1747 4487 1784 4550 ut

151 4585 329 4658 sacerdotio
342 4578 526 4672 iungantur
546 4578 653 4646 mihi:
675 4577 804 4662 Aaron,
826 4573 958 4662 Nadab,
977 4583 1010 4644 el
1026 4575 1133 4660 Abiu,
1155 4575 1301 4660 Eleazar,
1322 4585 1354 4646 ει
1373 4577 1530 4664 Ιιιιειιιει.
1553 4579 1586 4648 2.
1607 4579 1784 4676 Faciesquc

151 4701 273 4764 vestem
287 4695 431 4759 sanctam
445 4687 557 4754 Aaron
570 4681 664 4752 fratri
679 4689 736 4749 tuo
750 4680 785 4749 in
799 4682 939 4770 gloriam
953 4689 985 4749 el
998 4681 1159 4750 decorem.
1180 4681 1212 4750 3.
1233 4681 1274 4748 Ει
1287 4680 1432 4772 loqueris
1444 4685 1570 4754 cunctis
1582 4685 1783 4776 sapientibus

151 4797 264 4884 corde,
286 4816 369 4887 quos
388 4789 514 4883 replevi
533 4787 652 4880 spiritu
674 4785 877 4878 prudentiae,
900 4794 939 4854 ut
956 4786 1078 4854 faciant
1096 4793 1200 4854 vestes
1219 4786 1348 4872 Aaron,
1370 4787 1406 4855 in
1426 4779 1548 4880 quibu's
1565 4791 1783 4862 sanctificatus

152 4901 315 4972 ministret
327 4897 421 4966 mihi.
443 4897 477 4964 ι.
496 4893 576 4988 Haec
592 4900 703 4961 autem
722 4900 819 4959 erunt
836 4891 1030 4960 vestimenta
1047 4913 1122 4984 quae
1139 4891 1282 4959 facient:
1304 4891 1493 4980 Rationale,
1516 4903 1549 4963 et
1567 4895 1784 4987 superhume.

151 5008 238 5092 rale,
253 5005 399 5073 tunicam
412 5007 445 5068 et
456 4999 579 5067 lineam
592 4995 754 5081 strictam,
769 4995 905 5064 cidarim
920 5003 953 5064 ει
964 4997 1123 5065 balteum.
1140 4995 1274 5065 Facient
1288 4991 1481 5066 vestimenta
1493 5009 1603 5068 sancta
1616 4999 1711 5070 fram
1724 5011 1782 5074 [ηο

151 5111 264 5182 Aaron
277 5115 311 5177 ει
323 5107 403 5174 filiis
414 5104 486 5196 ejus
494 5155 504 5189 ,
517 5110 557 5172 ut
568 5100 746 5170 sacerdotio
759 5101 943 5189 iungantur
954 5100 1037 5169 mihi
1049 5127 1058 5184 ;
1074 5101 1106 5170 5.
1121 5100 1343 5193 accipientque
1352 5124 1488 5189 aarum,
1504 5115 1535 5172 et
1548 5103 1780 5198 hyacinthum,

152 5225 185 5286 et
198 5233 396 5308 purpuram,
412 5229 609 5298 coccumque
619 5206 671 5274 bis
681 5205 836 5293 tinctum,
851 5213 883 5274 et
896 5206 1043 5298 byssum.
1059 5207 1091 5276 ιι.
1108 5205 1240 5276 Facient
1249 5214 1360 5275 autern
1370 5207 1639 5300 superhumerale
1648 5213 1689 5284 de
1700 5238 1782 5286 aum

153 5317 374 5412 ethyaointho
392 5323 424 5386 et
440 5335 605 5407 purpura,
625 5334 784 5403 coccoque
796 5312 849 5382 bis
863 5311 982 5398 tincto,
1004 5321 1037 5381 et
1052 5314 1149 5404 bysso
1169 5319 1307 5400 retorta,
1330 5336 1427 5404 opere
1444 5315 1615 5408 polymito,
1639 5319 1671 5390 y⁸
1693 5319 1783 5388 pu„

334 5445 355 5485 ¹·
1252 5479 1255 5484 -
1570 5435 1606 5490 aa
