4088 6032
248 373 287 432 38
839 365 1070 426 inuunun'wll
1087 369 1121 427 iN
1138 369 1291 426 subestur.

248 491 385 548 merum,
399 472 563 549 ceponium
588 473 616 528 et
633 472 777 528 loannem
789 471 915 540 lerum,
935 471 988 544 qui
998 475 1040 527 tu-
1082 472 1148 530 loeu
1162 469 1403 542 nonuunoiab05
1420 470 1491 546 quie
1506 486 1611 528 omnes
1626 471 1722 528 solunt
1735 471 1875 544 interpre-

210 551 213 556 ’
248 575 319 619 men
335 574 404 617 oum
415 571 509 627 grene
526 553 596 612 salis
613 552 672 625 legi
685 553 774 610 debet
787 571 795 609 :
810 553 897 610 valde
910 554 989 610 enim
1007 553 1041 610 il-
1082 557 1125 613 tes
1139 556 1214 613 illud
1229 554 1340 612 ibidem
1354 557 1493 625 tractare,
1511 553 1703 612 scholasticos
1720 554 1836 612 veroin
1853 555 1874 610 li

249 644 319 701 dem
327 640 451 709 extollit,
459 637 670 716 quodpropter
680 636 840 694 lutherum
849 640 877 692 et
885 636 1041 694 Calvinum
1082 639 1169 705 Seni„
1188 638 1254 698 dist.
1277 651 1318 696 ιιι
1339 643 1366 696 et
1380 655 1453 713 seq„
1473 642 1523 696 aut
1540 645 1615 709 port.
1636 641 1661 710 l,
1679 642 1783 713 quaest.
1798 640 1875 696 lxvi

248 725 307 782 hoo
330 728 464 796 tempore
487 719 688 794 periculosum
710 723 764 776 est.
789 721 919 793 lienique
942 718 1042 792 legunt
1084 726 1113 780 et
1125 737 1188 797 seq.
1201 723 1264 780 tam
1278 721 1350 795 quie
1361 721 1498 782 nonnulli
1511 725 1608 782 Patres
1622 727 1650 779 et
1663 725 1800 781 Doctores
1812 737 1876 780 ver-

249 805 421 880 Dionysium
439 803 683 874 carthusianum,
698 803 751 876 qui
769 803 887 874 singula
905 803 965 862 iere
978 819 1043 862 mo-
1083 805 1131 864 bis
1141 809 1210 866 euui
1221 803 1329 880 proflui
1342 808 1370 862 et
1381 805 1506 879 prolixi,
1523 821 1579 878 ego
1595 822 1666 864 vero
1681 807 1875 882 breviloquus

249 889 347 948 naliter
356 887 485 962 applicet
497 892 526 945 et
536 888 663 961 explicui
675 905 682 943 :
693 891 782 961 etque
793 886 953 944 Antonium
967 889 1041 944 ilon-
1084 905 1166 959 sum,
1179 904 1215 946 ne
1228 905 1304 963 opus
1317 889 1403 946 nimis
1417 893 1561 948 excrescat
1568 931 1578 960 ,
1593 895 1621 948 ei
1635 891 1725 948 lector
1739 889 1876 963 defetige-

250 973 345 1032 celem
363 973 544 1030 Genonioum
562 971 757 1042 Abuieusem‚
771 971 825 1045 qui
843 971 892 1045 pie
910 986 994 1045 aeque
1008 987 1042 1028 eo
1084 977 1142 1044 tur,
1155 975 1209 1030 heo
1229 973 1265 1030 de
1284 988 1373 1032 oense
1391 972 1517 1031 subinde
1533 974 1626 1031 verba
1643 990 1748 1032 eorum
1767 974 1875 1031 redun-

249 1056 334 1114 doote
349 1055 381 1112 in
394 1055 530 1112 Genesim
546 1059 771 1113 commentatur.
1083 1057 1199 1127 dantia,
1213 1061 1241 1114 et
1253 1056 1355 1115 iterate
1368 1057 1505 1128 suceid03
1522 1073 1556 1114 uo
1574 1057 1726 1114 nonnuliis
1740 1056 1875 1115 interme-

284 1137 429 1212 lienique,
450 1138 524 1196 dum
540 1139 629 1196 hosce
648 1139 711 1210 jam
734 1138 827 1196 dictos
849 1136 963 1210 citabo,
981 1154 1042 1196 non
1085 1140 1142 1200 diis
1153 1139 1284 1210 omissis,
1299 1140 1390 1213 seligo
1405 1143 1607 1214 eonneotoque
1621 1155 1655 1196 en
1671 1155 1875 1213 quaenervum

250 1221 401 1281 annotabo
423 1220 539 1294 looum3
561 1222 750 1294 subintelligo
764 1223 860 1294 enim,
878 1223 962 1297 quod
982 1222 1043 1280 eui·
1084 1230 1112 1282 et
1125 1223 1244 1297 pondus
1257 1224 1353 1294 majus
1372 1221 1482 1280 hebent
1498 1241 1505 1279 :
1520 1223 1618 1297 itaque
1635 1237 1754 1279 omnem
1771 1237 1875 1281 eorum

250 1321 309 1381 que
323 1304 448 1363 obvium
465 1308 508 1364 esi
527 1305 675 1378 cogitare,
693 1305 775 1382 ipsos
795 1306 827 1362 in
844 1306 925 1365 huno
943 1306 1042 1366 locum
1085 1323 1206 1366 succum
1220 1306 1357 1377 extraho,
1375 1321 1503 1382 eumque
1523 1309 1553 1366 in
1573 1322 1670 1382 panon
1681 1307 1876 1381 ipsorummet

250 1403 340 1467 quem
353 1391 446 1451 treeto
458 1388 491 1450 id
501 1389 596 1450 dicere
608 1408 616 1450 ε
629 1390 702 1451 eiius
716 1390 864 1455 ordinarie
877 1390 977 1452 loeum
991 1404 1042 1454 eu·
1084 1387 1341 1462 mummolenum,
1355 1394 1388 1448 ut
1398 1390 1559 1466 legentium
1571 1393 1599 1448 et
1612 1390 1752 1466 tempori,
1765 1394 1794 1448 et
1806 1405 1875 1462 gue-

250 1473 373 1535 uotebo.
395 1475 427 1532 ln
449 1489 539 1548 opere
559 1480 660 1534 sutem
683 1477 881 1546 nemmem,
903 1475 995 1533 Genus.
1015 1490 1042 1546 r,
1084 1474 1127 1532 tui
1141 1474 1542 1548 commodisqueoonsuiem.
