4100 6024
185 307 188 318 '
259 342 278 397 a
808 337 983 396 arcanum
1001 338 1120 396 sacas
1139 339 1343 396 seraranan.

259 445 423 518 Augustam
435 440 526 502 iliada
539 442 656 500 Homeri
669 440 709 499 ad
721 440 869 500 Christum
882 459 1052 501 accommo-
1096 445 1230 518 phrasim
1246 443 1411 512 imbibere,
1430 446 1460 502 et
1478 443 1565 517 quasi
1585 441 1780 502 domesticum
1799 443 1831 500 in
1853 458 1892 502 eo

260 527 375 597 dantes,
387 525 528 596 imitatus,
538 525 716 599 Scriptmam
730 526 757 582 S.
773 525 830 598 pia
841 541 902 582 sua
911 526 1052 584 adinven·
1096 527 1206 586 versari
1219 546 1226 583 :
1237 527 1322 601 quod
1328 526 1382 600 qui
1391 526 1522 600 negligit,
1536 525 1620 584 dictis
1629 526 1809 600 quibusdam
1822 525 1891 583 hinc

259 610 334 668 tioni
348 608 737 682 attemperet,parniciosnm
751 611 794 665 est
807 609 923 678 sentim,
937 610 1051 682 pericu·
1097 610 1166 668 inda
1189 609 1405 667 difficilioribus
1426 609 1568 683 excerptis
1590 608 1800 682 explicatisque
1820 625 1891 667 con-

259 695 352 753 lcsius
365 693 469 751 lacere.
485 693 513 750 si
523 693 602 749 enim
616 692 758 766 mysticus
768 707 855 748 verus
867 696 910 750 est
924 693 1052 765 Scriptu-
1097 697 1204 763 tentus,
1224 709 1380 766 nunquam
1401 693 1440 751 ad
1453 707 1536 750 sacra
1558 693 1659 765 adyta,
1678 708 1831 763 arcanum,
1846 694 1892 750 in·

260 795 300 836 ra
317 793 435 847 sensus,
450 777 475 833 si
497 792 566 834 eum
581 776 630 834 rel
646 777 776 834 maxime
793 775 916 848 Spiritus
930 777 1051 833 Sanctus
1097 791 1200 849 quam,
1214 781 1383 834 sanctorum
1393 776 1581 849 eloquiorum
1595 776 1778 849 penetrabit3
1795 777 1892 834 sedet

260 862 369 922 dictare
388 861 491 930 voluit,
505 875 567 934 qua
588 859 701 918 ratione
723 860 851 917 liberum
866 860 973 934 cuique
986 859 1050 929 erit,
1095 855 1181 918 facile
1208 877 1226 919 a
1248 862 1367 918 veritate
1387 864 1415 918 et
1435 863 1531 918 mente
1557 860 1707 934 scriptoris
1728 860 1888 918 aberrabit.

260 963 330 1005 enm
342 950 375 1003 ut
389 944 469 1002 volet
483 945 651 1017 exponeret
674 959 735 1017 qua
756 942 852 1001 fronte
872 943 983 1001 cerebri
1004 943 1051 1000 sui
1097 943 1199 1000 Videre
1218 944 1276 1001 hoc
1289 948 1332 1002 est
1348 944 1380 1002 in
1402 943 1555 1002 nonnuliis
1572 944 1812 1017 antiquioribus,
1825 958 1889 1002 non

260 1032 327 1107 quis
341 1033 553 1098 commentum,
569 1028 691 1102 Spiritus
704 1028 800 1086 Sancti
814 1033 942 1086 mentem
956 1028 1050 1098 dicet,
1096 1026 1222 1085 indoctis
1235 1018 1347 1102 alioqui
1361 1027 1439 1099 viris,
1457 1027 1511 1102 qui
1524 1027 1557 1086 in
1573 1041 1605 1084 re
1621 1027 1797 1099 Theologica
1811 1026 1887 1085 adeo

260 1131 349 1190 seque
364 1129 477 1188 suaque
497 1116 531 1170 ut
542 1111 666 1186 Spiritus
679 1110 775 1170 Sancti
793 1111 938 1170 fanaticus
950 1111 1051 1168 vendi·
1095 1109 1197 1167 leviter
1221 1112 1403 1186 quandoque
1424 1115 1542 1185 arrepto
1565 1112 1712 1170 mamete
1739 1111 1888 1186 quopiam

258 1199 350 1258 abitt
370 1198 511 1256 Viderunt
523 1195 592 1266 hoc,
611 1198 809 1268 caveruntque
825 1194 947 1264 sedulo,
968 1194 1051 1268 quie
1096 1207 1180 1251 sacro
1190 1193 1362 1262 abutuntur,
1377 1199 1411 1252 ut
1423 1194 1564 1254 haereticis
1576 1195 1684 1254 nostris
1698 1195 1886 1266 cachinnum,

259 1283 393 1342 Patribus
415 1280 588 1352 allegoriam
605 1279 734 1336 maxime
747 1282 918 1348 versarunt,
934 1278 988 1350 qui
1000 1293 1052 1336 eo·
1095 1277 1250 1337 Catholicis
1263 1278 1355 1338 bilem
1369 1285 1519 1338 moveant.

259 1369 328 1427 dem
348 1365 456 1440 Spiritu
475 1364 572 1437 pleni,
587 1377 649 1420 non
666 1363 706 1420 ad
722 1363 846 1436 plausus
860 1376 967 1420 suosve
980 1375 1051 1419 con·
1130 1363 1304 1421 Praeteres.
1317 1363 1473 1436 Gregorius
1483 1365 1761 1440 prooemioiatitror
1772 1369 1884 1438 aqam,

260 1454 360 1524 ceptus
375 1447 564 1516 astruendas,
583 1445 635 1504 ubi
650 1446 778 1506 arridere
797 1447 928 1516 videtur,
942 1449 1050 1502 temera
1094 1445 1233 1504 lectorem
1247 1450 1358 1515 monet,
1376 1447 1460 1506 aliter
1479 1463 1510 1504 se
1524 1448 1652 1506 subinde
1666 1449 1819 1507 historiam
1836 1467 1887 1509 ex·

259 1549 325 1592 aem
347 1530 528 1600 obtrudunt,
549 1532 599 1587 aut
616 1529 790 1588 inconcinne
811 1529 900 1587 fronti
918 1543 1048 1596 ocream,
1094 1528 1214 1602 plicare,
1225 1546 1316 1604 quam
1330 1534 1426 1590 Patres
1438 1531 1558 1590 iecerint
1570 1549 1577 1587 ι
1591 1532 1616 1589 si
1626 1532 1832 1607 enim,inquit‚
1842 1534 1887 1592 illi

261 1619 345 1692 quod
354 1617 445 1688 vulgo
457 1614 575 1684 dicitur,
586 1612 665 1671 tibiae
678 1613 794 1686 galeam
808 1614 978 1688 applicant;
998 1612 1051 1670 sed
1094 1611 1222 1672 seriatim
1236 1618 1341 1672 cuncta
1353 1617 1545 1688 exponerent,
1559 1630 1627 1689 qua
1641 1631 1678 1674 ex
1690 1620 1774 1689 parte
1787 1617 1887 1690 tetige-

261 1702 303 1759 rei
316 1702 356 1758 ita
366 1716 433 1758 eam
443 1696 621 1767 devinciunt,
631 1700 664 1754 ut
677 1701 743 1771 apte
754 1713 808 1771 per
819 1697 919 1754 omnia
928 1711 1051 1754 conscu—
1094 1700 1179 1767 runt,
1202 1713 1268 1754 eam
1290 1698 1395 1756 seriem
1417 1698 1574 1757 locutionis
1594 1713 1686 1772 quarn
1709 1703 1809 1757 tenere
1830 1701 1886 1758 visi

146 1785 250 1841 naeres
262 1785 323 1842 tiat.
337 1784 416 1842 Sicut
433 1782 513 1839 anim
526 1781 557 1838 in
570 1781 709 1839 historico
722 1781 813 1838 rerba
833 1797 879 1838 res
892 1783 987 1850 gestas
1001 1780 1051 1837 de·
1094 1783 1173 1850 stant,
1187 1779 1343 1840 observare
1356 1797 1547 1856 nequaquam
1560 1781 1734 1856 potuissent.
1748 1782 1836 1841 ttulta
1843 1784 1886 1840 ri·

141 1847 249 1952 ζζῬὲξξξξ
262 1872 379 1938 notam,
394 1867 435 1925 ita
448 1866 478 1922 in
493 1864 668 1938 allegorico,
687 1881 734 1922 res
755 1868 843 1937 gestas
861 1864 933 1922 alias
956 1863 1051 1934 magis
1094 1862 1199 1922 delicet
1210 1864 1388 1937 inseruntur,
1402 1871 1545 1939 preeunt,
1568 1869 1801 1939 consequuntm,
1818 1883 1887 1942 quar

141 1968 238 2018 litterata.
261 1969 382 2013 arcanas
393 1950 579 2024 significant:
595 1954 637 2022 ut,
651 1951 707 2007 nisi
722 1949 863 2022 allegoria
873 1949 1051 2022 respondeat
1094 1961 1162 2002 eum
1174 1947 1241 2006 loco
1255 1953 1514 2024 quempartractas
1522 1950 1725 2023 comparanda
1736 1954 1815 2022 sunt,
1825 1951 1886 2010 elo-

259 2036 406 2104 historiae,
420 2035 494 2090 laisa
507 2048 629 2106 prorsus
642 2033 679 2091 sit
698 2038 727 2092 et
749 2033 884 2092 evanida.
900 2035 940 2090 tia
961 2047 1050 2090 causa
1093 2029 1218 2088 cutionis
1232 2048 1320 2090 sacra
1334 2034 1443 2092 modus
1453 2033 1519 2091 aliis
1532 2034 1620 2092 etiam
1633 2033 1664 2092 in
1677 2033 1750 2090 locis
1769 2048 1886 2107 perves-

259 2124 286 2180 S.
309 2121 522 2192 Hieronymus,
536 2117 568 2174 in
591 2117 654 2176 Osee
676 2133 742 2192 cap.
763 2117 943 2186 ascribens,
965 2115 1049 2189 quod
1092 2112 1231 2183 ligandas
1244 2120 1297 2187 est,
1311 2117 1427 2189 phrasis
1442 2117 1654 2190 disquirenda:
1669 2133 1737 2190 quar
1755 2119 1781 2175 si
1793 2134 1886 2193 expo-

258 2206 295 2263 de
308 2218 376 2273 rege
387 2200 505 2273 Assyrio
515 2201 626 2273 passim
636 2200 751 2270 dicitur,
758 2201 843 2272 iuxta
851 2199 1049 2274 tropologiam
1093 2196 1191 2254 sitioni
1202 2213 1264 2256 non
1276 2200 1451 2271 cohaereant,
1463 2201 1637 2274 neutiquam
1652 2215 1687 2258 ea
1700 2201 1830 2273 genuina
1842 2206 1886 2261 est

257 2289 296 2348 ad
317 2286 464 2345 Christum
482 2284 628 2341 deducere
649 2284 744 2358 (quod
758 2283 921 2357 aliquando
937 2283 1050 2356 impru·
1092 2277 1149 2338 loci
1169 2283 1329 2354 sententia,
1344 2285 1517 2357 neutiquam
1533 2299 1569 2342 ea
1589 2283 1731 2342 orationis
1745 2288 1884 2358 potestas,

257 2372 330 2432 dens
344 2373 431 2428 antm
451 2368 515 2440 ipse
534 2365 652 2438 fecerat)
673 2366 800 2440 impium
818 2383 881 2423 essa
895 2366 1000 2436 docet3
1020 2369 1049 2422 et
1091 2363 1136 2418 vis
1150 2367 1178 2420 et
1198 2366 1303 2423 notio:
1324 2370 1357 2423 ut
1378 2368 1512 2440 ambigas
1530 2383 1608 2441 sape
1622 2367 1738 2439 uhins,
1752 2367 1885 2442 ipsiusne

257 2454 383 2529 prologo
398 2453 429 2509 in
442 2451 579 2520 abdiam,
591 2451 745 2522 semetipse
759 2450 866 2522 arguit,
878 2450 962 2523 quod
977 2449 1049 2507 olim
1091 2446 1134 2503 rei
1148 2463 1186 2504 an
1199 2449 1325 2522 phrasis,
1338 2449 1502 2510 obscuritas
1516 2451 1553 2508 sit
1566 2451 1672 2524 major.

258 2538 413 2611 allegorice
431 2535 609 2609 prophetam
622 2533 702 2592 hunc
715 2533 919 2608 explicuisset,
933 2534 1049 2590 tristari·
1127 2539 1217 2596 Taceo
1243 2539 1371 2610 variam,
1393 2544 1422 2597 et
1437 2541 1524 2614 quasi
1543 2539 1735 2612 omnigenam
1756 2543 1886 2601 mabrica

259 2638 325 2682 cam
338 2621 401 2692 ejus
413 2617 635 2690 intelligentiam
644 2618 772 2675 necdum
782 2622 941 2676 assecutus.
1092 2620 1340 2693 amplitudinem:
1361 2623 1436 2697 quid
1451 2624 1531 2682 enim
1552 2626 1616 2682 toto
1634 2624 1725 2682 reteri
1745 2639 1884 2701 novoque

194 2744 200 2758 .
294 2707 339 2764 Ad
358 2703 531 2762 historicum
545 2718 635 2772 vcro,
652 2706 685 2760 ut
705 2703 730 2760 is
746 2717 824 2759 unus
838 2701 891 2760 tibi
912 2701 1048 2774 sufficiat,
1090 2705 1285 2764 instrumento
1312 2723 1374 2768 non
1401 2709 1615 2784 pertractatur,
1649 2710 1701 2765 aut
1727 2709 1886 2783 tangitur?

259 2794 334 2864 quot
352 2787 529 2862 quantisque
544 2785 722 2857 adjumentis
744 2789 788 2843 est
802 2787 899 2858 opust
918 2802 1010 2860 quam
1023 2787 1048 2842 is
1091 2789 1223 2862 Exempli
1236 2791 1273 2848 sit
1286 2791 1387 2862 instar,
1402 2795 1435 2849 ut
1448 2795 1571 2864 Regum,
1581 2790 1826 2865 itachaboeorum,
1835 2797 1884 2853 Es·

258 2889 335 2948 saepe
345 2871 537 2931 reconditus?
550 2885 642 2943 quam
656 2868 775 2927 liebraea
787 2869 889 2943 phrasi
903 2871 1046 2942 Graecave,
1091 2872 1162 2942 dra,
1179 2874 1302 2932 Danielis
1316 2880 1344 2932 et
1364 2875 1491 2933 aliorum
1505 2875 1717 2948 Prophetarum
1731 2877 1884 2938 volumina

257 2963 395 3027 otnero,
415 2971 433 3012 a
453 2953 621 3026 caeterisque
642 2951 783 3010 omnibus
796 2952 974 3026 discrepanti
988 2954 1049 3011 dic·
1089 2954 1245 3029 intelligas,
1261 2961 1444 3032 quamvaria
1457 2959 1580 3018 historia
1593 2960 1723 3030 Gentihs,
1732 2965 1807 3035 quet
1819 2977 1884 3020 mo-

257 3041 344 3100 tionis
357 3053 463 3111 genere
481 3036 620 3094 abditus?
639 3051 731 3111 quam
754 3036 889 3096 sublimis
908 3037 1048 3096 altissima
1090 3041 1229 3112 narchiae,
1240 3044 1438 3116 Assyriorum,
1452 3044 1614 3114 bladorum,
1628 3045 1793 3117 Persarum,
1807 3049 1885 3105 Grae·

257 3141 333 3200 saepe
348 3139 410 3182 sese
430 3122 538 3179 librat?
556 3125 656 3195 Neque
671 3122 704 3178 id
725 3122 845 3180 mirum.
865 3123 893 3180 Si
910 3123 989 3180 enim
1003 3139 1049 3180 sa·
1090 3139 1205 3197 corum,
1219 3129 1421 3185 Romanorum
1434 3129 1667 3201 pernoscenda?
1686 3133 1762 3202 quot
1784 3146 1883 3190 moras

255 3211 389 3282 pientum
407 3206 498 3263 rerba
521 3221 606 3263 sensa
629 3206 721 3263 animi
742 3206 882 3279 sapientis
904 3207 1047 3280 produnt,
1090 3210 1232 3281 gentium,
1242 3211 1315 3267 ritus
1323 3211 1478 3283 ioedcrum,
1489 3211 1649 3283 bellorum,
1659 3213 1882 3287 sacrificiorum,

254 3308 373 3367 voxque
386 3291 546 3364 respondet
567 3289 752 3363 conceptioni
771 3291 896 3349 mentis:
910 3291 964 3350 ubi
985 3293 1048 3351 hoec
1090 3293 1308 3352 connubiorum
1330 3295 1542 3369 perquirendi?
1560 3301 1636 3371 quot
1655 3295 1775 3356 urbium
1797 3300 1882 3368 situs,

255 3376 377 3433 coelestis
394 3380 423 3431 et
441 3374 542 3431 divina
555 3373 658 3442 tuerit,
673 3387 765 3446 quam
786 3389 903 3434 necesse
920 3379 963 3432 cst
985 3377 1047 3435 elo·
1089 3374 1258 3448 fluminum,
1272 3379 1430 3448 montium,
1438 3379 1595 3451 regionum
1609 3395 1646 3437 ex
1658 3381 1797 3440 universa
1808 3384 1883 3441 anti·

255 3459 402 3516 cntionem
415 3457 523 3529 pariter
539 3455 685 3514 coelestem
698 3471 761 3513 esse
775 3461 802 3514 et
822 3457 978 3515 divinam?
997 3474 1047 3518 ae-
1089 3459 1240 3532 quissima.
1250 3461 1467 3534 chorograpbia
1480 3467 1509 3520 et
1522 3463 1749 3538 cosmographia
1768 3467 1885 3540 perlus-

255 3542 328 3598 mini
341 3543 440 3598 autem
462 3537 588 3596 dubiam
603 3553 702 3596 sacros
716 3537 809 3596 libros
823 3555 908 3598 sensa
923 3542 1046 3614 Spiritus
1088 3542 1211 3599 uendit

255 3623 360 3694 Sancti,
375 3621 607 3696 sapientiamque
624 3621 725 3678 aterni
743 3620 829 3678 Verbi
850 3638 905 3678 sua
918 3624 1047 3682 dictione
1123 3626 1168 3683 lV.
1184 3627 1288 3684 Verum
1301 3628 1418 3702 nequis
1431 3629 1481 3688 hic
1494 3631 1653 3705 scrupulas
1669 3635 1812 3708 supersit,
1825 3652 1882 3710 age
1895 3647 1948 3704 cap.
1970 3659 2002 3693 π.

255 3706 433 3780 complecti:
455 3709 489 3762 ut
507 3703 632 3778 proinde
653 3719 715 3761 non
736 3705 820 3762 humi
839 3722 954 3778 serpere
964 3749 973 3778 ,
994 3710 1048 3767 sed
1088 3709 1184 3781 prima
1195 3709 1234 3766 ab
1251 3711 1362 3782 origine
1379 3727 1443 3770 rem
1457 3715 1650 3788 deducamus,
1665 3718 1881 3794 videamusque
1893 3709 2004 3782 ΜΨ)

255 3793 286 3849 in
304 3791 399 3848 altum
411 3789 522 3859 erigere
537 3803 600 3844 sese
622 3790 770 3860 oporteat,
790 3788 815 3849 si
838 3789 945 3847 divinis
966 3791 1046 3850 hisce
1088 3794 1243 3866 quomodo
1267 3795 1349 3851 omni
1369 3811 1485 3871 semper
1502 3802 1602 3871 atate,
1621 3801 1777 3860 difficultas
1795 3805 1882 3876 juxta
1894 3771 2005 3891 w&

254 3873 381 3948 eloquiis
403 3872 442 3929 ad
457 3871 558 3928 divina
578 3871 723 3942 cogitata,
737 3871 924 3945 primamque
942 3875 1046 3933 verita·
1088 3891 1122 3933 ac
1136 3875 1298 3946 dignitass.
1311 3879 1483 3953 Scriptura,
1495 3887 1524 3938 et
1538 3886 1730 3942 reverentiam
1739 3888 1784 3944 sui
1795 3903 1882 3947 acue·
1893 3895 1948 3940 ater
1978 3901 2004 3940 et

255 3962 314 4014 ivm
327 3956 480 4030 perv⁰lare
493 3955 561 4028 quis
573 3955 682 4029 cupiat·
1087 3959 1140 4030 rit,
1156 3963 1184 4016 et
1197 3959 1330 4019 studium
1345 3963 1518 4022 Sanctorum
1532 3967 1707 4026 accenderit.
1722 3973 1807 4044 Apud
1829 3975 1882 4030 tle-
1898 3958 1993 4061 {tempu

189 4085 196 4102 .
291 4044 392 4099 Pateor
416 4039 574 4112 equidem,
601 4036 795 4098 scholasticos
820 4041 957 4099 Doctores
980 4058 1046 4116 per·
1087 4041 1881 4130 bracospervulgataesttraditio,cuien0strisastipu-
1915 4023 1993 4124 ’ἔξω

254 4127 349 4184 nrulta
361 4141 377 4182 a
390 4124 543 4197 scripturis
556 4123 700 4181 subtiliter
712 4139 874 4195 accersere,
889 4140 983 4198 eaque
997 4141 1045 4185 su·
1086 4124 1185 4182 lentur
1197 4128 1225 4184 S.
1241 4127 1379 4199 tlilarius,
1395 4131 1469 4186 Psoi.
1482 4137 1552 4201 rr,et
1566 4133 1713 4206 Origenes,
1722 4136 1805 4196 bom.
1817 4143 1836 4198 a
1849 4145 1881 4198 ia
1899 4142 2003 4199 amara

253 4209 344 4265 binde
358 4208 514 4278 discutere3
527 4208 579 4266 sed
590 4222 659 4266 suas
672 4207 729 4280 ipsi
743 4207 800 4266 sibi
817 4211 910 4266 metas
923 4210 1045 4268 Theolo-
1086 4211 1181 4280 Nam,
1195 4211 1295 4268 ttosen
1307 4227 1375 4268 cum
1384 4212 1460 4283 lege,
1474 4214 1562 4271 etiam
1570 4216 1644 4288 legis
1652 4218 1880 4292 explicationem
1894 4203 1917 4247 ⁵·
1932 4205 2003 4262 ΜΡ·

253 4293 324 4362 giris
351 4290 564 4365 questionibus
588 4289 747 4361 definiunt,
768 4306 835 4363 quae
855 4291 967 4350 affatim
987 4294 1044 4367 ipsi
1086 4293 1118 4350 in
1143 4298 1243 4350 monte
1266 4295 1334 4352 Sina
1356 4296 1496 4354 divinitus
1518 4301 1663 4374 accepisse
1678 4320 1686 4358 :
1701 4305 1787 4379 eique
1804 4323 1881 4381 prae·
1893 4273 2005 4374 yffi..

253 4375 381 4432 materiae
401 4379 429 4432 et
449 4389 546 4446 cperae
564 4373 715 4446 ,Theologo
730 4374 907 4446 utilissimae,
923 4381 950 4432 ct
971 4393 1042 4436 vero
1086 4381 1205 4449 ceptum
1218 4393 1291 4448 esse,
1306 4382 1338 4434 nt
1350 4379 1445 4450 legem
1455 4381 1603 4454 scriberet,
1615 4385 1750 4458 sedlegis
1764 4392 1881 4450 occulta
1891 4391 1946 4436 uu.

252 4458 435 4527 necessariae,
460 4457 670 4529 suppeditant,
693 4461 726 4514 ut
749 4457 831 4514 aliud
850 4473 887 4515 ex
909 4459 1042 4533 prolesso
1086 4460 1225 4531 mysteria
1237 4465 1265 4517 et
1285 4477 1371 4518 sensa
1391 4465 1489 4534 torua,
1503 4466 1592 4524 ethic
1605 4471 1819 4545 sacerdotibus,
1833 4475 1880 4533 hi-

251 4557 337 4612 agere
351 4555 413 4598 non
426 4539 512 4596 liceat
531 4540 677 4611 :perinde
696 4544 728 4596 ut
740 4541 793 4612 qui
804 4557 900 4598 sacras
916 4543 1043 4602 elucidat
1085 4559 1144 4617 que
1167 4550 1379 4618 consequenter
1405 4549 1522 4606 vicariis
1549 4551 1611 4607 suis
1638 4558 1880 4632 succedentibus,

251 4626 379 4694 Litteras,
395 4622 521 4680 subinde
535 4623 723 4693 Theologieas
735 4623 937 4682 conclusiones
953 4627 1042 4684 sacris
1085 4641 1194 4697 magna
1202 4629 1308 4684 silentii
1318 4630 1459 4702 religione
1470 4635 1642 4694 revelarent.
1651 4639 1883 4702 liincttnatolius

251 4708 399 4766 sententiis
418 4706 583 4778 involutas,
601 4707 710 4764 eroldi
722 4708 904 4780 accuratius,
926 4711 989 4780 sed,
1005 4729 1041 4769 ne
1084 4711 1167 4782 apud
1177 4712 1463 4782 Eusebium,lib.vtl
1474 4719 1561 4784 Hiar,
1573 4735 1639 4793 cap.
1650 4737 1749 4796 xxmn,
1760 4728 1882 4800 Septua-

250 4795 328 4850 ultra
340 4791 502 4864 crepidam,
516 4791 555 4848 ad
570 4807 640 4848 suos
655 4791 753 4848 statim
773 4807 804 4849 se
817 4793 920 4866 recipit
930 4797 1042 4852 cancel·
1083 4794 1165 4864 ginta
1177 4796 1350 4868 interpretes
1365 4800 1522 4858 Ptolemae
1541 4803 1745 4880 Philadelpho,
1760 4813 1882 4885 AEgvpti

250 4877 306 4934 los.
322 4879 427 4934 Verum
450 4875 532 4933 aliud
551 4879 595 4933 est
614 4875 746 4934 delibare
767 4877 941 4950 quidpiam,
959 4881 1042 4939 aliud
1083 4877 1156 4948 regi,
1170 4883 1372 4950 percunctanti
1391 4884 1494 4954 multa,
1509 4900 1545 4943 ex
1562 4887 1648 4946 hlosis
1670 4869 1881 4952 traditionibus

249 4965 328 5018 certo
338 4959 514 5017 etccntinuc
523 4958 653 5032 idipsum
662 4959 766 5018 ordine
777 4965 943 5033 pertexere3
957 4963 1040 5022 aliud
1084 4964 1271 5034 respondisse
1285 4971 1393 5026 narrat.
1416 4971 1449 5025 Et
1463 4972 1580 5044 Esdras,
1594 4973 1641 5032 rel
1654 4977 1791 5050 quisquis
1811 4995 1882 5037 aua.

250 5043 421 5101 sententiam
434 5043 607 5116 quampiam
621 5046 771 5113 excutere,
793 5043 875 5101 aliud
892 5045 1040 5116 integrum
1083 5049 1130 5104 tor
1141 5045 1194 5103 lib.
1207 5049 1239 5103 tv
1254 5051 1349 5106 Esdrca
1366 5052 1429 5124 (cui
1440 5055 1493 5111 atsi
1507 5059 1744 5132 concanonica,
1758 5064 1882 5121 canoni-

248 5127 409 5197 volumen,
424 5141 588 5200 omnesque
604 5128 668 5198 eJ'us
686 5127 845 5184 sententias
862 5127 995 5199 diligenti
1012 5135 1040 5187 et
1083 5129 1123 5186 eis
1144 5135 1242 5188 tamen
1263 5135 1402 5204 adjuncto
1416 5152 1471 5195 sua
1483 5138 1559 5196 fides
1576 5143 1721 5216 constat),
1736 5159 1803 5219 cap.
1818 5161 1879 5219 ιιι,

248 5211 350 5266 exacto
359 5209 594 5267 antecedentium
603 5215 631 5267 et
640 5209 883 5283 consequentium
891 5212 1036 5282 examine,
1082 5215 1153 5272 ltosi
1167 5215 1295 5274 edictum
1304 5217 1409 5276 refert:
1422 5241 1437 5274 a
1448 5223 1512 5278 ltaec
1525 5223 1556 5280 in
1568 5225 1667 5298 palam
1675 5226 1764 5286 iacies
1773 5231 1878 5303 verba,

248 5292 437 5350 Hebraeorum
449 5293 675 5366 Graecorumque
695 5291 822 5350 sontium
836 5294 1037 5367 vestigatione,
1081 5301 1110 5354 et
1122 5298 1184 5354 hec
1196 5300 1371 5360 abscondes.
1381 5323 1395 5356 a
1407 5304 1467 5362 Sibi
1476 5307 1595 5379 pariter,
1606 5311 1703 5367 Esdrsa
1712 5317 1796 5385 puta,
1807 5331 1878 5372 cum

249 5379 478 5448 sanctorumque
500 5377 617 5434 Petrum
637 5375 774 5445 lectione,
796 5376 945 5446 evolvere,
957 5377 1037 5436 illius
1082 5381 1131 5438 Dei
1145 5382 1284 5441 instinctu
1295 5385 1388 5445 libros
1400 5388 1536 5454 dictasset
1548 5394 1611 5464 rat,
1624 5395 1720 5454 simila
1731 5398 1851 5467 jussum
1867 5417 1876 5458 r
