<?xml version="1.0" encoding="UTF-8"?>
<!DOCTYPE html PUBLIC "-//W3C//DTD XHTML 1.0 Transitional//EN"
    "http://www.w3.org/TR/xhtml1/DTD/xhtml1-transitional.dtd">
<html xmlns="http://www.w3.org/1999/xhtml" xml:lang="en" lang="en">
 <head>
  <title>
</title>
<meta http-equiv="Content-Type" content="text/html;charset=utf-8" />
  <meta name='ocr-system' content='tesseract 3.04.00' />
  <meta name='ocr-capabilities' content='ocr_page ocr_carea ocr_par ocr_line ocrx_word'/>
</head>
<body>
  <div class='ocr_page' id='page_1' title='image "./commentariainsc00lapigoog_0147.png"; bbox 0 0 4042 6032; ppageno 0'>
   <div class='ocr_carea' id='block_1_1' title="bbox 245 407 1878 2508">
    <p class='ocr_par' dir='ltr' id='par_1_1' title="bbox 245 407 1878 2508">
     <span class='ocr_line' id='line_1_1' title="bbox 1080 407 1872 492; baseline -0.018 -7"><span class='ocrx_word' id='word_1_1' title='bbox 1080 423 1258 485; x_wconf 85' lang='lat' dir='ltr'><strong>creationem</strong></span> <span class='ocrx_word' id='word_1_2' title='bbox 1278 421 1449 480; x_wconf 77' lang='lat' dir='ltr'><strong>formationi</strong></span> <span class='ocrx_word' id='word_1_3' title='bbox 1466 421 1549 492; x_wconf 77' lang='lat' dir='ltr'><strong>mgni</strong></span> <span class='ocrx_word' id='word_1_4' title='bbox 1562 417 1698 476; x_wconf 82' lang='lat' dir='ltr'><strong>animalis</strong></span> <span class='ocrx_word' id='word_1_5' title='bbox 1712 416 1802 474; x_wconf 87' lang='lat' dir='ltr'><strong>tinem</strong></span> <span class='ocrx_word' id='word_1_6' title='bbox 1815 407 1872 471; x_wconf 87' lang='lat' dir='ltr'><strong>im·</strong></span> 
     </span>
     <span class='ocr_line' id='line_1_2' title="bbox 479 497 1872 582; baseline -0.012 -11"><span class='ocrx_word' id='word_1_7' title='bbox 479 499 800 572; x_wconf 75' lang='lat' dir='ltr'><strong>conobbnlliliiti.</strong></span> <span class='ocrx_word' id='word_1_8' title='bbox 1080 507 1225 582; x_wconf 86' lang='lat' dir='ltr'><strong>posuisse.</strong></span> <span class='ocrx_word' id='word_1_9' title='bbox 1249 510 1305 564; x_wconf 86' lang='lat' dir='ltr'><strong>liae</strong></span> <span class='ocrx_word' id='word_1_10' title='bbox 1324 507 1426 562; x_wconf 89' lang='lat' dir='ltr'><strong>decem</strong></span> <span class='ocrx_word' id='word_1_11' title='bbox 1446 503 1650 561; x_wconf 88' lang='lat' dir='ltr'><strong>conclusiones</strong></span> <span class='ocrx_word' id='word_1_12' title='bbox 1668 497 1872 575; x_wconf 81' lang='lat' dir='ltr'><strong>philosophie,</strong></span> 
     </span>
     <span class='ocr_line' id='line_1_3' title="bbox 1080 581 1874 662; baseline -0.015 -15"><span class='ocrx_word' id='word_1_13' title='bbox 1080 605 1180 648; x_wconf 86' lang='lat' dir='ltr'><strong>rerum</strong></span> <span class='ocrx_word' id='word_1_14' title='bbox 1199 589 1378 647; x_wconf 80' lang='lat' dir='ltr'><strong>naturalium</strong></span> <span class='ocrx_word' id='word_1_15' title='bbox 1392 587 1572 662; x_wconf 80' lang='lat' dir='ltr'>inspectione</span> <span class='ocrx_word' id='word_1_16' title='bbox 1586 601 1620 643; x_wconf 90' lang='lat' dir='ltr'><strong>ac</strong></span> <span class='ocrx_word' id='word_1_17' title='bbox 1634 584 1785 641; x_wconf 87' lang='lat' dir='ltr'><strong>notatione</strong></span> <span class='ocrx_word' id='word_1_18' title='bbox 1799 581 1874 637; x_wconf 86' lang='lat' dir='ltr'><strong>lactu</strong></span> 
     </span>
     <span class='ocr_line' id='line_1_4' title="bbox 282 661 1872 744; baseline -0.011 -8"><span class='ocrx_word' id='word_1_19' title='bbox 282 673 391 732; x_wconf 74' lang='lat' dir='ltr'>LXXX!-</span> <span class='ocrx_word' id='word_1_20' title='bbox 412 673 453 728; x_wconf 75' lang='grc' dir='ltr'><strong>ΕΣ</strong></span> <span class='ocrx_word' id='word_1_21' title='bbox 469 669 505 728; x_wconf 75' lang='lat' dir='ltr'><strong>iifl</strong></span> <span class='ocrx_word' id='word_1_22' title='bbox 525 683 592 742; x_wconf 80' lang='lat' dir='ltr'><strong>quae</strong></span> <span class='ocrx_word' id='word_1_23' title='bbox 608 665 749 724; x_wconf 87' lang='lat' dir='ltr'><strong>hactenus</strong></span> <span class='ocrx_word' id='word_1_24' title='bbox 763 665 1039 722; x_wconf 63' lang='lat' dir='ltr'><strong>dissifliilimfflfflfl·</strong></span> <span class='ocrx_word' id='word_1_25' title='bbox 1082 674 1232 744; x_wconf 78' lang='lat' dir='ltr'>sagacior,</span> <span class='ocrx_word' id='word_1_26' title='bbox 1262 677 1362 728; x_wconf 81' lang='lat' dir='ltr'><strong>nostro</strong></span> <span class='ocrx_word' id='word_1_27' title='bbox 1385 673 1442 728; x_wconf 89' lang='lat' dir='ltr'><strong>hoc</strong></span> <span class='ocrx_word' id='word_1_28' title='bbox 1464 685 1528 728; x_wconf 76' lang='lat' dir='ltr'><strong>mro</strong></span> <span class='ocrx_word' id='word_1_29' title='bbox 1550 669 1654 726; x_wconf 75' lang='lat' dir='ltr'><strong>invicto</strong></span> <span class='ocrx_word' id='word_1_30' title='bbox 1681 661 1872 724; x_wconf 82' lang='lat' dir='ltr'><strong>detnonslrai.</strong></span> 
     </span>
     <span class='ocr_line' id='line_1_5' title="bbox 246 747 1872 832; baseline -0.019 0"><span class='ocrx_word' id='word_1_31' title='bbox 246 758 387 832; x_wconf 54' lang='lat' dir='ltr'><strong>Willis</strong></span> <span class='ocrx_word' id='word_1_32' title='bbox 401 758 500 814; x_wconf 51' lang='lat' dir='ltr'><strong>*¹⁰⁸⁸ss</strong></span> <span class='ocrx_word' id='word_1_33' title='bbox 513 755 649 812; x_wconf 74' lang='lat' dir='ltr'><strong>d⁰⁰ili⁸⁵⁰</strong></span> <span class='ocrx_word' id='word_1_34' title='bbox 663 757 684 812; x_wconf 83' lang='lat'><strong>¹·</strong></span> <span class='ocrx_word' id='word_1_35' title='bbox 704 750 847 810; x_wconf 64' lang='lat' dir='ltr'><strong>Mundum</strong></span> <span class='ocrx_word' id='word_1_36' title='bbox 862 763 1039 822; x_wconf 88' lang='lat' dir='ltr'><strong>corporeum</strong></span> <span class='ocrx_word' id='word_1_37' title='bbox 1083 757 1270 814; x_wconf 76' lang='lat' dir='ltr'><strong>Praetermitto</strong></span> <span class='ocrx_word' id='word_1_38' title='bbox 1290 757 1361 813; x_wconf 88' lang='lat' dir='ltr'><strong>alins</strong></span> <span class='ocrx_word' id='word_1_39' title='bbox 1383 753 1632 829; x_wconf 86' lang='lat' dir='ltr'><strong>philosophorum</strong></span> <span class='ocrx_word' id='word_1_40' title='bbox 1652 747 1872 818; x_wconf 75' lang='lat' dir='ltr'><strong>conclusiones,</strong></span> 
     </span>
     <span class='ocr_line' id='line_1_6' title="bbox 246 831 1875 912; baseline -0.011 -8"><span class='ocrx_word' id='word_1_41' title='bbox 246 853 309 900; x_wconf 78' lang='lat' dir='ltr'><strong>nou</strong></span> <span class='ocrx_word' id='word_1_42' title='bbox 327 856 390 900; x_wconf 79' lang='lat' dir='ltr'><strong>osso</strong></span> <span class='ocrx_word' id='word_1_43' title='bbox 407 843 565 909; x_wconf 67' lang='lat' dir='ltr'><strong>moinum,</strong></span> <span class='ocrx_word' id='word_1_44' title='bbox 586 837 640 894; x_wconf 75' lang='lat' dir='ltr'><strong>sed</strong></span> <span class='ocrx_word' id='word_1_45' title='bbox 657 852 676 894; x_wconf 79' lang='lat' dir='ltr'><strong>a</strong></span> <span class='ocrx_word' id='word_1_46' title='bbox 693 838 752 893; x_wconf 77' lang='lat' dir='ltr'><strong>Deo</strong></span> <span class='ocrx_word' id='word_1_47' title='bbox 765 835 797 891; x_wconf 82' lang='lat' dir='ltr'><strong>in</strong></span> <span class='ocrx_word' id='word_1_48' title='bbox 808 833 955 908; x_wconf 79' lang='lat' dir='ltr'><strong>principio</strong></span> <span class='ocrx_word' id='word_1_49' title='bbox 968 836 1040 888; x_wconf 72' lang='lat' dir='ltr'><strong>iem·</strong></span> <span class='ocrx_word' id='word_1_50' title='bbox 1082 840 1119 897; x_wconf 88' lang='lat' dir='ltr'><strong>do</strong></span> <span class='ocrx_word' id='word_1_51' title='bbox 1133 840 1242 912; x_wconf 86' lang='lat' dir='ltr'><strong>qulbus</strong></span> <span class='ocrx_word' id='word_1_52' title='bbox 1253 843 1344 896; x_wconf 79' lang='lat' dir='ltr'><strong>liores</strong></span> <span class='ocrx_word' id='word_1_53' title='bbox 1356 839 1439 909; x_wconf 85' lang='lat' dir='ltr'><strong>tacet,</strong></span> <span class='ocrx_word' id='word_1_54' title='bbox 1454 849 1627 910; x_wconf 83' lang='lat' dir='ltr'><strong>quanquam</strong></span> <span class='ocrx_word' id='word_1_55' title='bbox 1638 831 1675 891; x_wconf 90' lang='lat' dir='ltr'><strong>de</strong></span> <span class='ocrx_word' id='word_1_56' title='bbox 1685 831 1875 889; x_wconf 84' lang='lat' dir='ltr'><strong>conclusione</strong></span> 
     </span>
     <span class='ocr_line' id='line_1_7' title="bbox 245 915 1875 1000; baseline -0.01 -16"><span class='ocrx_word' id='word_1_57' title='bbox 245 924 328 1000; x_wconf 85' lang='lat' dir='ltr'><strong>poris</strong></span> <span class='ocrx_word' id='word_1_58' title='bbox 346 926 486 982; x_wconf 87' lang='lat' dir='ltr'><strong>creatum.</strong></span> <span class='ocrx_word' id='word_1_59' title='bbox 514 922 547 979; x_wconf 91' lang='lat' dir='ltr'><strong>li.</strong></span> <span class='ocrx_word' id='word_1_60' title='bbox 571 922 667 994; x_wconf 85' lang='lat' dir='ltr'><strong>Opera</strong></span> <span class='ocrx_word' id='word_1_61' title='bbox 685 920 838 976; x_wconf 87' lang='lat' dir='ltr'><strong>creationis</strong></span> <span class='ocrx_word' id='word_1_62' title='bbox 857 933 919 974; x_wconf 91' lang='lat' dir='ltr'><strong>non</strong></span> <span class='ocrx_word' id='word_1_63' title='bbox 938 915 1039 974; x_wconf 88' lang='lat' dir='ltr'><strong>omnia</strong></span> <span class='ocrx_word' id='word_1_64' title='bbox 1082 939 1130 994; x_wconf 69' lang='lat' dir='ltr'><strong>ea,</strong></span> <span class='ocrx_word' id='word_1_65' title='bbox 1151 939 1218 996; x_wconf 73' lang='lat' dir='ltr'><strong>quoe</strong></span> <span class='ocrx_word' id='word_1_66' title='bbox 1236 921 1335 993; x_wconf 67' lang='lat' dir='ltr'><strong>magni</strong></span> <span class='ocrx_word' id='word_1_67' title='bbox 1354 922 1384 979; x_wconf 81' lang='lat' dir='ltr'><strong>in</strong></span> <span class='ocrx_word' id='word_1_68' title='bbox 1404 937 1436 979; x_wconf 69' lang='lat' dir='ltr'><strong>re</strong></span> <span class='ocrx_word' id='word_1_69' title='bbox 1452 927 1553 978; x_wconf 72' lang='lat' dir='ltr'><strong>nostra</strong></span> <span class='ocrx_word' id='word_1_70' title='bbox 1572 919 1713 976; x_wconf 78' lang='lat' dir='ltr'><strong>momenti</strong></span> <span class='ocrx_word' id='word_1_71' title='bbox 1732 921 1790 986; x_wconf 79' lang='lat' dir='ltr'><strong>est,</strong></span> <span class='ocrx_word' id='word_1_72' title='bbox 1812 926 1875 972; x_wconf 87' lang='lat' dir='ltr'><strong>non</strong></span> 
     </span>
     <span class='ocr_line' id='line_1_8' title="bbox 245 1000 1874 1078; baseline -0.009 -8"><span class='ocrx_word' id='word_1_73' title='bbox 245 1010 489 1077; x_wconf 82' lang='lat' dir='ltr'><strong>momumento,</strong></span> <span class='ocrx_word' id='word_1_74' title='bbox 509 1006 562 1063; x_wconf 80' lang='lat' dir='ltr'><strong>sed</strong></span> <span class='ocrx_word' id='word_1_75' title='bbox 577 1003 721 1078; x_wconf 81' lang='lat' dir='ltr'><strong>paulatim</strong></span> <span class='ocrx_word' id='word_1_76' title='bbox 739 1018 773 1059; x_wconf 78' lang='lat' dir='ltr'><strong>co</strong></span> <span class='ocrx_word' id='word_1_77' title='bbox 792 1003 954 1058; x_wconf 80' lang='lat' dir='ltr'><strong>successive</strong></span> <span class='ocrx_word' id='word_1_78' title='bbox 975 1016 1041 1073; x_wconf 78' lang='lat' dir='ltr'><strong>prr·</strong></span> <span class='ocrx_word' id='word_1_79' title='bbox 1082 1009 1205 1065; x_wconf 84' lang='lat' dir='ltr'><strong>omnino</strong></span> <span class='ocrx_word' id='word_1_80' title='bbox 1226 1008 1384 1063; x_wconf 76' lang='lat' dir='ltr'><strong>accedam</strong></span> <span class='ocrx_word' id='word_1_81' title='bbox 1405 1021 1467 1062; x_wconf 83' lang='lat' dir='ltr'><strong>csso</strong></span> <span class='ocrx_word' id='word_1_82' title='bbox 1486 1005 1640 1061; x_wconf 80' lang='lat' dir='ltr'><strong>rideaturr</strong></span> <span class='ocrx_word' id='word_1_83' title='bbox 1666 1000 1751 1075; x_wconf 87' lang='lat' dir='ltr'><strong>qaod</strong></span> <span class='ocrx_word' id='word_1_84' title='bbox 1767 1011 1874 1070; x_wconf 85' lang='lat' dir='ltr'><strong>nempe</strong></span> 
     </span>
     <span class='ocr_line' id='line_1_9' title="bbox 246 1083 1874 1163; baseline -0.015 -13"><span class='ocrx_word' id='word_1_85' title='bbox 246 1089 322 1150; x_wconf 62' lang='lat' dir='ltr'><strong>iecit}</strong></span> <span class='ocrx_word' id='word_1_86' title='bbox 338 1091 439 1149; x_wconf 76' lang='lat' dir='ltr'><strong>fuisse.</strong></span> <span class='ocrx_word' id='word_1_87' title='bbox 464 1091 509 1148; x_wconf 86' lang='lat' dir='ltr'><strong>lii.</strong></span> <span class='ocrx_word' id='word_1_88' title='bbox 530 1089 659 1145; x_wconf 86' lang='lat' dir='ltr'><strong>Primum</strong></span> <span class='ocrx_word' id='word_1_89' title='bbox 673 1091 756 1144; x_wconf 72' lang='lat' dir='ltr'><strong>it‘ss&#39;ae</strong></span> <span class='ocrx_word' id='word_1_90' title='bbox 770 1089 877 1141; x_wconf 84' lang='lat' dir='ltr'><strong>statura</strong></span> <span class='ocrx_word' id='word_1_91' title='bbox 890 1083 979 1141; x_wconf 79' lang='lat' dir='ltr'><strong>fuisse</strong></span> <span class='ocrx_word' id='word_1_92' title='bbox 992 1100 1042 1140; x_wconf 80' lang='lat' dir='ltr'><strong>ve-</strong></span> <span class='ocrx_word' id='word_1_93' title='bbox 1082 1107 1225 1162; x_wconf 75' lang='lat' dir='ltr'><strong>magnum</strong></span> <span class='ocrx_word' id='word_1_94' title='bbox 1244 1091 1385 1163; x_wconf 69' lang='lat' dir='ltr'><strong>temporis</strong></span> <span class='ocrx_word' id='word_1_95' title='bbox 1405 1089 1593 1146; x_wconf 69' lang='lat' dir='ltr'><strong>intervallum</strong></span> <span class='ocrx_word' id='word_1_96' title='bbox 1611 1103 1645 1143; x_wconf 59' lang='grc' dir='ltr'><strong>ηρ</strong></span> <span class='ocrx_word' id='word_1_97' title='bbox 1658 1087 1747 1155; x_wconf 67' lang='lat' dir='ltr'><strong>longa</strong></span> <span class='ocrx_word' id='word_1_98' title='bbox 1760 1084 1874 1140; x_wconf 63' lang='lat' dir='ltr'><strong>diutur-</strong></span> 
     </span>
     <span class='ocr_line' id='line_1_10' title="bbox 246 1168 1875 1248; baseline -0.007 -15"><span class='ocrx_word' id='word_1_99' title='bbox 246 1176 300 1236; x_wconf 83' lang='lat' dir='ltr'><strong>luti</strong></span> <span class='ocrx_word' id='word_1_100' title='bbox 310 1174 486 1233; x_wconf 85' lang='lat' dir='ltr'><strong>cbaoticum.</strong></span> <span class='ocrx_word' id='word_1_101' title='bbox 501 1175 545 1230; x_wconf 89' lang='lat' dir='ltr'><strong>lv.</strong></span> <span class='ocrx_word' id='word_1_102' title='bbox 555 1172 683 1228; x_wconf 82' lang='lat' dir='ltr'><strong>Primum</strong></span> <span class='ocrx_word' id='word_1_103' title='bbox 695 1169 727 1226; x_wconf 91' lang='lat' dir='ltr'><strong>in</strong></span> <span class='ocrx_word' id='word_1_104' title='bbox 737 1168 862 1237; x_wconf 90' lang='lat' dir='ltr'><strong>mundo,</strong></span> <span class='ocrx_word' id='word_1_105' title='bbox 877 1168 1040 1225; x_wconf 87' lang='lat' dir='ltr'><strong>eutsaltem</strong></span> <span class='ocrx_word' id='word_1_106' title='bbox 1082 1175 1149 1231; x_wconf 84' lang='lat' dir='ltr'><strong>nius</strong></span> <span class='ocrx_word' id='word_1_107' title='bbox 1166 1189 1258 1248; x_wconf 90' lang='lat' dir='ltr'><strong>quam</strong></span> <span class='ocrx_word' id='word_1_108' title='bbox 1275 1177 1365 1244; x_wconf 75' lang='lat' dir='ltr'><strong>vulgo</strong></span> <span class='ocrx_word' id='word_1_109' title='bbox 1384 1174 1579 1242; x_wconf 78' lang='lat' dir='ltr'><strong>existimetur,</strong></span> <span class='ocrx_word' id='word_1_110' title='bbox 1599 1169 1674 1226; x_wconf 84' lang='lat' dir='ltr'><strong>inter</strong></span> <span class='ocrx_word' id='word_1_111' title='bbox 1688 1169 1814 1241; x_wconf 85' lang='lat' dir='ltr'><strong>pdmem</strong></span> <span class='ocrx_word' id='word_1_112' title='bbox 1828 1179 1875 1224; x_wconf 81' lang='lat' dir='ltr'><strong>re·</strong></span> 
     </span>
     <span class='ocr_line' id='line_1_11' title="bbox 247 1250 1876 1330; baseline -0.014 0"><span class='ocrx_word' id='word_1_113' title='bbox 247 1259 278 1318; x_wconf 71' lang='lat' dir='ltr'><strong>in</strong></span> <span class='ocrx_word' id='word_1_114' title='bbox 291 1262 369 1318; x_wconf 59' lang='lat' dir='ltr'><strong>iiiii</strong></span> <span class='ocrx_word' id='word_1_115' title='bbox 381 1260 498 1328; x_wconf 56' lang='grc' dir='ltr'><strong>ΗΘΜ»</strong></span> <span class='ocrx_word' id='word_1_116' title='bbox 515 1257 752 1329; x_wconf 66' lang='lat' dir='ltr'><strong>lihoeflomssssffllr</strong></span> <span class='ocrx_word' id='word_1_117' title='bbox 777 1265 919 1320; x_wconf 62' lang='lat' dir='ltr'><strong>misnam</strong></span> <span class='ocrx_word' id='word_1_118' title='bbox 942 1251 1040 1308; x_wconf 76' lang='lat' dir='ltr'><strong>lucem</strong></span> <span class='ocrx_word' id='word_1_119' title='bbox 1081 1273 1149 1315; x_wconf 88' lang='lat' dir='ltr'><strong>rum</strong></span> <span class='ocrx_word' id='word_1_120' title='bbox 1164 1271 1375 1330; x_wconf 85' lang='lat' dir='ltr'><strong>corporearum</strong></span> <span class='ocrx_word' id='word_1_121' title='bbox 1391 1257 1571 1312; x_wconf 85' lang='lat' dir='ltr'><strong>creationem</strong></span> <span class='ocrx_word' id='word_1_122' title='bbox 1584 1259 1612 1310; x_wconf 87' lang='lat' dir='ltr'><strong>et</strong></span> <span class='ocrx_word' id='word_1_123' title='bbox 1623 1251 1752 1312; x_wconf 80' lang='lat' dir='ltr'><strong>hominis</strong></span> <span class='ocrx_word' id='word_1_124' title='bbox 1766 1250 1876 1308; x_wconf 84' lang='lat' dir='ltr'><strong>torma·</strong></span> 
     </span>
     <span class='ocr_line' id='line_1_12' title="bbox 247 1334 1876 1416; baseline -0.007 -13"><span class='ocrx_word' id='word_1_125' title='bbox 247 1342 310 1403; x_wconf 84' lang='lat' dir='ltr'><strong>sive</strong></span> <span class='ocrx_word' id='word_1_126' title='bbox 326 1343 425 1416; x_wconf 74' lang='lat' dir='ltr'><strong>ignem</strong></span> <span class='ocrx_word' id='word_1_127' title='bbox 442 1340 542 1398; x_wconf 84' lang='lat' dir='ltr'><strong>luisse.</strong></span> <span class='ocrx_word' id='word_1_128' title='bbox 563 1340 595 1395; x_wconf 85' lang='lat' dir='ltr'><strong>V.</strong></span> <span class='ocrx_word' id='word_1_129' title='bbox 615 1341 694 1396; x_wconf 80' lang='lat' dir='ltr'><strong>liano</strong></span> <span class='ocrx_word' id='word_1_130' title='bbox 714 1337 746 1393; x_wconf 89' lang='lat' dir='ltr'><strong>in</strong></span> <span class='ocrx_word' id='word_1_131' title='bbox 766 1336 922 1392; x_wconf 82' lang='lat' dir='ltr'><strong>condendo</strong></span> <span class='ocrx_word' id='word_1_132' title='bbox 934 1339 1041 1391; x_wconf 83' lang='lat' dir='ltr'><strong>natura</strong></span> <span class='ocrx_word' id='word_1_133' title='bbox 1083 1343 1192 1399; x_wconf 80' lang='lat' dir='ltr'><strong>tionem</strong></span> <span class='ocrx_word' id='word_1_134' title='bbox 1206 1341 1406 1397; x_wconf 77' lang='lat' dir='ltr'><strong>intercesserit.</strong></span> <span class='ocrx_word' id='word_1_135' title='bbox 1422 1340 1573 1396; x_wconf 82' lang='lat' dir='ltr'><strong>nocerim</strong></span> <span class='ocrx_word' id='word_1_136' title='bbox 1586 1335 1736 1394; x_wconf 83' lang='lat' dir='ltr'><strong>necreide</strong></span> <span class='ocrx_word' id='word_1_137' title='bbox 1749 1334 1876 1392; x_wconf 80' lang='lat' dir='ltr'><strong>obscure</strong></span> 
     </span>
     <span class='ocr_line' id='line_1_13' title="bbox 247 1420 1876 1499; baseline -0.009 -11"><span class='ocrx_word' id='word_1_138' title='bbox 247 1431 341 1488; x_wconf 66' lang='lat' dir='ltr'><strong>mum</strong></span> <span class='ocrx_word' id='word_1_139' title='bbox 353 1426 410 1484; x_wconf 82' lang='lat' dir='ltr'><strong>sihi</strong></span> <span class='ocrx_word' id='word_1_140' title='bbox 420 1426 517 1497; x_wconf 79' lang='lat' dir='ltr'><strong>legem</strong></span> <span class='ocrx_word' id='word_1_141' title='bbox 529 1424 731 1499; x_wconf 67' lang='lat' dir='ltr'><strong>proposuisse,</strong></span> <span class='ocrx_word' id='word_1_142' title='bbox 743 1425 777 1477; x_wconf 80' lang='lat' dir='ltr'><strong>ui</strong></span> <span class='ocrx_word' id='word_1_143' title='bbox 785 1435 851 1495; x_wconf 75' lang='lat' dir='ltr'><strong>‹111ae</strong></span> <span class='ocrx_word' id='word_1_144' title='bbox 861 1420 1041 1494; x_wconf 76' lang='lat' dir='ltr'><strong>simpliciora</strong></span> <span class='ocrx_word' id='word_1_145' title='bbox 1082 1441 1136 1482; x_wconf 91' lang='lat' dir='ltr'><strong>nec</strong></span> <span class='ocrx_word' id='word_1_146' title='bbox 1154 1425 1245 1481; x_wconf 89' lang='lat' dir='ltr'><strong>semel</strong></span> <span class='ocrx_word' id='word_1_147' title='bbox 1266 1428 1363 1480; x_wconf 89' lang='lat' dir='ltr'><strong>llloscn</strong></span> <span class='ocrx_word' id='word_1_148' title='bbox 1381 1439 1446 1498; x_wconf 85' lang='lat' dir='ltr'><strong>cap.</strong></span> <span class='ocrx_word' id='word_1_149' title='bbox 1467 1435 1488 1478; x_wconf 91' lang='lat' dir='ltr'><strong>n</strong></span> <span class='ocrx_word' id='word_1_150' title='bbox 1503 1422 1647 1490; x_wconf 86' lang='lat' dir='ltr'><strong>indicere,</strong></span> <span class='ocrx_word' id='word_1_151' title='bbox 1666 1433 1756 1493; x_wconf 83' lang='lat' dir='ltr'><strong>supra</strong></span> <span class='ocrx_word' id='word_1_152' title='bbox 1776 1423 1876 1476; x_wconf 73' lang='lat' dir='ltr'><strong>oswu-</strong></span> 
     </span>
     <span class='ocr_line' id='line_1_14' title="bbox 246 1502 1876 1586; baseline -0.013 -7"><span class='ocrx_word' id='word_1_153' title='bbox 246 1515 277 1573; x_wconf 73' lang='lat' dir='ltr'><strong>oi</strong></span> <span class='ocrx_word' id='word_1_154' title='bbox 288 1509 504 1586; x_wconf 66' lang='lat' dir='ltr'><strong>impoiiooiiflm</strong></span> <span class='ocrx_word' id='word_1_155' title='bbox 515 1513 594 1577; x_wconf 88' lang='lat' dir='ltr'><strong>sunt,</strong></span> <span class='ocrx_word' id='word_1_156' title='bbox 607 1506 705 1580; x_wconf 88' lang='lat' dir='ltr'><strong>primo</strong></span> <span class='ocrx_word' id='word_1_157' title='bbox 718 1507 750 1562; x_wconf 90' lang='lat' dir='ltr'><strong>in</strong></span> <span class='ocrx_word' id='word_1_158' title='bbox 763 1504 860 1561; x_wconf 61' lang='lat' dir='ltr'><strong>lucem</strong></span> <span class='ocrx_word' id='word_1_159' title='bbox 874 1504 1039 1573; x_wconf 65' lang='lat' dir='ltr'><strong>iderentur,</strong></span> <span class='ocrx_word' id='word_1_160' title='bbox 1082 1525 1147 1566; x_wconf 89' lang='lat' dir='ltr'><strong>eum</strong></span> <span class='ocrx_word' id='word_1_161' title='bbox 1164 1515 1215 1566; x_wconf 89' lang='lat' dir='ltr'><strong>est.</strong></span> <span class='ocrx_word' id='word_1_162' title='bbox 1228 1511 1332 1576; x_wconf 76' lang='lat' dir='ltr'><strong>Quaero</strong></span> <span class='ocrx_word' id='word_1_163' title='bbox 1344 1523 1433 1578; x_wconf 90' lang='lat' dir='ltr'><strong>nunc,</strong></span> <span class='ocrx_word' id='word_1_164' title='bbox 1448 1507 1479 1562; x_wconf 91' lang='lat' dir='ltr'><strong>in</strong></span> <span class='ocrx_word' id='word_1_165' title='bbox 1493 1521 1528 1563; x_wconf 90' lang='lat' dir='ltr'><strong>ca</strong></span> <span class='ocrx_word' id='word_1_166' title='bbox 1538 1510 1706 1578; x_wconf 86' lang='lat' dir='ltr'><strong>temporam</strong></span> <span class='ocrx_word' id='word_1_167' title='bbox 1716 1502 1876 1560; x_wconf 75' lang='lat' dir='ltr'><strong>remotissi-</strong></span> 
     </span>
     <span class='ocr_line' id='line_1_15' title="bbox 246 1585 1878 1669; baseline -0.008 -15"><span class='ocrx_word' id='word_1_168' title='bbox 246 1611 283 1654; x_wconf 86' lang='lat' dir='ltr'><strong>aa</strong></span> <span class='ocrx_word' id='word_1_169' title='bbox 298 1599 403 1669; x_wconf 84' lang='lat' dir='ltr'><strong>postea</strong></span> <span class='ocrx_word' id='word_1_170' title='bbox 419 1594 515 1664; x_wconf 76' lang='lat' dir='ltr'><strong>magis</strong></span> <span class='ocrx_word' id='word_1_171' title='bbox 535 1592 664 1666; x_wconf 88' lang='lat' dir='ltr'><strong>perlecta</strong></span> <span class='ocrx_word' id='word_1_172' title='bbox 687 1591 841 1663; x_wconf 73' lang='lat' dir='ltr'><strong>magisque</strong></span> <span class='ocrx_word' id='word_1_173' title='bbox 866 1587 1041 1660; x_wconf 81' lang='lat' dir='ltr'><strong>complicare</strong></span> <span class='ocrx_word' id='word_1_174' title='bbox 1081 1609 1200 1650; x_wconf 87' lang='lat' dir='ltr'><strong>moram</strong></span> <span class='ocrx_word' id='word_1_175' title='bbox 1219 1597 1377 1661; x_wconf 83' lang='lat' dir='ltr'><strong>velustate,</strong></span> <span class='ocrx_word' id='word_1_176' title='bbox 1398 1592 1429 1647; x_wconf 92' lang='lat' dir='ltr'><strong>ln</strong></span> <span class='ocrx_word' id='word_1_177' title='bbox 1448 1605 1484 1647; x_wconf 89' lang='lat' dir='ltr'><strong>ea</strong></span> <span class='ocrx_word' id='word_1_178' title='bbox 1496 1591 1694 1646; x_wconf 85' lang='lat' dir='ltr'><strong>humanarum</strong></span> <span class='ocrx_word' id='word_1_179' title='bbox 1707 1585 1878 1660; x_wconf 86' lang='lat' dir='ltr'><strong>discipline·</strong></span> 
     </span>
     <span class='ocr_line' id='line_1_16' title="bbox 247 1670 1877 1754; baseline -0.007 -15"><span class='ocrx_word' id='word_1_180' title='bbox 247 1680 393 1753; x_wconf 78' lang='lat' dir='ltr'><strong>gradatim</strong></span> <span class='ocrx_word' id='word_1_181' title='bbox 411 1678 573 1754; x_wconf 76' lang='lat' dir='ltr'><strong>prodirent.</strong></span> <span class='ocrx_word' id='word_1_182' title='bbox 597 1680 641 1735; x_wconf 85' lang='lat' dir='ltr'><strong>vi.</strong></span> <span class='ocrx_word' id='word_1_183' title='bbox 663 1676 826 1746; x_wconf 84' lang='lat' dir='ltr'><strong>Tellurem,</strong></span> <span class='ocrx_word' id='word_1_184' title='bbox 853 1690 920 1747; x_wconf 82' lang='lat' dir='ltr'><strong>quea</strong></span> <span class='ocrx_word' id='word_1_185' title='bbox 938 1677 1041 1746; x_wconf 86' lang='lat' dir='ltr'><strong>postca</strong></span> <span class='ocrx_word' id='word_1_186' title='bbox 1082 1675 1290 1744; x_wconf 89' lang='lat' dir='ltr'><strong>ruminianlia,</strong></span> <span class='ocrx_word' id='word_1_187' title='bbox 1301 1680 1460 1747; x_wconf 84' lang='lat' dir='ltr'><strong>nrrteqnam</strong></span> <span class='ocrx_word' id='word_1_188' title='bbox 1472 1673 1616 1730; x_wconf 87' lang='lat' dir='ltr'><strong>orirentur</strong></span> <span class='ocrx_word' id='word_1_189' title='bbox 1627 1670 1774 1728; x_wconf 83' lang='lat' dir='ltr'><strong>naturales</strong></span> <span class='ocrx_word' id='word_1_190' title='bbox 1785 1671 1877 1727; x_wconf 88' lang='lat' dir='ltr'><strong>seien-</strong></span> 
     </span>
     <span class='ocr_line' id='line_1_17' title="bbox 247 1755 1876 1838; baseline -0.005 -18"><span class='ocrx_word' id='word_1_191' title='bbox 247 1763 325 1824; x_wconf 83' lang='lat' dir='ltr'><strong>sicce</strong></span> <span class='ocrx_word' id='word_1_192' title='bbox 333 1763 471 1838; x_wconf 84' lang='lat' dir='ltr'><strong>adparuit</strong></span> <span class='ocrx_word' id='word_1_193' title='bbox 481 1767 509 1819; x_wconf 88' lang='lat' dir='ltr'><strong>ct</strong></span> <span class='ocrx_word' id='word_1_194' title='bbox 516 1761 625 1837; x_wconf 85' lang='lat' dir='ltr'><strong>plantis</strong></span> <span class='ocrx_word' id='word_1_195' title='bbox 637 1759 791 1818; x_wconf 84' lang='lat' dir='ltr'><strong>convestiri</strong></span> <span class='ocrx_word' id='word_1_196' title='bbox 803 1760 899 1831; x_wconf 86' lang='lat' dir='ltr'><strong>coepii,</strong></span> <span class='ocrx_word' id='word_1_197' title='bbox 909 1773 945 1813; x_wconf 85' lang='lat' dir='ltr'><strong>cx</strong></span> <span class='ocrx_word' id='word_1_198' title='bbox 955 1757 1041 1832; x_wconf 85' lang='lat' dir='ltr'><strong>aquis</strong></span> <span class='ocrx_word' id='word_1_199' title='bbox 1082 1761 1128 1817; x_wconf 81' lang='lat' dir='ltr'><strong>tic</strong></span> <span class='ocrx_word' id='word_1_200' title='bbox 1136 1799 1145 1829; x_wconf 90' lang='lat'><strong>,</strong></span> <span class='ocrx_word' id='word_1_201' title='bbox 1165 1775 1232 1833; x_wconf 84' lang='lat' dir='ltr'><strong>qam</strong></span> <span class='ocrx_word' id='word_1_202' title='bbox 1252 1765 1352 1815; x_wconf 87' lang='lat' dir='ltr'><strong>nostra</strong></span> <span class='ocrx_word' id='word_1_203' title='bbox 1366 1760 1420 1815; x_wconf 86' lang='lat' dir='ltr'><strong>liae</strong></span> <span class='ocrx_word' id='word_1_204' title='bbox 1434 1759 1625 1815; x_wconf 87' lang='lat' dir='ltr'><strong>solummodo</strong></span> <span class='ocrx_word' id='word_1_205' title='bbox 1639 1761 1723 1812; x_wconf 82' lang='lat' dir='ltr'><strong>estate</strong></span> <span class='ocrx_word' id='word_1_206' title='bbox 1736 1759 1816 1812; x_wconf 86' lang='lat' dir='ltr'><strong>tante</strong></span> <span class='ocrx_word' id='word_1_207' title='bbox 1829 1755 1876 1812; x_wconf 92' lang='lat' dir='ltr'><strong>in·</strong></span> 
     </span>
     <span class='ocr_line' id='line_1_18' title="bbox 248 1839 1877 1917; baseline -0.007 -10"><span class='ocrx_word' id='word_1_208' title='bbox 248 1848 411 1907; x_wconf 85' lang='lat' dir='ltr'><strong>emersisse.</strong></span> <span class='ocrx_word' id='word_1_209' title='bbox 426 1848 546 1905; x_wconf 83' lang='lat' dir='ltr'><strong>llll.l&gt;er</strong></span> <span class='ocrx_word' id='word_1_210' title='bbox 558 1843 682 1917; x_wconf 85' lang='lat' dir='ltr'><strong>aliquod</strong></span> <span class='ocrx_word' id='word_1_211' title='bbox 696 1847 811 1915; x_wconf 84' lang='lat' dir='ltr'><strong>tempus</strong></span> <span class='ocrx_word' id='word_1_212' title='bbox 824 1841 939 1897; x_wconf 87' lang='lat' dir='ltr'><strong>nullam</strong></span> <span class='ocrx_word' id='word_1_213' title='bbox 950 1839 1040 1897; x_wconf 82' lang='lat' dir='ltr'><strong>luisse</strong></span> <span class='ocrx_word' id='word_1_214' title='bbox 1082 1850 1231 1901; x_wconf 87' lang='lat' dir='ltr'><strong>crementa</strong></span> <span class='ocrx_word' id='word_1_215' title='bbox 1255 1859 1425 1916; x_wconf 81' lang='lat' dir='ltr'><strong>suscepere,</strong></span> <span class='ocrx_word' id='word_1_216' title='bbox 1448 1857 1567 1917; x_wconf 76' lang='lat' dir='ltr'><strong>quaro,</strong></span> <span class='ocrx_word' id='word_1_217' title='bbox 1591 1842 1731 1916; x_wconf 87' lang='lat' dir='ltr'><strong>inquam,</strong></span> <span class='ocrx_word' id='word_1_218' title='bbox 1753 1853 1814 1912; x_wconf 82' lang='lat' dir='ltr'><strong>que</strong></span> <span class='ocrx_word' id='word_1_219' title='bbox 1826 1853 1877 1897; x_wconf 86' lang='lat' dir='ltr'><strong>re·</strong></span> 
     </span>
     <span class='ocr_line' id='line_1_19' title="bbox 247 1923 1876 2000; baseline -0.007 -8"><span class='ocrx_word' id='word_1_220' title='bbox 247 1934 338 1992; x_wconf 77' lang='lat' dir='ltr'><strong>ritem</strong></span> <span class='ocrx_word' id='word_1_221' title='bbox 351 1932 383 1990; x_wconf 91' lang='lat' dir='ltr'><strong>in</strong></span> <span class='ocrx_word' id='word_1_222' title='bbox 395 1931 539 1990; x_wconf 85' lang='lat' dir='ltr'><strong>terrisaut</strong></span> <span class='ocrx_word' id='word_1_223' title='bbox 550 1928 712 2000; x_wconf 81' lang='lat' dir='ltr'><strong>regetalem</strong></span> <span class='ocrx_word' id='word_1_224' title='bbox 727 1932 779 1985; x_wconf 86' lang='lat' dir='ltr'><strong>aut</strong></span> <span class='ocrx_word' id='word_1_225' title='bbox 791 1927 959 1984; x_wconf 77' lang='lat' dir='ltr'><strong>animalem.</strong></span> <span class='ocrx_word' id='word_1_226' title='bbox 971 1928 1039 1983; x_wconf 85' lang='lat' dir='ltr'><strong>viii.</strong></span> <span class='ocrx_word' id='word_1_227' title='bbox 1082 1929 1177 1998; x_wconf 88' lang='lat' dir='ltr'><strong>tione,</strong></span> <span class='ocrx_word' id='word_1_228' title='bbox 1195 1929 1306 2000; x_wconf 88' lang='lat' dir='ltr'><strong>quibus</strong></span> <span class='ocrx_word' id='word_1_229' title='bbox 1325 1928 1438 1984; x_wconf 87' lang='lat' dir='ltr'><strong>artibus</strong></span> <span class='ocrx_word' id='word_1_230' title='bbox 1457 1929 1559 1985; x_wconf 88' lang='lat' dir='ltr'><strong>decem</strong></span> <span class='ocrx_word' id='word_1_231' title='bbox 1579 1926 1637 1983; x_wconf 82' lang='lat' dir='ltr'><strong>illm</strong></span> <span class='ocrx_word' id='word_1_232' title='bbox 1651 1924 1785 1982; x_wconf 86' lang='lat' dir='ltr'><strong>veritates</strong></span> <span class='ocrx_word' id='word_1_233' title='bbox 1804 1923 1876 1980; x_wconf 81' lang='lat' dir='ltr'><strong>liod</strong></span> 
     </span>
     <span class='ocr_line' id='line_1_20' title="bbox 247 2009 1877 2084; baseline -0.006 -10"><span class='ocrx_word' id='word_1_234' title='bbox 247 2016 362 2074; x_wconf 84' lang='lat' dir='ltr'><strong>Planius</strong></span> <span class='ocrx_word' id='word_1_235' title='bbox 374 2019 526 2073; x_wconf 80' lang='lat' dir='ltr'><strong>terrestres</strong></span> <span class='ocrx_word' id='word_1_236' title='bbox 539 2013 736 2084; x_wconf 78' lang='lat' dir='ltr'><strong>germinasse,</strong></span> <span class='ocrx_word' id='word_1_237' title='bbox 750 2015 910 2084; x_wconf 86' lang='lat' dir='ltr'><strong>antequam</strong></span> <span class='ocrx_word' id='word_1_238' title='bbox 928 2012 1040 2068; x_wconf 90' lang='lat' dir='ltr'><strong>anima·</strong></span> <span class='ocrx_word' id='word_1_239' title='bbox 1082 2010 1279 2068; x_wconf 77' lang='lat' dir='ltr'><strong>innotuerint?</strong></span> <span class='ocrx_word' id='word_1_240' title='bbox 1293 2015 1365 2068; x_wconf 87' lang='lat' dir='ltr'><strong>Cum</strong></span> <span class='ocrx_word' id='word_1_241' title='bbox 1379 2012 1591 2084; x_wconf 85' lang='lat' dir='ltr'><strong>perhumanae</strong></span> <span class='ocrx_word' id='word_1_242' title='bbox 1605 2009 1740 2066; x_wconf 88' lang='lat' dir='ltr'><strong>scientias</strong></span> <span class='ocrx_word' id='word_1_243' title='bbox 1754 2021 1804 2064; x_wconf 85' lang='lat' dir='ltr'><strong>cas</strong></span> <span class='ocrx_word' id='word_1_244' title='bbox 1813 2023 1877 2064; x_wconf 92' lang='lat' dir='ltr'><strong>non</strong></span> 
     </span>
     <span class='ocr_line' id='line_1_21' title="bbox 246 2092 1877 2173; baseline -0.006 -15"><span class='ocrx_word' id='word_1_245' title='bbox 246 2099 288 2158; x_wconf 86' lang='lat' dir='ltr'><strong>lie</strong></span> <span class='ocrx_word' id='word_1_246' title='bbox 304 2099 421 2170; x_wconf 88' lang='lat' dir='ltr'><strong>nando,</strong></span> <span class='ocrx_word' id='word_1_247' title='bbox 443 2097 607 2173; x_wconf 87' lang='lat' dir='ltr'><strong>serpendo,</strong></span> <span class='ocrx_word' id='word_1_248' title='bbox 631 2094 782 2166; x_wconf 81' lang='lat' dir='ltr'><strong>rolando,</strong></span> <span class='ocrx_word' id='word_1_249' title='bbox 808 2099 837 2152; x_wconf 85' lang='lat' dir='ltr'><strong>et</strong></span> <span class='ocrx_word' id='word_1_250' title='bbox 859 2094 1040 2167; x_wconf 80' lang='lat' dir='ltr'><strong>gradiendo,</strong></span> <span class='ocrx_word' id='word_1_251' title='bbox 1082 2093 1233 2165; x_wconf 87' lang='lat' dir='ltr'><strong>didicerit,</strong></span> <span class='ocrx_word' id='word_1_252' title='bbox 1253 2096 1402 2168; x_wconf 85' lang='lat' dir='ltr'><strong>reliquam</strong></span> <span class='ocrx_word' id='word_1_253' title='bbox 1416 2101 1474 2166; x_wconf 86' lang='lat' dir='ltr'><strong>eet,</strong></span> <span class='ocrx_word' id='word_1_254' title='bbox 1497 2099 1532 2151; x_wconf 87' lang='lat' dir='ltr'><strong>ut</strong></span> <span class='ocrx_word' id='word_1_255' title='bbox 1551 2109 1604 2167; x_wconf 91' lang='lat' dir='ltr'><strong>per</strong></span> <span class='ocrx_word' id='word_1_256' title='bbox 1623 2093 1754 2149; x_wconf 81' lang='lat' dir='ltr'><strong>divinam</strong></span> <span class='ocrx_word' id='word_1_257' title='bbox 1767 2092 1877 2148; x_wconf 80' lang='lat' dir='ltr'><strong>revela·</strong></span> 
     </span>
     <span class='ocr_line' id='line_1_22' title="bbox 246 2175 1878 2260; baseline -0.006 -18"><span class='ocrx_word' id='word_1_258' title='bbox 246 2197 359 2260; x_wconf 85' lang='lat' dir='ltr'><strong>aquae,</strong></span> <span class='ocrx_word' id='word_1_259' title='bbox 371 2198 469 2242; x_wconf 88' lang='lat' dir='ltr'><strong>aerem</strong></span> <span class='ocrx_word' id='word_1_260' title='bbox 482 2187 634 2254; x_wconf 84' lang='lat' dir='ltr'><strong>terrasque</strong></span> <span class='ocrx_word' id='word_1_261' title='bbox 652 2181 826 2238; x_wconf 83' lang='lat' dir='ltr'><strong>animarent.</strong></span> <span class='ocrx_word' id='word_1_262' title='bbox 840 2181 883 2236; x_wconf 91' lang='lat' dir='ltr'><strong>iil.</strong></span> <span class='ocrx_word' id='word_1_263' title='bbox 898 2180 1041 2236; x_wconf 88' lang='lat' dir='ltr'><strong>liamma·</strong></span> <span class='ocrx_word' id='word_1_264' title='bbox 1082 2179 1193 2238; x_wconf 89' lang='lat' dir='ltr'><strong>tionem</strong></span> <span class='ocrx_word' id='word_1_265' title='bbox 1210 2194 1259 2236; x_wconf 88' lang='lat' dir='ltr'><strong>eae</strong></span> <span class='ocrx_word' id='word_1_266' title='bbox 1282 2178 1442 2251; x_wconf 63' lang='lat' dir='ltr'><strong>acceperim</strong></span> <span class='ocrx_word' id='word_1_267' title='bbox 1465 2177 1600 2252; x_wconf 89' lang='lat' dir='ltr'><strong>adeoque</strong></span> <span class='ocrx_word' id='word_1_268' title='bbox 1614 2175 1768 2233; x_wconf 82' lang='lat' dir='ltr'><strong>creationis</strong></span> <span class='ocrx_word' id='word_1_269' title='bbox 1787 2175 1878 2233; x_wconf 84' lang='lat' dir='ltr'><strong>histo·</strong></span> 
     </span>
     <span class='ocr_line' id='line_1_23' title="bbox 246 2259 1876 2336; baseline -0.006 -10"><span class='ocrx_word' id='word_1_270' title='bbox 246 2266 287 2326; x_wconf 89' lang='lat' dir='ltr'><strong>iia</strong></span> <span class='ocrx_word' id='word_1_271' title='bbox 296 2266 442 2326; x_wconf 84' lang='lat' dir='ltr'><strong>terreeliia</strong></span> <span class='ocrx_word' id='word_1_272' title='bbox 455 2267 487 2324; x_wconf 90' lang='lat' dir='ltr'><strong>in</strong></span> <span class='ocrx_word' id='word_1_273' title='bbox 500 2263 784 2323; x_wconf 85' lang='lat' dir='ltr'><strong>lucemedileiuiese</strong></span> <span class='ocrx_word' id='word_1_274' title='bbox 794 2267 863 2336; x_wconf 87' lang='lat' dir='ltr'><strong>post</strong></span> <span class='ocrx_word' id='word_1_275' title='bbox 873 2261 931 2319; x_wconf 90' lang='lat' dir='ltr'><strong>alia</strong></span> <span class='ocrx_word' id='word_1_276' title='bbox 941 2263 1041 2318; x_wconf 80' lang='lat' dir='ltr'><strong>minare</strong></span> <span class='ocrx_word' id='word_1_277' title='bbox 1082 2263 1136 2334; x_wconf 91' lang='lat' dir='ltr'><strong>ria,</strong></span> <span class='ocrx_word' id='word_1_278' title='bbox 1151 2277 1243 2336; x_wconf 87' lang='lat' dir='ltr'><strong>quam</strong></span> <span class='ocrx_word' id='word_1_279' title='bbox 1256 2261 1287 2318; x_wconf 90' lang='lat' dir='ltr'><strong>in</strong></span> <span class='ocrx_word' id='word_1_280' title='bbox 1301 2262 1446 2334; x_wconf 90' lang='lat' dir='ltr'><strong>principio</strong></span> <span class='ocrx_word' id='word_1_281' title='bbox 1460 2261 1630 2320; x_wconf 87' lang='lat' dir='ltr'><strong>divinorum</strong></span> <span class='ocrx_word' id='word_1_282' title='bbox 1643 2259 1791 2317; x_wconf 86' lang='lat' dir='ltr'><strong>librorum</strong></span> <span class='ocrx_word' id='word_1_283' title='bbox 1804 2259 1876 2330; x_wconf 74' lang='lat' dir='ltr'><strong>iegi-</strong></span> 
     </span>
     <span class='ocr_line' id='line_1_24' title="bbox 246 2343 1878 2426; baseline -0.005 -16"><span class='ocrx_word' id='word_1_284' title='bbox 246 2348 375 2426; x_wconf 78' lang='lat' dir='ltr'><strong>perimas</strong></span> <span class='ocrx_word' id='word_1_285' title='bbox 398 2348 575 2420; x_wconf 73' lang='lat' dir='ltr'><strong>mimenlia,</strong></span> <span class='ocrx_word' id='word_1_286' title='bbox 598 2349 627 2406; x_wconf 88' lang='lat' dir='ltr'><strong>ei</strong></span> <span class='ocrx_word' id='word_1_287' title='bbox 649 2345 811 2420; x_wconf 82' lang='lat' dir='ltr'><strong>praesertim</strong></span> <span class='ocrx_word' id='word_1_288' title='bbox 833 2346 956 2419; x_wconf 80' lang='lat' dir='ltr'><strong>quando</strong></span> <span class='ocrx_word' id='word_1_289' title='bbox 977 2345 1041 2418; x_wconf 80' lang='lat' dir='ltr'><strong>jam</strong></span> <span class='ocrx_word' id='word_1_290' title='bbox 1083 2363 1166 2415; x_wconf 84' lang='lat' dir='ltr'><strong>mue,</strong></span> <span class='ocrx_word' id='word_1_291' title='bbox 1180 2346 1312 2418; x_wconf 82' lang='lat' dir='ltr'><strong>aliquam</strong></span> <span class='ocrx_word' id='word_1_292' title='bbox 1326 2346 1534 2402; x_wconf 78' lang='lat' dir='ltr'><strong>rcrrlationem</strong></span> <span class='ocrx_word' id='word_1_293' title='bbox 1546 2343 1878 2420; x_wconf 81' lang='lat' dir='ltr'><strong>cnuqutuecoeouo·</strong></span> 
     </span>
     <span class='ocr_line' id='line_1_25' title="bbox 247 2428 1546 2508; baseline -0.003 -15"><span class='ocrx_word' id='word_1_294' title='bbox 247 2433 447 2494; x_wconf 78' lang='lat' dir='ltr'><strong>emmaudbns</strong></span> <span class='ocrx_word' id='word_1_295' title='bbox 460 2447 547 2508; x_wconf 70' lang='lat' dir='ltr'><strong>equo</strong></span> <span class='ocrx_word' id='word_1_296' title='bbox 558 2431 718 2492; x_wconf 70' lang='lat' dir='ltr'><strong>moena</strong></span> <span class='ocrx_word' id='word_1_297' title='bbox 731 2431 763 2489; x_wconf 74' lang='grc' dir='ltr'><strong>Χ.</strong></span> <span class='ocrx_word' id='word_1_298' title='bbox 777 2429 909 2488; x_wconf 80' lang='lat' dir='ltr'><strong>iiominb</strong></span> <span class='ocrx_word' id='word_1_299' title='bbox 919 2429 1041 2487; x_wconf 89' lang='lat' dir='ltr'><strong>demum</strong></span> <span class='ocrx_word' id='word_1_300' title='bbox 1081 2429 1214 2488; x_wconf 84' lang='lat' dir='ltr'><strong>minibus</strong></span> <span class='ocrx_word' id='word_1_301' title='bbox 1227 2429 1334 2490; x_wconf 67' lang='lat' dir='ltr'><strong>iucem</strong></span> <span class='ocrx_word' id='word_1_302' title='bbox 1347 2430 1417 2493; x_wconf 85' lang='lat' dir='ltr'><strong>salle</strong></span> <span class='ocrx_word' id='word_1_303' title='bbox 1430 2428 1546 2500; x_wconf 65' lang='lat' dir='ltr'><strong>evium.</strong></span> 
     </span>
    </p>
   </div>
   <div class='ocr_carea' id='block_1_2' title="bbox 901 2693 1222 2736">
    <p class='ocr_par' dir='ltr' id='par_1_2' title="bbox 901 2693 1222 2736">
     <span class='ocr_line' id='line_1_26' title="bbox 901 2693 1222 2736; baseline 0 -6"><span class='ocrx_word' id='word_1_304' title='bbox 901 2693 1222 2736; x_wconf 51' lang='lat' dir='ltr'><strong>QUO—n-</strong></span> 
     </span>
    </p>
   </div>
   <div class='ocr_carea' id='block_1_3' title="bbox 520 3015 1605 3354">
    <p class='ocr_par' dir='ltr' id='par_1_3' title="bbox 520 3015 1605 3354">
     <span class='ocr_line' id='line_1_27' title="bbox 934 3015 1190 3103; baseline 0.012 -5"><span class='ocrx_word' id='word_1_305' title='bbox 934 3015 1190 3103; x_wconf 75' lang='lat' dir='ltr'><strong>lerninis</strong></span> 
     </span>
     <span class='ocr_line' id='line_1_28' title="bbox 520 3228 1605 3354; baseline 0.006 -6"><span class='ocrx_word' id='word_1_306' title='bbox 520 3228 617 3349; x_wconf 87' lang='lat' dir='ltr'><strong>DE</strong></span> <span class='ocrx_word' id='word_1_307' title='bbox 657 3231 1081 3352; x_wconf 84' lang='lat' dir='ltr'><strong>CREATIONE</strong></span> <span class='ocrx_word' id='word_1_308' title='bbox 1121 3235 1605 3354; x_wconf 84' lang='lat' dir='ltr'><strong>ANGELORUM.</strong></span> 
     </span>
    </p>
   </div>
   <div class='ocr_carea' id='block_1_4' title="bbox 244 3689 1881 5108">
    <p class='ocr_par' dir='ltr' id='par_1_4' title="bbox 244 3689 1881 4856">
     <span class='ocr_line' id='line_1_29' title="bbox 282 3689 1879 3771; baseline 0.004 -17"><span class='ocrx_word' id='word_1_309' title='bbox 282 3695 402 3754; x_wconf 76' lang='lat' dir='ltr'><strong>mxli.</strong></span> <span class='ocrx_word' id='word_1_310' title='bbox 413 3689 505 3753; x_wconf 80' lang='lat' dir='ltr'><strong>valde</strong></span> <span class='ocrx_word' id='word_1_311' title='bbox 514 3695 717 3767; x_wconf 87' lang='lat' dir='ltr'><strong>opportunum</strong></span> <span class='ocrx_word' id='word_1_312' title='bbox 726 3690 800 3750; x_wconf 83' lang='lat' dir='ltr'><strong>milii</strong></span> <span class='ocrx_word' id='word_1_313' title='bbox 808 3689 937 3762; x_wconf 87' lang='lat' dir='ltr'><strong>videtur,</strong></span> <span class='ocrx_word' id='word_1_314' title='bbox 946 3691 1040 3750; x_wconf 88' lang='lat' dir='ltr'><strong>idem·</strong></span> <span class='ocrx_word' id='word_1_315' title='bbox 1082 3698 1152 3753; x_wconf 82' lang='lat' dir='ltr'><strong>eunt</strong></span> <span class='ocrx_word' id='word_1_316' title='bbox 1162 3691 1232 3752; x_wconf 87' lang='lat' dir='ltr'><strong>iacti</strong></span> <span class='ocrx_word' id='word_1_317' title='bbox 1245 3710 1263 3752; x_wconf 90' lang='lat' dir='ltr'><strong>e</strong></span> <span class='ocrx_word' id='word_1_318' title='bbox 1276 3696 1350 3753; x_wconf 81' lang='lat' dir='ltr'><strong>ileo:</strong></span> <span class='ocrx_word' id='word_1_319' title='bbox 1363 3710 1434 3767; x_wconf 76' lang='lat' dir='ltr'><strong>ergo</strong></span> <span class='ocrx_word' id='word_1_320' title='bbox 1448 3694 1551 3767; x_wconf 74' lang='lat' dir='ltr'><strong>sagoli</strong></span> <span class='ocrx_word' id='word_1_321' title='bbox 1565 3695 1727 3771; x_wconf 78' lang='lat' dir='ltr'><strong>adquendc</strong></span> <span class='ocrx_word' id='word_1_322' title='bbox 1740 3715 1803 3759; x_wconf 88' lang='lat' dir='ltr'><strong>non</strong></span> <span class='ocrx_word' id='word_1_323' title='bbox 1815 3700 1879 3761; x_wconf 85' lang='lat' dir='ltr'><strong>lue·</strong></span> 
     </span>
     <span class='ocr_line' id='line_1_30' title="bbox 248 3774 1878 3858; baseline 0.005 -20"><span class='ocrx_word' id='word_1_324' title='bbox 248 3795 319 3855; x_wconf 84' lang='lat' dir='ltr'><strong>que,</strong></span> <span class='ocrx_word' id='word_1_325' title='bbox 333 3783 472 3852; x_wconf 84' lang='lat' dir='ltr'><strong>utspero,</strong></span> <span class='ocrx_word' id='word_1_326' title='bbox 484 3775 592 3849; x_wconf 78' lang='lat' dir='ltr'><strong>legenti</strong></span> <span class='ocrx_word' id='word_1_327' title='bbox 604 3774 765 3846; x_wconf 84' lang='lat' dir='ltr'><strong>videbitur,</strong></span> <span class='ocrx_word' id='word_1_328' title='bbox 779 3775 804 3832; x_wconf 88' lang='lat' dir='ltr'><strong>ei</strong></span> <span class='ocrx_word' id='word_1_329' title='bbox 822 3775 967 3834; x_wconf 87' lang='lat' dir='ltr'><strong>nonnulla</strong></span> <span class='ocrx_word' id='word_1_330' title='bbox 981 3776 1040 3834; x_wconf 88' lang='lat' dir='ltr'><strong>hoo</strong></span> <span class='ocrx_word' id='word_1_331' title='bbox 1081 3781 1162 3836; x_wconf 86' lang='lat' dir='ltr'><strong>runt.</strong></span> <span class='ocrx_word' id='word_1_332' title='bbox 1176 3778 1261 3836; x_wconf 90' lang='lat' dir='ltr'><strong>Solus</strong></span> <span class='ocrx_word' id='word_1_333' title='bbox 1274 3779 1360 3850; x_wconf 82' lang='lat' dir='ltr'><strong>Deus,</strong></span> <span class='ocrx_word' id='word_1_334' title='bbox 1375 3781 1458 3836; x_wconf 86' lang='lat' dir='ltr'><strong>Pater</strong></span> <span class='ocrx_word' id='word_1_335' title='bbox 1470 3783 1499 3836; x_wconf 85' lang='lat' dir='ltr'><strong>ci</strong></span> <span class='ocrx_word' id='word_1_336' title='bbox 1511 3779 1600 3839; x_wconf 83' lang='lat' dir='ltr'><strong>Filius</strong></span> <span class='ocrx_word' id='word_1_337' title='bbox 1613 3787 1642 3839; x_wconf 91' lang='lat' dir='ltr'><strong>et</strong></span> <span class='ocrx_word' id='word_1_338' title='bbox 1655 3783 1779 3858; x_wconf 83' lang='lat' dir='ltr'><strong>spiritus</strong></span> <span class='ocrx_word' id='word_1_339' title='bbox 1791 3787 1878 3846; x_wconf 75' lang='lat' dir='ltr'><strong>Sacc</strong></span> 
     </span>
     <span class='ocr_line' id='line_1_31' title="bbox 246 3858 1879 3937; baseline 0.006 -17"><span class='ocrx_word' id='word_1_340' title='bbox 246 3863 278 3922; x_wconf 89' lang='lat' dir='ltr'><strong>in</strong></span> <span class='ocrx_word' id='word_1_341' title='bbox 291 3862 359 3922; x_wconf 91' lang='lat' dir='ltr'><strong>loco</strong></span> <span class='ocrx_word' id='word_1_342' title='bbox 372 3875 441 3937; x_wconf 78' lang='lat' dir='ltr'><strong>qaae</strong></span> <span class='ocrx_word' id='word_1_343' title='bbox 453 3858 632 3933; x_wconf 73' lang='lat' dir='ltr'><strong>angelomum</strong></span> <span class='ocrx_word' id='word_1_344' title='bbox 645 3859 822 3916; x_wconf 86' lang='lat' dir='ltr'><strong>creationem</strong></span> <span class='ocrx_word' id='word_1_345' title='bbox 830 3861 972 3932; x_wconf 84' lang='lat' dir='ltr'><strong>spectent,</strong></span> <span class='ocrx_word' id='word_1_346' title='bbox 987 3859 1039 3916; x_wconf 88' lang='lat' dir='ltr'><strong>cd·</strong></span> <span class='ocrx_word' id='word_1_347' title='bbox 1081 3864 1147 3932; x_wconf 87' lang='lat' dir='ltr'><strong>tue,</strong></span> <span class='ocrx_word' id='word_1_348' title='bbox 1160 3865 1204 3920; x_wconf 89' lang='lat' dir='ltr'><strong>cst</strong></span> <span class='ocrx_word' id='word_1_349' title='bbox 1220 3862 1260 3920; x_wconf 89' lang='lat' dir='ltr'><strong>ab</strong></span> <span class='ocrx_word' id='word_1_350' title='bbox 1278 3867 1397 3920; x_wconf 77' lang='lat' dir='ltr'><strong>aetcmo.</strong></span> <span class='ocrx_word' id='word_1_351' title='bbox 1417 3867 1476 3920; x_wconf 93' lang='lat' dir='ltr'><strong>iioc</strong></span> <span class='ocrx_word' id='word_1_352' title='bbox 1494 3863 1573 3922; x_wconf 90' lang='lat' dir='ltr'><strong>enim</strong></span> <span class='ocrx_word' id='word_1_353' title='bbox 1587 3864 1661 3922; x_wconf 84' lang='lat' dir='ltr'><strong>fides</strong></span> <span class='ocrx_word' id='word_1_354' title='bbox 1675 3869 1820 3928; x_wconf 86' lang='lat' dir='ltr'><strong>catholica</strong></span> <span class='ocrx_word' id='word_1_355' title='bbox 1835 3873 1879 3928; x_wconf 80' lang='lat' dir='ltr'><strong>ln·</strong></span> 
     </span>
     <span class='ocr_line' id='line_1_32' title="bbox 245 3941 1880 4018; baseline 0.005 -14"><span class='ocrx_word' id='word_1_356' title='bbox 245 3946 353 4018; x_wconf 83' lang='lat' dir='ltr'><strong>jecero.</strong></span> <span class='ocrx_word' id='word_1_357' title='bbox 369 3943 494 4002; x_wconf 79' lang='lat' dir='ltr'><strong>lixistere</strong></span> <span class='ocrx_word' id='word_1_358' title='bbox 513 3941 692 4002; x_wconf 83' lang='lat' dir='ltr'><strong>substantiae</strong></span> <span class='ocrx_word' id='word_1_359' title='bbox 710 3942 856 4016; x_wconf 88' lang='lat' dir='ltr'><strong>quasdam</strong></span> <span class='ocrx_word' id='word_1_360' title='bbox 875 3941 1040 4014; x_wconf 77' lang='lat' dir='ltr'><strong>intelligen-</strong></span> <span class='ocrx_word' id='word_1_361' title='bbox 1082 3944 1251 4004; x_wconf 90' lang='lat' dir='ltr'><strong>dubitanter</strong></span> <span class='ocrx_word' id='word_1_362' title='bbox 1272 3949 1367 4016; x_wconf 89' lang='lat' dir='ltr'><strong>tenet,</strong></span> <span class='ocrx_word' id='word_1_363' title='bbox 1388 3949 1418 4003; x_wconf 86' lang='lat' dir='ltr'><strong>ct</strong></span> <span class='ocrx_word' id='word_1_364' title='bbox 1435 3961 1523 4004; x_wconf 91' lang='lat' dir='ltr'><strong>omne</strong></span> <span class='ocrx_word' id='word_1_365' title='bbox 1541 3949 1724 4008; x_wconf 70' lang='lat' dir='ltr'><strong>scunarium</strong></span> <span class='ocrx_word' id='word_1_366' title='bbox 1737 3957 1781 4012; x_wconf 84' lang='lat' dir='ltr'><strong>eet</strong></span> <span class='ocrx_word' id='word_1_367' title='bbox 1802 3955 1880 4012; x_wconf 78' lang='lat' dir='ltr'><strong>eierat</strong></span> 
     </span>
     <span class='ocr_line' id='line_1_33' title="bbox 246 4025 1878 4104; baseline 0.006 -18"><span class='ocrx_word' id='word_1_368' title='bbox 246 4034 300 4100; x_wconf 88' lang='lat' dir='ltr'><strong>tce,</strong></span> <span class='ocrx_word' id='word_1_369' title='bbox 315 4029 506 4104; x_wconf 83' lang='lat' dir='ltr'><strong>diversasque</strong></span> <span class='ocrx_word' id='word_1_370' title='bbox 518 4041 588 4087; x_wconf 86' lang='lat' dir='ltr'><strong>oum</strong></span> <span class='ocrx_word' id='word_1_371' title='bbox 598 4025 1038 4101; x_wconf 86' lang='lat' dir='ltr'><strong>abhomiaibushominumque</strong></span> <span class='ocrx_word' id='word_1_372' title='bbox 1081 4026 1251 4085; x_wconf 86' lang='lat' dir='ltr'><strong>haereticum</strong></span> <span class='ocrx_word' id='word_1_373' title='bbox 1264 4027 1463 4086; x_wconf 84' lang='lat' dir='ltr'><strong>refutandum.</strong></span> <span class='ocrx_word' id='word_1_374' title='bbox 1482 4029 1527 4086; x_wconf 89' lang='lat' dir='ltr'><strong>Sic</strong></span> <span class='ocrx_word' id='word_1_375' title='bbox 1545 4031 1624 4088; x_wconf 90' lang='lat' dir='ltr'><strong>enim</strong></span> <span class='ocrx_word' id='word_1_376' title='bbox 1637 4035 1713 4092; x_wconf 85' lang='lat' dir='ltr'><strong>Deus</strong></span> <span class='ocrx_word' id='word_1_377' title='bbox 1727 4042 1878 4095; x_wconf 81' lang='lat' dir='ltr'><strong>creaturas</strong></span> 
     </span>
     <span class='ocr_line' id='line_1_34' title="bbox 246 4110 1877 4196; baseline 0.006 -26"><span class='ocrx_word' id='word_1_378' title='bbox 246 4111 415 4184; x_wconf 80' lang='lat' dir='ltr'><strong>animabus,</strong></span> <span class='ocrx_word' id='word_1_379' title='bbox 427 4110 639 4170; x_wconf 76' lang='lat' dir='ltr'><strong>tumarmterie</strong></span> <span class='ocrx_word' id='word_1_380' title='bbox 647 4110 837 4169; x_wconf 87' lang='lat' dir='ltr'><strong>sensibilibus</strong></span> <span class='ocrx_word' id='word_1_381' title='bbox 848 4111 948 4182; x_wconf 88' lang='lat' dir='ltr'><strong>rebus,</strong></span> <span class='ocrx_word' id='word_1_382' title='bbox 961 4127 1039 4185; x_wconf 89' lang='lat' dir='ltr'><strong>quos</strong></span> <span class='ocrx_word' id='word_1_383' title='bbox 1081 4112 1238 4187; x_wconf 82' lang='lat' dir='ltr'><strong>produxit,</strong></span> <span class='ocrx_word' id='word_1_384' title='bbox 1252 4113 1336 4187; x_wconf 89' lang='lat' dir='ltr'><strong>quad</strong></span> <span class='ocrx_word' id='word_1_385' title='bbox 1355 4129 1404 4172; x_wconf 84' lang='lat' dir='ltr'><strong>eas</strong></span> <span class='ocrx_word' id='word_1_386' title='bbox 1423 4129 1459 4170; x_wconf 84' lang='lat' dir='ltr'><strong>ex</strong></span> <span class='ocrx_word' id='word_1_387' title='bbox 1477 4115 1571 4174; x_wconf 92' lang='lat' dir='ltr'><strong>nihilo</strong></span> <span class='ocrx_word' id='word_1_388' title='bbox 1585 4116 1668 4189; x_wconf 87' lang='lat' dir='ltr'><strong>iecit,</strong></span> <span class='ocrx_word' id='word_1_389' title='bbox 1687 4119 1721 4178; x_wconf 89' lang='lat' dir='ltr'><strong>id</strong></span> <span class='ocrx_word' id='word_1_390' title='bbox 1733 4126 1777 4179; x_wconf 88' lang='lat' dir='ltr'><strong>set</strong></span> <span class='ocrx_word' id='word_1_391' title='bbox 1788 4127 1877 4196; x_wconf 83' lang='lat' dir='ltr'><strong>post-</strong></span> 
     </span>
     <span class='ocr_line' id='line_1_35' title="bbox 246 4193 1878 4278; baseline 0.006 -23"><span class='ocrx_word' id='word_1_392' title='bbox 246 4195 394 4269; x_wconf 84' lang='lat' dir='ltr'><strong>Scripiura</strong></span> <span class='ocrx_word' id='word_1_393' title='bbox 404 4198 434 4254; x_wconf 85' lang='lat' dir='ltr'><strong>ei</strong></span> <span class='ocrx_word' id='word_1_394' title='bbox 446 4193 574 4254; x_wconf 76' lang='lat' dir='ltr'><strong>Ecclesia</strong></span> <span class='ocrx_word' id='word_1_395' title='bbox 584 4194 710 4267; x_wconf 74' lang='lat' dir='ltr'><strong>Angelos</strong></span> <span class='ocrx_word' id='word_1_396' title='bbox 725 4194 907 4266; x_wconf 87' lang='lat' dir='ltr'><strong>sanctos,vel</strong></span> <span class='ocrx_word' id='word_1_397' title='bbox 918 4194 1039 4267; x_wconf 85' lang='lat' dir='ltr'><strong>iniquos</strong></span> <span class='ocrx_word' id='word_1_398' title='bbox 1083 4212 1174 4269; x_wconf 59' lang='lat' dir='ltr'><strong>wem</strong></span> <span class='ocrx_word' id='word_1_399' title='bbox 1187 4197 1261 4255; x_wconf 89' lang='lat' dir='ltr'><strong>nihil</strong></span> <span class='ocrx_word' id='word_1_400' title='bbox 1274 4195 1424 4256; x_wconf 73' lang='lat' dir='ltr'><strong>inerant.»</strong></span> <span class='ocrx_word' id='word_1_401' title='bbox 1441 4199 1548 4256; x_wconf 86' lang='lat' dir='ltr'><strong>Paulus</strong></span> <span class='ocrx_word' id='word_1_402' title='bbox 1559 4202 1729 4275; x_wconf 76' lang='lat' dir='ltr'><strong>Apostolus,</strong></span> <span class='ocrx_word' id='word_1_403' title='bbox 1744 4205 1844 4264; x_wconf 76' lang='lat' dir='ltr'><strong>dolore.</strong></span> <span class='ocrx_word' id='word_1_404' title='bbox 1857 4223 1878 4278; x_wconf 90' lang='lat' dir='ltr'><strong>r,</strong></span> 
     </span>
     <span class='ocr_line' id='line_1_36' title="bbox 246 4277 1879 4356; baseline 0.008 -20"><span class='ocrx_word' id='word_1_405' title='bbox 246 4278 367 4354; x_wconf 87' lang='lat' dir='ltr'><strong>spiritns</strong></span> <span class='ocrx_word' id='word_1_406' title='bbox 388 4283 496 4338; x_wconf 83' lang='lat' dir='ltr'><strong>vocant</strong></span> <span class='ocrx_word' id='word_1_407' title='bbox 501 4295 511 4350; x_wconf 82' lang='lat'>3</span> <span class='ocrx_word' id='word_1_408' title='bbox 539 4278 687 4352; x_wconf 86' lang='lat' dir='ltr'><strong>simulque</strong></span> <span class='ocrx_word' id='word_1_409' title='bbox 705 4277 878 4350; x_wconf 83' lang='lat' dir='ltr'><strong>hujusmodi</strong></span> <span class='ocrx_word' id='word_1_410' title='bbox 904 4279 1040 4336; x_wconf 87' lang='lat' dir='ltr'><strong>substan·</strong></span> <span class='ocrx_word' id='word_1_411' title='bbox 1082 4283 1132 4351; x_wconf 84' lang='lat'><strong>16,</strong></span> <span class='ocrx_word' id='word_1_412' title='bbox 1151 4281 1236 4340; x_wconf 90' lang='lat' dir='ltr'><strong>docet</strong></span> <span class='ocrx_word' id='word_1_413' title='bbox 1250 4283 1333 4356; x_wconf 91' lang='lat' dir='ltr'><strong>quod</strong></span> <span class='ocrx_word' id='word_1_414' title='bbox 1354 4281 1411 4339; x_wconf 80' lang='lat' dir='ltr'><strong>cin</strong></span> <span class='ocrx_word' id='word_1_415' title='bbox 1424 4284 1490 4354; x_wconf 88' lang='lat' dir='ltr'><strong>ipso</strong></span> <span class='ocrx_word' id='word_1_416' title='bbox 1506 4284 1589 4356; x_wconf 82' lang='lat' dir='ltr'><strong>(iilic</strong></span> <span class='ocrx_word' id='word_1_417' title='bbox 1603 4287 1662 4356; x_wconf 73' lang='lat' dir='ltr'><strong>liei)</strong></span> <span class='ocrx_word' id='word_1_418' title='bbox 1676 4289 1797 4347; x_wconf 87' lang='lat' dir='ltr'><strong>condita</strong></span> <span class='ocrx_word' id='word_1_419' title='bbox 1810 4297 1879 4348; x_wconf 86' lang='lat' dir='ltr'><strong>sunt</strong></span> 
     </span>
     <span class='ocr_line' id='line_1_37' title="bbox 245 4363 1880 4437; baseline 0.007 -15"><span class='ocrx_word' id='word_1_420' title='bbox 245 4363 301 4422; x_wconf 84' lang='lat' dir='ltr'><strong>tiae</strong></span> <span class='ocrx_word' id='word_1_421' title='bbox 314 4366 437 4421; x_wconf 73' lang='lat' dir='ltr'><strong>mornas</strong></span> <span class='ocrx_word' id='word_1_422' title='bbox 450 4363 660 4433; x_wconf 89' lang='lat' dir='ltr'><strong>noncsse‚boe</strong></span> <span class='ocrx_word' id='word_1_423' title='bbox 672 4363 894 4433; x_wconf 78' lang='lat' dir='ltr'><strong>sacrabitterae,</strong></span> <span class='ocrx_word' id='word_1_424' title='bbox 906 4363 1039 4420; x_wconf 75' lang='lat' dir='ltr'><strong>Ecclesia</strong></span> <span class='ocrx_word' id='word_1_425' title='bbox 1081 4364 1218 4422; x_wconf 85' lang='lat' dir='ltr'><strong>universa</strong></span> <span class='ocrx_word' id='word_1_426' title='bbox 1232 4365 1264 4422; x_wconf 90' lang='lat' dir='ltr'><strong>in</strong></span> <span class='ocrx_word' id='word_1_427' title='bbox 1277 4365 1358 4422; x_wconf 85' lang='lat' dir='ltr'><strong>ooelis</strong></span> <span class='ocrx_word' id='word_1_428' title='bbox 1372 4369 1401 4423; x_wconf 90' lang='lat' dir='ltr'><strong>ct</strong></span> <span class='ocrx_word' id='word_1_429' title='bbox 1417 4366 1449 4423; x_wconf 90' lang='lat' dir='ltr'><strong>in</strong></span> <span class='ocrx_word' id='word_1_430' title='bbox 1461 4371 1551 4437; x_wconf 90' lang='lat' dir='ltr'><strong>terra,</strong></span> <span class='ocrx_word' id='word_1_431' title='bbox 1562 4369 1691 4428; x_wconf 88' lang='lat' dir='ltr'><strong>visibilia</strong></span> <span class='ocrx_word' id='word_1_432' title='bbox 1705 4376 1734 4429; x_wconf 86' lang='lat' dir='ltr'><strong>et</strong></span> <span class='ocrx_word' id='word_1_433' title='bbox 1747 4371 1880 4434; x_wconf 82' lang='lat' dir='ltr'><strong>invisibi-</strong></span> 
     </span>
     <span class='ocr_line' id='line_1_38' title="bbox 245 4446 1880 4525; baseline 0.009 -21"><span class='ocrx_word' id='word_1_434' title='bbox 245 4447 344 4504; x_wconf 86' lang='lat' dir='ltr'><strong>Patres</strong></span> <span class='ocrx_word' id='word_1_435' title='bbox 356 4450 445 4519; x_wconf 86' lang='lat' dir='ltr'><strong>atque</strong></span> <span class='ocrx_word' id='word_1_436' title='bbox 459 4448 597 4504; x_wconf 84' lang='lat' dir='ltr'><strong>Doctores</strong></span> <span class='ocrx_word' id='word_1_437' title='bbox 609 4448 804 4519; x_wconf 75' lang='lat' dir='ltr'><strong>praesumunt,</strong></span> <span class='ocrx_word' id='word_1_438' title='bbox 817 4447 935 4516; x_wconf 86' lang='lat' dir='ltr'><strong>docent,</strong></span> <span class='ocrx_word' id='word_1_439' title='bbox 947 4446 1040 4504; x_wconf 88' lang='lat' dir='ltr'><strong>incal·</strong></span> <span class='ocrx_word' id='word_1_440' title='bbox 1081 4447 1133 4518; x_wconf 90' lang='lat' dir='ltr'><strong>lia,</strong></span> <span class='ocrx_word' id='word_1_441' title='bbox 1152 4447 1213 4506; x_wconf 88' lang='lat' dir='ltr'><strong>sive</strong></span> <span class='ocrx_word' id='word_1_442' title='bbox 1227 4450 1352 4519; x_wconf 87' lang='lat' dir='ltr'><strong>Throni,</strong></span> <span class='ocrx_word' id='word_1_443' title='bbox 1366 4450 1427 4507; x_wconf 85' lang='lat' dir='ltr'><strong>sire</strong></span> <span class='ocrx_word' id='word_1_444' title='bbox 1447 4452 1676 4525; x_wconf 82' lang='lat' dir='ltr'><strong>dominationes,</strong></span> <span class='ocrx_word' id='word_1_445' title='bbox 1690 4455 1753 4514; x_wconf 82' lang='lat' dir='ltr'><strong>sire</strong></span> <span class='ocrx_word' id='word_1_446' title='bbox 1772 4458 1880 4518; x_wconf 83' lang='lat' dir='ltr'><strong>erioci·</strong></span> 
     </span>
     <span class='ocr_line' id='line_1_39' title="bbox 246 4525 1878 4614; baseline 0.006 -25"><span class='ocrx_word' id='word_1_447' title='bbox 246 4532 323 4589; x_wconf 75' lang='lat' dir='ltr'><strong>mna</strong></span> <span class='ocrx_word' id='word_1_448' title='bbox 340 4529 504 4588; x_wconf 78' lang='lat' dir='ltr'><strong>Audiamus</strong></span> <span class='ocrx_word' id='word_1_449' title='bbox 522 4529 550 4586; x_wconf 88' lang='lat' dir='ltr'><strong>S.</strong></span> <span class='ocrx_word' id='word_1_450' title='bbox 564 4525 707 4586; x_wconf 88' lang='lat' dir='ltr'><strong>Thomam</strong></span> <span class='ocrx_word' id='word_1_451' title='bbox 721 4528 782 4601; x_wconf 77' lang='lat' dir='ltr'><strong>ill:</strong></span> <span class='ocrx_word' id='word_1_452' title='bbox 805 4529 941 4586; x_wconf 79' lang='lat' dir='ltr'><strong>allicitur</strong></span> <span class='ocrx_word' id='word_1_453' title='bbox 957 4532 1036 4587; x_wconf 82' lang='lat' dir='ltr'><strong>Pron.</strong></span> <span class='ocrx_word' id='word_1_454' title='bbox 1081 4536 1179 4606; x_wconf 88' lang='lat' dir='ltr'><strong>petus,</strong></span> <span class='ocrx_word' id='word_1_455' title='bbox 1190 4532 1251 4590; x_wconf 84' lang='lat' dir='ltr'><strong>sivo</strong></span> <span class='ocrx_word' id='word_1_456' title='bbox 1260 4535 1427 4591; x_wconf 84' lang='lat' dir='ltr'><strong>Potcslatcs.</strong></span> <span class='ocrx_word' id='word_1_457' title='bbox 1443 4535 1547 4591; x_wconf 88' lang='lat' dir='ltr'><strong>Omnia</strong></span> <span class='ocrx_word' id='word_1_458' title='bbox 1557 4537 1716 4612; x_wconf 84' lang='lat' dir='ltr'><strong>peripsum</strong></span> <span class='ocrx_word' id='word_1_459' title='bbox 1728 4543 1758 4596; x_wconf 91' lang='lat' dir='ltr'><strong>et</strong></span> <span class='ocrx_word' id='word_1_460' title='bbox 1768 4539 1801 4596; x_wconf 92' lang='lat' dir='ltr'><strong>in</strong></span> <span class='ocrx_word' id='word_1_461' title='bbox 1811 4541 1878 4614; x_wconf 81' lang='lat' dir='ltr'><strong>ipso</strong></span> 
     </span>
     <span class='ocr_line' id='line_1_40' title="bbox 245 4611 1880 4692; baseline 0.007 -21"><span class='ocrx_word' id='word_1_462' title='bbox 245 4629 313 4685; x_wconf 82' lang='lat' dir='ltr'><strong>rin,</strong></span> <span class='ocrx_word' id='word_1_463' title='bbox 331 4629 368 4672; x_wconf 88' lang='lat' dir='ltr'><strong>ex</strong></span> <span class='ocrx_word' id='word_1_464' title='bbox 389 4627 517 4688; x_wconf 85' lang='lat' dir='ltr'><strong>persone</strong></span> <span class='ocrx_word' id='word_1_465' title='bbox 535 4611 689 4686; x_wconf 82' lang='lat' dir='ltr'><strong>Sapientiae</strong></span> <span class='ocrx_word' id='word_1_466' title='bbox 712 4611 762 4686; x_wconf 82' lang='lat' dir='ltr'><strong>(cb</strong></span> <span class='ocrx_word' id='word_1_467' title='bbox 780 4612 891 4686; x_wconf 64' lang='lat' dir='ltr'><strong>otono)</strong></span> <span class='ocrx_word' id='word_1_468' title='bbox 913 4615 1036 4686; x_wconf 79' lang='lat' dir='ltr'><strong>genitae:</strong></span> <span class='ocrx_word' id='word_1_469' title='bbox 1082 4619 1179 4672; x_wconf 83' lang='lat' dir='ltr'><strong>ereata</strong></span> <span class='ocrx_word' id='word_1_470' title='bbox 1192 4618 1276 4672; x_wconf 90' lang='lat' dir='ltr'><strong>sunt:</strong></span> <span class='ocrx_word' id='word_1_471' title='bbox 1295 4619 1323 4672; x_wconf 89' lang='lat' dir='ltr'><strong>et</strong></span> <span class='ocrx_word' id='word_1_472' title='bbox 1337 4616 1399 4688; x_wconf 90' lang='lat' dir='ltr'><strong>ipse</strong></span> <span class='ocrx_word' id='word_1_473' title='bbox 1416 4621 1539 4674; x_wconf 85' lang='lat' dir='ltr'><strong>estante</strong></span> <span class='ocrx_word' id='word_1_474' title='bbox 1553 4635 1669 4692; x_wconf 83' lang='lat' dir='ltr'><strong>antaee,</strong></span> <span class='ocrx_word' id='word_1_475' title='bbox 1691 4625 1719 4679; x_wconf 86' lang='lat' dir='ltr'><strong>et</strong></span> <span class='ocrx_word' id='word_1_476' title='bbox 1731 4625 1836 4682; x_wconf 87' lang='lat' dir='ltr'><strong>omnia</strong></span> <span class='ocrx_word' id='word_1_477' title='bbox 1848 4627 1880 4683; x_wconf 90' lang='lat' dir='ltr'><strong>in</strong></span> 
     </span>
     <span class='ocr_line' id='line_1_41' title="bbox 245 4696 1881 4776; baseline 0.009 -22"><span class='ocrx_word' id='word_1_478' title='bbox 245 4697 375 4754; x_wconf 79' lang='lat' dir='ltr'><strong>Derrima</strong></span> <span class='ocrx_word' id='word_1_479' title='bbox 385 4696 558 4769; x_wconf 81' lang='lat' dir='ltr'><strong>pesscditme</strong></span> <span class='ocrx_word' id='word_1_480' title='bbox 568 4697 602 4752; x_wconf 87' lang='lat' dir='ltr'><strong>ub</strong></span> <span class='ocrx_word' id='word_1_481' title='bbox 615 4698 819 4754; x_wconf 73' lang='lat' dir='ltr'><strong>solitoriorum</strong></span> <span class='ocrx_word' id='word_1_482' title='bbox 831 4713 949 4764; x_wconf 76' lang='lat' dir='ltr'><strong>mmmm,</strong></span> <span class='ocrx_word' id='word_1_483' title='bbox 966 4703 1039 4756; x_wconf 85' lang='lat' dir='ltr'><strong>aate·</strong></span> <span class='ocrx_word' id='word_1_484' title='bbox 1081 4697 1147 4772; x_wconf 88' lang='lat' dir='ltr'><strong>ipso</strong></span> <span class='ocrx_word' id='word_1_485' title='bbox 1161 4703 1331 4757; x_wconf 70' lang='lat' dir='ltr'><strong>constant.»</strong></span> <span class='ocrx_word' id='word_1_486' title='bbox 1348 4701 1379 4755; x_wconf 95' lang='lat' dir='ltr'><strong>ln</strong></span> <span class='ocrx_word' id='word_1_487' title='bbox 1393 4699 1507 4758; x_wconf 89' lang='lat' dir='ltr'><strong>cantico</strong></span> <span class='ocrx_word' id='word_1_488' title='bbox 1521 4702 1611 4760; x_wconf 89' lang='lat' dir='ltr'><strong>iriam</strong></span> <span class='ocrx_word' id='word_1_489' title='bbox 1624 4720 1790 4776; x_wconf 88' lang='lat' dir='ltr'><strong>puerorum</strong></span> <span class='ocrx_word' id='word_1_490' title='bbox 1803 4707 1881 4768; x_wconf 83' lang='lat' dir='ltr'><strong>inter</strong></span> 
     </span>
     <span class='ocr_line' id='line_1_42' title="bbox 244 4779 1880 4856; baseline 0.009 -20"><span class='ocrx_word' id='word_1_491' title='bbox 244 4795 327 4854; x_wconf 69' lang='lat' dir='ltr'><strong>quart</strong></span> <span class='ocrx_word' id='word_1_492' title='bbox 339 4780 487 4854; x_wconf 57' lang='lat' dir='ltr'><strong>wopam</strong></span> <span class='ocrx_word' id='word_1_493' title='bbox 499 4782 600 4850; x_wconf 74' lang='lat' dir='ltr'><strong>{merei</strong></span> <span class='ocrx_word' id='word_1_494' title='bbox 613 4795 632 4838; x_wconf 85' lang='lat' dir='ltr'><strong>u</strong></span> <span class='ocrx_word' id='word_1_495' title='bbox 643 4781 782 4853; x_wconf 66' lang='lat' dir='ltr'><strong>pnacipio</strong></span> <span class='ocrx_word' id='word_1_496' title='bbox 798 4779 849 4854; x_wconf 57' lang='grc' dir='ltr'><strong>(ῆι</strong></span> <span class='ocrx_word' id='word_1_497' title='bbox 869 4781 1039 4855; x_wconf 72' lang='lat' dir='ltr'><strong>arcangeli</strong></span> <span class='ocrx_word' id='word_1_498' title='bbox 1081 4783 1131 4840; x_wconf 83' lang='lat' dir='ltr'><strong>ilci</strong></span> <span class='ocrx_word' id='word_1_499' title='bbox 1148 4787 1295 4844; x_wconf 89' lang='lat' dir='ltr'><strong>creaturas</strong></span> <span class='ocrx_word' id='word_1_500' title='bbox 1308 4781 1398 4856; x_wconf 90' lang='lat' dir='ltr'><strong>primi</strong></span> <span class='ocrx_word' id='word_1_501' title='bbox 1414 4785 1518 4856; x_wconf 74' lang='lat' dir='ltr'><strong>angeli</strong></span> <span class='ocrx_word' id='word_1_502' title='bbox 1535 4792 1738 4846; x_wconf 88' lang='lat' dir='ltr'><strong>recensentur:</strong></span> <span class='ocrx_word' id='word_1_503' title='bbox 1766 4795 1880 4852; x_wconf 72' lang='lat' dir='ltr'><strong>«Bene</strong></span> 
     </span>
    </p>

    <p class='ocr_par' dir='ltr' id='par_1_5' title="bbox 1081 4866 1879 4943">
     <span class='ocr_line' id='line_1_43' title="bbox 1081 4866 1879 4943; baseline 0.013 -17"><span class='ocrx_word' id='word_1_504' title='bbox 1081 4866 1168 4926; x_wconf 86' lang='lat' dir='ltr'><strong>dicite</strong></span> <span class='ocrx_word' id='word_1_505' title='bbox 1182 4868 1283 4926; x_wconf 91' lang='lat' dir='ltr'><strong>omnia</strong></span> <span class='ocrx_word' id='word_1_506' title='bbox 1296 4883 1388 4943; x_wconf 89' lang='lat' dir='ltr'><strong>opera</strong></span> <span class='ocrx_word' id='word_1_507' title='bbox 1405 4869 1522 4926; x_wconf 85' lang='lat' dir='ltr'><strong>Domini</strong></span> <span class='ocrx_word' id='word_1_508' title='bbox 1537 4871 1697 4930; x_wconf 87' lang='lat' dir='ltr'><strong>Domino...</strong></span> <span class='ocrx_word' id='word_1_509' title='bbox 1711 4875 1879 4936; x_wconf 75' lang='lat' dir='ltr'><strong>benedicite</strong></span> 
     </span>
    </p>

    <p class='ocr_par' dir='ltr' id='par_1_6' title="bbox 244 4949 1880 5108">
     <span class='ocr_line' id='line_1_44' title="bbox 278 4949 1880 5038; baseline 0.009 -32"><span class='ocrx_word' id='word_1_510' title='bbox 278 4954 313 5022; x_wconf 87' lang='lat' dir='ltr'><strong>(i)</strong></span> <span class='ocrx_word' id='word_1_511' title='bbox 326 4955 396 5007; x_wconf 80' lang='lat' dir='ltr'><strong>Part.</strong></span> <span class='ocrx_word' id='word_1_512' title='bbox 410 4955 434 5014; x_wconf 87' lang='lat' dir='ltr'><strong>i,</strong></span> <span class='ocrx_word' id='word_1_513' title='bbox 448 4961 537 5022; x_wconf 75' lang='lat' dir='ltr'><strong>omer.</strong></span> <span class='ocrx_word' id='word_1_514' title='bbox 549 4955 629 5038; x_wconf 75' lang='lat' dir='ltr'><strong>⁸ixii,</strong></span> <span class='ocrx_word' id='word_1_515' title='bbox 645 4961 695 5007; x_wconf 80' lang='lat' dir='ltr'><strong>ert.</strong></span> <span class='ocrx_word' id='word_1_516' title='bbox 713 4953 741 5006; x_wconf 87' lang='lat' dir='ltr'><strong>lc</strong></span> <span class='ocrx_word' id='word_1_517' title='bbox 756 4969 826 5020; x_wconf 90' lang='lat' dir='ltr'><strong>corp.</strong></span> <span class='ocrx_word' id='word_1_518' title='bbox 848 4960 875 5007; x_wconf 85' lang='lat' dir='ltr'><strong>et</strong></span> <span class='ocrx_word' id='word_1_519' title='bbox 890 4954 923 5006; x_wconf 84' lang='lat' dir='ltr'><strong>ed</strong></span> <span class='ocrx_word' id='word_1_520' title='bbox 936 4957 961 5006; x_wconf 88' lang='lat' dir='ltr'><strong>t.</strong></span> <span class='ocrx_word' id='word_1_521' title='bbox 976 4953 1036 5036; x_wconf 73' lang='lat' dir='ltr'><strong>iliu.</strong></span> <span class='ocrx_word' id='word_1_522' title='bbox 1080 4949 1183 5023; x_wconf 75' lang='lat' dir='ltr'><strong>angeli</strong></span> <span class='ocrx_word' id='word_1_523' title='bbox 1201 4951 1318 5010; x_wconf 84' lang='lat' dir='ltr'><strong>bomini</strong></span> <span class='ocrx_word' id='word_1_524' title='bbox 1337 4953 1500 5011; x_wconf 79' lang='lat' dir='ltr'><strong>Domino.»</strong></span> <span class='ocrx_word' id='word_1_525' title='bbox 1526 4953 1555 5012; x_wconf 87' lang='lat' dir='ltr'><strong>Si</strong></span> <span class='ocrx_word' id='word_1_526' title='bbox 1574 4971 1646 5014; x_wconf 78' lang='lat' dir='ltr'><strong>vero</strong></span> <span class='ocrx_word' id='word_1_527' title='bbox 1665 4958 1767 5030; x_wconf 75' lang='lat' dir='ltr'><strong>angeli</strong></span> <span class='ocrx_word' id='word_1_528' title='bbox 1788 4961 1880 5021; x_wconf 88' lang='lat' dir='ltr'><strong>creati</strong></span> 
     </span>
     <span class='ocr_line' id='line_1_45' title="bbox 244 5024 1879 5108; baseline 0.009 -18"><span class='ocrx_word' id='word_1_529' title='bbox 244 5025 351 5091; x_wconf 80' lang='lat' dir='ltr'><strong>suamc,</strong></span> <span class='ocrx_word' id='word_1_530' title='bbox 365 5028 401 5077; x_wconf 60' lang='grc' dir='ltr'><strong>θ’</strong></span> <span class='ocrx_word' id='word_1_531' title='bbox 414 5027 525 5090; x_wconf 72' lang='lat' dir='ltr'><strong>erpelle,</strong></span> <span class='ocrx_word' id='word_1_532' title='bbox 538 5026 619 5082; x_wconf 80' lang='lat' dir='ltr'><strong>irb.1.</strong></span> <span class='ocrx_word' id='word_1_533' title='bbox 636 5039 692 5090; x_wconf 84' lang='lat' dir='ltr'><strong>cap.</strong></span> <span class='ocrx_word' id='word_1_534' title='bbox 703 5041 736 5090; x_wconf 78' lang='lat'><strong>¹¹,</strong></span> <span class='ocrx_word' id='word_1_535' title='bbox 749 5025 795 5078; x_wconf 85' lang='lat' dir='ltr'><strong>ubl</strong></span> <span class='ocrx_word' id='word_1_536' title='bbox 806 5029 837 5078; x_wconf 65' lang='grc' dir='ltr'><strong>ά*</strong></span> <span class='ocrx_word' id='word_1_537' title='bbox 848 5027 898 5089; x_wconf 60' lang='grc' dir='ltr'><strong>Μ’</strong></span> <span class='ocrx_word' id='word_1_538' title='bbox 910 5037 962 5076; x_wconf 72' lang='lat'><strong>0⁸⁸0</strong></span> <span class='ocrx_word' id='word_1_539' title='bbox 974 5024 1039 5077; x_wconf 70' lang='lat' dir='ltr'><strong>d¹⁰¹i</strong></span> <span class='ocrx_word' id='word_1_540' title='bbox 1081 5039 1159 5105; x_wconf 89' lang='lat' dir='ltr'><strong>sunt,</strong></span> <span class='ocrx_word' id='word_1_541' title='bbox 1170 5033 1233 5108; x_wconf 80' lang='lat' dir='ltr'><strong>iam</strong></span> <span class='ocrx_word' id='word_1_542' title='bbox 1243 5037 1504 5095; x_wconf 82' lang='lat' dir='ltr'><strong>nonsuntaeternir</strong></span> <span class='ocrx_word' id='word_1_543' title='bbox 1518 5039 1879 5105; x_wconf 82' lang='lat' dir='ltr'><strong>creatioenimabeeterno</strong></span> 
     </span>
    </p>
   </div>
   <div class='ocr_carea' id='block_1_5' title="bbox 244 5095 1879 5232">
    <p class='ocr_par' dir='ltr' id='par_1_7' title="bbox 244 5095 1879 5232">
     <span class='ocr_line' id='line_1_46' title="bbox 244 5095 1879 5232; baseline 0.016 -69"><span class='ocrx_word' id='word_1_544' title='bbox 244 5095 1055 5232; x_wconf 46' lang='lat' dir='ltr'><strong>mm:iffilffinisfflg‘aeffgffie{geiaffiffinff-</strong></span> <span class='ocrx_word' id='word_1_545' title='bbox 1079 5124 1241 5196; x_wconf 81' lang='lat' dir='ltr'><strong>repugnat,</strong></span> <span class='ocrx_word' id='word_1_546' title='bbox 1260 5121 1345 5196; x_wconf 86' lang='lat' dir='ltr'><strong>quod</strong></span> <span class='ocrx_word' id='word_1_547' title='bbox 1362 5123 1425 5194; x_wconf 87' lang='lat' dir='ltr'><strong>jam</strong></span> <span class='ocrx_word' id='word_1_548' title='bbox 1438 5125 1482 5180; x_wconf 89' lang='lat' dir='ltr'><strong>cst</strong></span> <span class='ocrx_word' id='word_1_549' title='bbox 1495 5139 1513 5181; x_wconf 87' lang='lat' dir='ltr'><strong>a</strong></span> <span class='ocrx_word' id='word_1_550' title='bbox 1526 5123 1614 5181; x_wconf 87' lang='lat' dir='ltr'><strong>nobis</strong></span> <span class='ocrx_word' id='word_1_551' title='bbox 1628 5125 1879 5189; x_wconf 86' lang='lat' dir='ltr'><strong>demonstratum.</strong></span> 
     </span>
    </p>
   </div>
   <div class='ocr_carea' id='block_1_6' title="bbox 245 5202 1880 5376">
    <p class='ocr_par' dir='ltr' id='par_1_8' title="bbox 245 5202 1880 5376">
     <span class='ocr_line' id='line_1_47' title="bbox 276 5202 1880 5304; baseline 0.012 -52"><span class='ocrx_word' id='word_1_552' title='bbox 276 5237 311 5304; x_wconf 45' lang='grc' dir='ltr'><strong>(ὓ)</strong></span> <span class='ocrx_word' id='word_1_553' title='bbox 326 5237 425 5290; x_wconf 55' lang='lat' dir='ltr'><strong>sm</strong></span> <span class='ocrx_word' id='word_1_554' title='bbox 434 5248 493 5290; x_wconf 63' lang='lat' dir='ltr'><strong>mm</strong></span> <span class='ocrx_word' id='word_1_555' title='bbox 505 5241 583 5290; x_wconf 79' lang='lat' dir='ltr'><strong>reric</strong></span> <span class='ocrx_word' id='word_1_556' title='bbox 595 5239 707 5303; x_wconf 78' lang='lat' dir='ltr'><strong>ejusdem</strong></span> <span class='ocrx_word' id='word_1_557' title='bbox 721 5237 864 5303; x_wconf 51' lang='lat' dir='ltr'><strong>Samma„</strong></span> <span class='ocrx_word' id='word_1_558' title='bbox 878 5241 950 5289; x_wconf 59' lang='lat' dir='ltr'><em>m</em></span> <span class='ocrx_word' id='word_1_559' title='bbox 962 5249 1036 5289; x_wconf 65' lang='lat' dir='ltr'><strong>m„</strong></span> <span class='ocrx_word' id='word_1_560' title='bbox 1116 5202 1245 5277; x_wconf 78' lang='lat' dir='ltr'><strong>Angelos</strong></span> <span class='ocrx_word' id='word_1_561' title='bbox 1264 5219 1282 5262; x_wconf 94' lang='lat' dir='ltr'><strong>a</strong></span> <span class='ocrx_word' id='word_1_562' title='bbox 1296 5208 1354 5263; x_wconf 89' lang='lat' dir='ltr'><strong>ileo</strong></span> <span class='ocrx_word' id='word_1_563' title='bbox 1367 5205 1456 5262; x_wconf 82' lang='lat' dir='ltr'><strong>tuisse</strong></span> <span class='ocrx_word' id='word_1_564' title='bbox 1477 5211 1605 5280; x_wconf 88' lang='lat' dir='ltr'><strong>creatos,</strong></span> <span class='ocrx_word' id='word_1_565' title='bbox 1618 5221 1681 5268; x_wconf 90' lang='lat' dir='ltr'><strong>non</strong></span> <span class='ocrx_word' id='word_1_566' title='bbox 1694 5205 1789 5270; x_wconf 88' lang='lat' dir='ltr'><strong>modo</strong></span> <span class='ocrx_word' id='word_1_567' title='bbox 1803 5208 1880 5272; x_wconf 89' lang='lat' dir='ltr'><strong>chri·</strong></span> 
     </span>
     <span class='ocr_line' id='line_1_48' title="bbox 245 5287 1880 5376; baseline -0.004 -15"><span class='ocrx_word' id='word_1_568' title='bbox 245 5306 323 5374; x_wconf 69' lang='lat' dir='ltr'><strong>«ego</strong></span> <span class='ocrx_word' id='word_1_569' title='bbox 335 5322 368 5361; x_wconf 84' lang='lat' dir='ltr'><strong>ex</strong></span> <span class='ocrx_word' id='word_1_570' title='bbox 379 5323 423 5362; x_wconf 89' lang='lat' dir='ltr'><strong>ore</strong></span> <span class='ocrx_word' id='word_1_571' title='bbox 437 5309 558 5363; x_wconf 65' lang='lat' dir='ltr'><strong>domimi</strong></span> <span class='ocrx_word' id='word_1_572' title='bbox 570 5309 669 5375; x_wconf 84' lang='lat' dir='ltr'><strong>prodivi</strong></span> <span class='ocrx_word' id='word_1_573' title='bbox 682 5308 852 5376; x_wconf 76' lang='lat' dir='ltr'><strong>primogenite</strong></span> <span class='ocrx_word' id='word_1_574' title='bbox 864 5315 924 5362; x_wconf 68' lang='lat' dir='ltr'><strong>ene,</strong></span> <span class='ocrx_word' id='word_1_575' title='bbox 934 5322 1036 5362; x_wconf 59' lang='lat' dir='ltr'><strong>omnem</strong></span> <span class='ocrx_word' id='word_1_576' title='bbox 1080 5289 1175 5347; x_wconf 86' lang='lat' dir='ltr'><strong>stiana</strong></span> <span class='ocrx_word' id='word_1_577' title='bbox 1188 5287 1279 5360; x_wconf 86' lang='lat' dir='ltr'><strong>fides,</strong></span> <span class='ocrx_word' id='word_1_578' title='bbox 1298 5289 1352 5346; x_wconf 87' lang='lat' dir='ltr'><strong>scd</strong></span> <span class='ocrx_word' id='word_1_579' title='bbox 1370 5293 1397 5346; x_wconf 86' lang='lat' dir='ltr'><strong>et</strong></span> <span class='ocrx_word' id='word_1_580' title='bbox 1408 5289 1657 5366; x_wconf 90' lang='lat' dir='ltr'><strong>philosophorum</strong></span> <span class='ocrx_word' id='word_1_581' title='bbox 1670 5288 1773 5368; x_wconf 88' lang='lat' dir='ltr'><strong>opinio</strong></span> <span class='ocrx_word' id='word_1_582' title='bbox 1787 5293 1880 5369; x_wconf 80' lang='lat' dir='ltr'><strong>profi-</strong></span> 
     </span>
    </p>
   </div>
   <div class='ocr_carea' id='block_1_7' title="bbox 121 5371 1878 5454">
    <p class='ocr_par' dir='ltr' id='par_1_9' title="bbox 121 5371 1878 5454">
     <span class='ocr_line' id='line_1_49' title="bbox 121 5371 1878 5454; baseline 0.006 -24"><span class='ocrx_word' id='word_1_583' title='bbox 121 5418 127 5430; x_wconf 82' lang='lat'><strong>.</strong></span> <span class='ocrx_word' id='word_1_584' title='bbox 242 5387 419 5434; x_wconf 69' lang='lat' dir='ltr'><strong>aarum·</strong></span> <span class='ocrx_word' id='word_1_585' title='bbox 1080 5376 1174 5444; x_wconf 88' lang='lat' dir='ltr'><strong>tetur,</strong></span> <span class='ocrx_word' id='word_1_586' title='bbox 1192 5373 1320 5432; x_wconf 82' lang='lat' dir='ltr'><strong>maxime</strong></span> <span class='ocrx_word' id='word_1_587' title='bbox 1338 5371 1573 5447; x_wconf 85' lang='lat' dir='ltr'><strong>Platonicorum,</strong></span> <span class='ocrx_word' id='word_1_588' title='bbox 1587 5389 1717 5450; x_wconf 84' lang='lat' dir='ltr'><strong>quorum</strong></span> <span class='ocrx_word' id='word_1_589' title='bbox 1736 5379 1878 5454; x_wconf 70' lang='lat' dir='ltr'><strong>magister</strong></span> 
     </span>
    </p>
   </div>
   <div class='ocr_carea' id='block_1_8' title="bbox 0 0 2027 6032">
    <p class='ocr_par' dir='ltr' id='par_1_10' title="bbox 0 0 2027 6032">
     <span class='ocr_line' id='line_1_50' title="bbox 0 0 2027 6032; baseline 0 0"><span class='ocrx_word' id='word_1_590' title='bbox 0 0 2027 6032; x_wconf 95' lang='lat' dir='ltr'><strong> </strong></span> 
     </span>
    </p>
   </div>
  </div>
 </body>
</html>
