4020 6026
1735 219 1768 272 [sl

157 323 269 402 partam
279 316 315 382 in
327 317 491 399 pristintun
501 335 590 384 suun
605 318 811 399 integritatem
822 319 1006 386 metituerst.
1021 322 1134 388 vuum
1145 321 1194 386 uti
1206 337 1297 386 omne
1313 319 1409 400 rllutl,
1425 319 1507 404 quod
1523 317 1610 384 nobis
1627 317 1683 382 vir
1702 317 1770 384 doc-

156 413 288 478 tissirnus
299 422 405 478 namet
418 415 457 478 de
468 414 624 479 simultate
633 415 715 479 inter
726 424 886 498 utrumqne
897 413 1045 481 familiam
1058 417 1281 494 sacerdotalem,
1291 417 1491 482 Eleazaricam
1502 423 1534 480 et
1544 415 1770 494 Ithamaricam,

60 510 66 523 '
156 527 280 594 quarum
292 512 376 590 prior
388 511 521 590 genuina
534 511 658 576 llosaica
678 512 789 594 scripta
806 531 896 594 penes
913 531 945 576 se
960 513 1227 591 servasset,altera
1245 522 1359 594 nutent,
1378 531 1445 595 quta
1460 513 1580 578 Silunta
1598 513 1699 576 sedem
1717 512 1771 577 he·

156 606 272 684 buisset,
285 606 480 671 emulatione
493 607 630 684 incitata,
644 608 779 672 mosaicis
793 607 908 676 similia
917 607 951 676 iu
965 609 1177 689 Prophetarum
1191 610 1300 674 scholis
1314 609 1462 688 finxisset,
1476 609 1563 673 nullo
1575 609 1669 673 solido
1682 625 1770 688 argu·

155 710 253 766 mente
266 703 380 767 nititur
392 707 449 783 (i);
463 705 507 768 ita
517 713 548 768 et
562 706 702 782 alterum,
715 706 796 794 quod
805 706 912 784 sumit,
930 705 1024 770 luisse
1042 705 1076 770 in
1095 715 1199 771 nostro
1213 711 1360 773 Genesees
1375 707 1454 772 libre
1469 707 1611 788 genuinis
1633 706 1770 770 biosaieis

153 817 185 864 ca
195 815 264 880 quae
277 817 297 864 a
309 801 512 866 sacerdotibus
523 801 647 866 iamiliae
660 800 848 866 ithamaricae
859 802 923 868 illis
937 801 1052 868 similia
1062 819 1187 883 procusa
1199 811 1310 882 essene
1319 803 1416 886 iisque
1426 802 1507 867 bauo
1520 821 1590 866 rare
1601 820 1770 885 repugnan-

151 897 199 972 tia,
210 896 339 960 Davidis
349 901 439 979 jussu
451 916 487 962 ee
498 898 620 962 masilia
631 900 753 978 juncta,
766 905 802 961 ut
815 897 954 963 simultas
965 898 1023 962 ista
1035 898 1201 978 tolleretur,
1215 908 1246 964 et
1256 906 1385 982 utraque
1399 899 1517 964 iamiha
1534 901 1616 966 inter
1629 918 1662 966 se
1674 899 1770 964 consi

151 991 284 1071 liaretur,
300 991 358 1056 tale
372 1000 428 1072 est,
445 994 525 1076 quod
539 994 660 1058 nonnisi
674 994 720 1072 ei,
732 993 785 1074 qui
796 995 858 1058 haec
872 994 1061 1076 excogitavit,
1073 993 1237 1059 verisimile
1246 993 1457 1077 rideripossit.
1468 1001 1656 1076 Argumenta
1664 1013 1766 1078 porro,

148 1088 255 1171 quibus
268 1090 331 1152 alis
343 1090 417 1154 blesi
430 1087 573 1167 vindicat,
587 1089 648 1156 elia
659 1090 755 1154 serlus
768 1091 871 1156 addita
882 1091 1008 1172 probare
1019 1090 1134 1176 studet,
1146 1089 1271 1156 infirma
1285 1099 1359 1156 sunt
1368 1099 1399 1155 et
1410 1109 1464 1174 pre
1477 1091 1580 1158 lubitu
1592 1093 1701 1158 adscita
1715 1094 1768 1173 (ἓ).

149 1185 298 1266 ieiunatis
309 1185 444 1270 denique
455 1186 530 1268 iliis,
543 1203 611 1269 quta
625 1185 692 1248 Viri
705 1186 869 1250 doctissimi
882 1187 1023 1268 opinione
1036 1187 1201 1252 recentiora
1213 1193 1298 1262 sunt,
1312 1188 1349 1252 ab
1361 1187 1411 1264 iis,
1422 1205 1489 1268 quaa
1502 1205 1569 1253 vere
1583 1188 1709 1253 Mosaios
1716 1192 1768 1271 ju·

149 1281 236 1358 dicat,
250 1281 297 1346 ita
309 1281 416 1348 luxata
427 1289 600 1364 comparent
612 1281 716 1346 omnia
730 1289 760 1346 et
769 1281 884 1363 lacera,
895 1289 932 1347 ut
944 1283 1060 1347 mirum
1072 1283 1131 1363 sit,
1141 1301 1227 1365 posse
1238 1281 1312 1348 talia
1322 1284 1436 1348 auobri
1449 1269 1618 1366 probabilia
1632 1285 1731 1352 videri
1742 1288 1767 1352 ⁴.

178 1495 256 1556 ‘cut
267 1501 367 1555 tamen
380 1496 523 1556 maeotim
532 1497 671 1556 recentius
682 1497 758 1556 'ineh
772 1503 802 1556 et
812 1497 848 1556 da
858 1497 965 1556 Beblen
974 1497 1115 1556 caleulum
1123 1512 1208 1556 mum
1218 1497 1388 1570 adiecerunt.
1401 1497 1484 1556 iusta
1496 1498 1676 1570 eneconem
1689 1498 1770 1574 (sieut

150 1581 385 1640 uhmnmucbus
397 1583 429 1642 irs
442 1580 551 1654 genere)
561 1599 594 1639 ex
605 1582 795 1640 monumentis
810 1583 929 1640 auctoris
938 1581 1078 1654 Eielsistts,
1087 1586 1120 1637 ut
1130 1579 1219 1652 aiunt,
1233 1579 1363 1653 primitus
1374 1581 1531 1653 constabat3
1545 1581 1645 1639 deinde
1659 1584 1766 1656 compl-

152 1663 214 1723 htor
225 1663 343 1737 quidam
357 1665 497 1723 leherista
510 1679 573 1724 eam
587 1663 706 1736 retinxit,
717 1669 746 1723 et
758 1665 922 1737 fragmentis
936 1663 1081 1722 trinetatis
1098 1665 1186 1722 aurit.
1206 1663 1260 1722 Sati
1273 1664 1344 1722 iaise
1355 1669 1414 1736 est,
1429 1667 1509 1738 euius
1528 1663 1710 1724 laudamento
1723 1667 1769 1726 ui-

154 1755 241 1808 tentur
254 1749 364 1822 pratae
376 1752 512 1822 auctores,
530 1749 636 1824 opinio,
651 1751 770 1808 auctoris
783 1749 1027 1809 seilicatEiohistte
1042 1748 1142 1820 capita,
1157 1747 1274 1806 exclusis
1287 1748 1434 1808 iehovistas
1452 1746 1600 1822 capitibus,
1613 1765 1684 1822 opus
1698 1749 1769 1808 bene

155 1835 303 1892 ertlinmum
317 1840 347 1890 et
359 1835 420 1891 sina
428 1833 501 1892 rima
509 1833 713 1892 conlormatum
723 1831 877 1904 elios-mare,
888 1848 945 1890 non
959 1831 1027 1889 item
1039 1831 1187 1888 iehovistm
1197 1831 1316 1899 auctoris
1325 1827 1491 1904 fragmenta,
1501 1832 1615 1889 seclusis
1628 1831 1767 1891 Eiobistts.

153 1917 215 1976 liam
227 1919 250 1972 si
260 1933 294 1974 ex
307 1915 418 1989 Genesi,
435 1915 527 1991 qualis
537 1931 613 1973 nunc
625 1921 722 1987 exstat,
738 1917 863 1988 primum
876 1915 1105 1989 rennuentem
1117 1919 1370 1988 peccatorumque
1383 1930 1446 1988 qua
1460 1915 1525 1974 inde
1536 1920 1631 1974 secuta
1643 1923 1719 1988 sunt,
1733 1918 1769 1974 ab

149 2008 253 2060 snsmra
265 2002 407 2060 iaborista
420 2001 583 2074 conscripta,
595 2008 730 2072 tanquam
744 2001 880 2058 recentius
893 2000 1115 2058 additamentum
1128 1999 1243 2070 meldas,
1255 1998 1364 2069 reliqua
1375 1998 1440 2054 libri
1451 2015 1511 2072 pars
1522 1999 1626 2070 iurata,
1641 2016 1691 2059 nee
1705 2002 1770 2058 satis

148 2100 264 2143 munera
284 2085 365 2144 facile
378 2084 532 2158 apparebit.
554 2081 708 2142 Primarius
717 2083 794 2141 enim
808 2083 943 2142 Geneseos
961 2091 1056 2140 auctor
1074 2081 1251 2156 Elohistaier
1264 2081 1422 2154 hypothesi)
1437 2082 1596 2139 historicam
1614 2084 1768 2141 theocratie

145 2171 373 2242 preparationem
394 2170 501 2226 tradere
518 2168 655 2240 intendit3
669 2175 754 2241 atque
767 2173 863 2226 tamen
876 2182 953 2239 rem,
967 2181 1030 2239 quta
1044 2166 1200 2224 theocratita
1219 2164 1395 2222 instituendas
1415 2181 1497 2222 causa
1510 2165 1581 2237 luit,
1592 2172 1621 2222 et
1637 2167 1696 2224 siue
1713 2183 1769 2242 qua

144 2255 301 2312 hsoeratia
321 2267 413 2328 neque
429 2253 522 2324 erige,
537 2267 627 2324 neque
650 2251 730 2323 huis,
750 2267 841 2324 neque
856 2250 968 2308 eiieutus
989 2249 1112 2321 intelligi
1130 2255 1290 2323 nequeunt,
1310 2263 1463 2306 memorare
1483 2249 1636 2307 omisissetl
1657 2249 1690 2308 Et
1706 2269 1769 2310 vero

143 2353 235 2396 nonne
255 2337 363 2394 mirum
383 2335 514 2395 omnibus
532 2337 689 2408 videretur,
705 2334 742 2392 ab
761 2335 884 2392 Elohista
903 2337 1032 2406 auctore,
1051 2339 1197 2408 postquam
1222 2331 1368 2390 bentlnem
1388 2345 1483 2390 recens
1502 2340 1640 2404 creatum,
1661 2333 1768 2394 bonum

142 2426 312 2494 minuique
327 2421 525 2494 descripsimet,
536 2419 633 2480 statim
644 2420 673 2480 ct
691 2420 773 2494 quasi
784 2433 819 2480 es
830 2419 949 2496 abrupte
961 2423 1049 2478 terrea
1067 2416 1218 2478 sceleribus
1236 2416 1384 2488 emmaque
1403 2415 1512 2488 generis
1531 2417 1706 2492 corruptione
1723 2420 1768 2476 in·

142 2505 273 2580 galaulas
284 2505 426 2566 describit

167 2635 203 2702 (t)
221 2637 287 2687 tiam
301 2637 376 2689 locat
389 2638 455 2689 son.
469 2649 497 2701 u,
513 2639 542 2688 st
553 2649 632 2702 seqq..
647 2637 658 2686 i
674 2643 730 2699 nep.
742 2647 770 2701 u,
785 2637 827 2700 st,
839 2633 851 2684 l
864 2635 955 2686 coros.
968 2647 1019 2687 xxv
1029 2633 1078 2697 tal.
1094 2631 1172 2694 nte),
1187 2635 1289 2696 amoq..
1307 2630 1428 2696 aquibus
1441 2627 1548 2696 colligit,
1562 2628 1768 2686 adversariassibl

139 2703 213 2758 irrisa
226 2705 283 2757 illas
297 2705 414 2772 lautitias,
427 2702 530 2758 olhlltla
539 2719 627 2757 earum
641 2705 770 2758 simultate
779 2703 877 2756 dicunt.
886 2703 972 2768 Qottt
984 2703 1055 2768 quoi
1066 2708 1206 2756 nocerium
1215 2701 1368 2766 quidamsit,
1382 2701 1523 2754 Eleazarum
1533 2702 1616 2768 illum,
1630 2703 1768 2756 netneunbi
1819 2705 1820 2714 ’

139 2775 230 2840 illium,
239 2776 283 2830 cui
297 2791 329 2830 ex
346 2777 434 2828 isam.
449 2789 492 2842 su,
507 2779 531 2841 t,
544 2789 604 2827 arce
619 2775 720 2828 imoimis
729 2775 814 2827 Gibeas
823 2773 986 2826 custodienda
996 2773 1159 2834 traditaiuit,
1173 2785 1300 2838 quemque
1314 2769 1383 2823 iialle
1396 2769 1551 2824 sacerdotem
1562 2772 1769 2827 iamlliaeiileaza·

140 2847 195 2899 rice
206 2844 283 2911 iacit,
299 2845 566 2898 omuinosacerdotent
580 2841 665 2898 tuisse.
1472 2861 1474 2866 ·

167 2919 201 2982 (ii
219 2917 327 2972 liceum
338 2916 532 2984 descriptionem
545 2916 609 2970 situs
627 2914 753 2980 Pmdbi,
764 2927 819 2986 cap.
838 2926 866 2979 n,
886 2913 1194 2978 te·1t,ssriustnsertam
1215 2924 1267 2964 ama
1283 2909 1445 2978 praenuntiat,
1466 2912 1536 2963 nulio
1554 2913 1602 2964 atio
1619 2922 1768 2980 argomento

142 2985 242 3050 matus,
251 2999 332 3054 qnam
345 2985 414 3054 qood
422 2985 572 3039 narrationis
580 2981 651 3038 hiem
664 2999 695 3038 aa
707 2983 856 3050 interrumpi
865 2981 914 3036 sibi
925 2981 1041 3047 rideam
1050 2990 1095 3036 sut
1104 2996 1165 3036 eum
1177 2982 1205 3036 in
1217 2981 1310 3034 tabulis
1320 2981 1497 3050 genealogicis,
1506 2995 1562 3050 cap.
1574 2997 1591 3035 v
1603 2988 1630 3037 et
1642 2997 1676 3050 aa,
1686 2988 1768 3048 tt-tts,

142 3061 209 3110 betas
221 3071 315 3112 emtus
333 3067 457 3114 annerum
479 3063 542 3124 quet
562 3056 673 3110 vixerint
690 3054 841 3110 Patriareba
862 3060 984 3118 tanquam
1002 3051 1175 3120 supposititias
1190 3057 1276 3110 eeuoet
1294 3050 1361 3114 ideo,
1377 3051 1445 3119 qued
1463 3051 1513 3106 illa
1525 3049 1553 3105 in
1565 3057 1639 3107 textu
1651 3051 1767 3110 iturae.

140 3123 336 3183 διιιιιίιιιιοιι
348 3126 436 3182 crece
445 3123 608 3184 atoxmtnm
619 3123 765 3196 uernum
777 3125 847 3178 tumr
856 3135 885 3178 ss
894 3123 1076 3180 hramnus
