4212 6034
250 301 304 378 aaa
724 289 967 365 erumnam
984 298 1018 360 ru
1036 299 1196 374 oannem,
1212 313 1277 364 aar.
1295 299 1406 368 11111.

251 411 328 480 nusi
341 407 503 486 imperator
511 401 739 482 patremhabuit
751 405 837 464 tunes
846 409 1042 480 torquentem.
1086 407 1234 465 bonorem
1247 407 1488 470 conscenderant.
1501 403 1883 487 lieniqueomuisuubitttu
1928 421 1936 426 ·

152 539 155 544 .
250 492 456 552 l'amberleues
475 505 513 548 ex
530 489 664 546 bubulco
684 487 778 551 tactus
791 494 836 546 cst
848 506 899 551 nex
912 493 1044 548 Tartara
1085 489 1216 560 ignobile
1229 489 1336 553 habuit
1356 488 1557 565 principium:
1581 494 1610 548 et
1630 492 1683 566 qui
1705 491 1737 560 ill
1757 508 1883 557 avorum

250 573 1043 648 mm.Agatboelcssyrncusauorumtyrannuspatrem
1086 571 1240 630 nobilitate
1254 572 1433 644 gloriantur,
1447 589 1510 632 non
1528 575 1561 630 in
1575 590 1647 644 sua,
1666 576 1719 634 sed
1736 575 1769 639 in
1787 576 1883 636 aliene

249 657 355 717 babuit
367 657 504 730 ligulam.
518 654 618 712 Tullus
630 654 766 710 Hostilius
776 671 812 711 cx
821 658 939 729 pastore
950 653 1044 710 tactus
1085 655 1192 714 virtute
1205 655 1379 728 gloriantur.
1394 659 1426 713 Et
1440 656 1498 714 hon
1517 672 1588 728 ergo
1605 657 1720 716 vanitas
1728 661 1782 716 est.
1797 661 1883 722 Recte

250 738 1046 801 111111111111111111111.11111111111111111111111111111111·
1086 741 1197 796 Poeta:

250 825 313 884 mili
323 839 429 898 genere
439 823 500 878 riuti
512 825 590 878 sunt.
601 822 834 880 llaximinusiuit
844 823 946 896 opilio.
959 823 1046 880 ilani·
1149 873 1206 924 m
1217 874 1272 924 um
1285 877 1375 926 mem
1387 878 1499 924 mmm
1544 873 1564 925 d,

250 907 491 982 musPuppienns
505 909 618 978 patrem
628 905 732 961 habuit
746 905 865 961 labrum
877 904 1043 962 terrarium.
1151 943 1211 994 Ama
1240 944 1347 994 nobilitas
1360 944 1408 994 sola
1421 947 1456 994 m
1469 887 1541 1007 „1¹:¹¹2
1550 888 1615 994 {iffi
1623 888 1709 997 ἵξεται
1850 979 1855 988 ¹

249 993 380 1050 tustinus
390 995 398 1048 l
407 993 566 1063 imperator
578 987 741 1060 perincidit
752 988 909 1060 subulcus;
920 987 1045 1058 sectando,
1150 1014 1206 1064 Nam
1218 982 1306 1078 'mus'
1317 1021 1340 1063 et
1350 1026 1460 1077 pronos,
1472 1019 1496 1066 ει
1505 1027 1556 1078 qu„
1567 1029 1614 1066 „on
1624 1017 1721 1070 mim,
1732 1017 1778 1083 Μ

249 1074 413 1144 bubulcus:
430 1077 529 1137 tertio,
543 1069 627 1128 inber·
639 1070 795 1142 lignarium
818 1078 929 1144 quarta,
945 1071 1045 1140 milae,
1151 1084 1192 1134 lix
1206 1096 1233 1134 ca
1248 1089 1325 1136 nostra
1338 1097 1402 1136 vaco.
1780 1057 1787 1083 ’

249 1156 319 1215 inde
330 1158 500 1230 imperator.
513 1153 700 1224 llabometes
711 1158 815 1210 auctor
826 1153 1045 1210 mahometismi

249 1244 279 1300 at
292 1237 439 1308 alcorani,
453 1235 627 1294 camelarius
640 1235 705 1292 tuit.
718 1236 913 1308 othomanus,
930 1236 1045 1309 primus
1088 1236 1232 1294 Etmerito
1246 1234 1405 1308 Iphicrates
1417 1235 1882 1310 cuidamcxprobrantiignobiii·

250 1324 406 1380 sarcarum
417 1319 566 1396 prinecps,
580 1319 702 1390 agrariis
713 1318 888 1394 parentibus
902 1323 1045 1390 ortusest,
1087 1324 1196 1378 tatem:
1211 1321 1341 1388 cliuum,
1355 1317 1462 1392 inquit,
1472 1333 1566 1390 genus
1580 1335 1656 1377 ame
1669 1320 1782 1395 incipit,
1796 1326 1882 1382 tuum

249 1406 334 1482 euius
346 1403 457 1482 posteri
476 1405 639 1462 etiamnum
658 1405 818 1459 lurcorum
832 1405 902 1457 sunt
916 1405 1045 1474 tmpera—
1087 1402 1119 1460 in
1128 1407 1156 1460 te
1166 1401 1305 1459 desinit.»
1317 1403 1359 1458 lta
1368 1402 1539 1460 Plutarchus
1550 1401 1788 1476 inapapntacqm.
1800 1407 1882 1468 idem

248 1495 337 1550 tores.
360 1489 494 1549 Sullanos
508 1486 660 1562 AEgyptios
675 1503 712 1544 ex
724 1487 819 1560 gentis
830 1490 858 1544 ct
868 1487 951 1560 regni
965 1486 1046 1543 insti·
1088 1487 1149 1544 suis
1164 1485 1279 1544 aemulis
1298 1485 1453 1558 respondit
1473 1485 1571 1544 Cicero
1587 1504 1595 1544 :
1613 1490 1702 1560 eligo
1711 1529 1723 1560 ,
1739 1488 1794 1557 ait,
1807 1490 1883 1550 meis

249 1577 313 1632 tuto
326 1573 410 1650 prius
430 1571 586 1646 oportebat
599 1585 700 1629 servos
715 1586 794 1642 esse,
810 1585 903 1648 11111111
920 1569 960 1626 ad
975 1585 1046 1628 eum
1088 1568 1252 1641 majoribus
1265 1567 1372 1626 virtute
1383 1568 1519 1643 praelaxi.
1534 1587 1549 1626 a

606 1795 809 1994 CbPUT
854 1881 1252 1992 lalunslllnll
1291 1879 1524 1987 NONUM.

863 2113 1067 2180 SYNOPSIS
1092 2112 1271 2176 canlnls.

307 2301 416 2374 1111111
435 2303 550 2358 castitas
570 2301 694 2357 instatur
714 2300 747 2354 ab
766 2298 857 2356 tua:
877 2297 925 2352 itta
943 2297 1042 2352 relicta
1063 2296 1090 2349 ei
1108 2292 1246 2363 chlamyde
1264 2294 1355 2363 tagit,
1374 2291 1487 2363 ideoque
1504 2305 1555 2362 per
1575 2294 1741 2352 cnnmniam
1759 2295 1829 2358 bern

905 2399 907 2406 ’
967 2393 1165 2448 incarceratur.

295 2582 327 2655 1.
344 2579 450 2668 Igitur
462 2577 582 2668 Josepb
596 2575 714 2646 ductus
727 2581 775 2643 est
789 2575 825 2643 in
838 2573 1044 2664 AEgyptum,
1063 2569 1208 2659 emitque
1229 2589 1306 2637 eum
1319 2567 1482 2658 Putipbar
1495 2571 1667 2640 eunuchus
1679 2572 1880 2659 Pharaonis,

248 2688 399 2778 princeps
408 2683 581 2766 exercitus,
595 2679 848 2772 virAEgyptius,
864 2679 905 2746 de
916 2699 1019 2779 manu
1029 2675 1282 2759 Ismaelitarum‚
1297 2697 1317 2742 a
1331 2674 1453 2764 quibus
1466 2677 1641 2766 perductus
1651 2686 1731 2746 erat.
1745 2679 1776 2746 2.
1791 2680 1883 2747 Fuit-

248 2815 314 2882 que
327 2789 488 2858 Dominus
499 2809 575 2854 cum
589 2808 647 2871 eo,
663 2795 696 2852 et
709 2794 778 2854 erat
791 2785 844 2852 vir
857 2785 892 2852 in
905 2783 1031 2851 cunetis
1044 2803 1196 2874 prospere
1210 2803 1309 2868 agens
1327 2804 1335 2846 :
1357 2779 1582 2874 habitavitque
1596 2784 1631 2852 in
1645 2785 1742 2852 domo
1756 2785 1881 2852 domini

248 2896 319 2982 sui,
339 2897 372 2965 3.
393 2894 452 2985 qui
466 2892 588 2983 optime
601 2899 739 2959 noverat
754 2890 933 2958 Dominum
947 2911 1015 2957 esse
1028 2910 1104 2956 eum
1118 2910 1177 2972 eo;
1197 2896 1229 2954 ei
1249 2886 1360 2956 omnia
1373 2909 1448 2978 quae
1461 2898 1605 2977 gereret,
1622 2891 1664 2957 ab
1677 2913 1715 2958 eo
1731 2891 1830 2979 dirigi
1845 2891 1881 2959 in

247 3025 349 3075 manu
362 3001 465 3069 illius.
486 2999 520 3066 1.
541 2995 738 3088 invenitque
754 2995 875 3087 Jasepb
893 2995 1034 3085 gratiam
1053 3016 1164 3062 coram
1178 2993 1313 3062 domino
1330 3015 1412 3078 suo,
1430 3001 1464 3062 et
1481 2994 1688 3063 ministrabat
1704 2995 1756 3080 ei,
1776 3019 1797 3064 a
1814 3020 1881 3087 quo

246 3107 441 3202 praepositus
457 3104 633 3188 omnibus,
653 3103 860 3193 gubernabat
876 3101 1034 3170 creditam
1049 3100 1111 3168 sibi
1125 3100 1283 3183 domum,
1306 3109 1338 3167 et
1358 3100 1514 3168 universa
1534 3123 1609 3191 quae
1627 3101 1657 3168 ei
1676 3102 1794 3169 tradita
1811 3103 1882 3169 1111-

247 3225 321 3283 rant
337 3239 345 3281 :
364 3213 397 3282 5.
412 3209 646 3302 benedixitque
666 3208 827 3278 Dominus
847 3207 961 3276 domui
979 3205 1130 3298 AEgyplii
1148 3215 1282 3298 propter
1299 3205 1438 3295 ioseph,
1462 3214 1493 3273 et
1512 3207 1743 3298 multiplicavit
1761 3215 1827 3274 tam
1845 3207 1881 3276 in

246 3320 373 3391 aedibus
393 3341 494 3409 quam
514 3315 550 3384 in
569 3315 658 3404 agris
676 3325 827 3384 cunctam
846 3315 918 3406 ejus
935 3313 1163 3382 substantiam.
1187 3312 1220 3380 6.
1241 3311 1307 3379 Nec
1324 3311 1508 3402 quidquam
1528 3311 1620 3380 aliud
1638 3321 1773 3384 noverat
1785 3323 1802 3398 ,'
1818 3313 1882 3382 nisi

246 3449 366 3518 panem
380 3448 448 3516 quo
461 3421 664 3492 vescebatur.
683 3421 763 3489 Erat
775 3429 885 3508 autem
899 3418 1019 3510 Josr'pb
1033 3417 1170 3509 pulchra
1184 3417 1284 3501 farsis,
1303 3425 1335 3484 et
1348 3416 1485 3484 decorus
1497 3427 1640 3508 aspectu.
1657 3419 1690 3486 7.
1706 3419 1784 3486 Post
1797 3418 1883 3488 mul·

246 3539 297 3599 tos
314 3532 425 3618 itaque
442 3527 512 3594 dies
531 3526 643 3615 injecit
659 3525 794 3594 domina
813 3547 874 3593 sua
893 3525 1006 3593 ocrrlos
1025 3545 1101 3592 snos
1114 3523 1150 3590 in
1163 3522 1303 3612 loseph,
1323 3531 1355 3590 et
1372 3523 1444 3590 nit:
1468 3522 1582 3590 Dormi
1601 3546 1741 3592 1111111111.
1763 3524 1795 3592 8.
1817 3524 1883 3605 Qui

247 3653 458 3724 nequaquam
473 3631 681 3720 acquiescens
694 3632 785 3721 operi
799 3631 945 3714 nefario,
968 3629 1052 3698 dixit
1065 3629 1107 3697 ad
1120 3651 1192 3696 eam
1210 3653 1217 3696 :
1237 3629 1317 3696 Ecce
1331 3627 1485 3696 dominus
1500 3651 1611 3714 meus,
1632 3629 1787 3699 omnibus
1801 3629 1883 3698 mihi

247 3737 388 3822 traditis,
403 3725 532 3824 ignorit
546 3734 626 3824 quid
642 3734 760 3804 habeat
773 3735 809 3804 in
822 3735 920 3804 domo
934 3759 1014 3802 sua:
1031 3735 1066 3803 9.
1082 3757 1142 3802 nec
1153 3734 1336 3826 quidquam
1347 3743 1396 3800 cst
1407 3734 1497 3824 quod
1511 3757 1577 3804 non
1591 3735 1627 3802 in
1640 3759 1712 3806 mea
1724 3737 1766 3804 sit
1780 3745 1885 3828 potes·-

249 3851 333 3927 tate,
356 3844 409 3910 vel
428 3863 496 3910 nan
519 3840 691 3910 tradiderit
713 3840 795 3911 mihi
817 3849 935 3932 prester
952 3849 1003 3924 te,
1025 3861 1101 3930 quae
1122 3862 1207 3907 uxor
1224 3839 1296 3929 ejus
1315 3861 1372 3906 es:
1394 3839 1560 3930 quomode
1577 3863 1655 3929 crgo
1673 3863 1804 3932 possum
1823 3842 1885 3910 boc

249 3950 376 4017 malum
389 3947 514 4032 iacere,
528 3955 561 4015 et
577 3969 708 4038 peccare
726 3946 762 4014 in
778 3946 883 4014 Deum
904 3951 1041 4012 mourut
1061 3946 1114 4013 10.
1127 3943 1363 4035 Hujuscemndi
1382 3945 1490 4011 verbis
1505 3968 1563 4036 per
1580 3946 1727 4034 singulos
1744 3947 1832 4026 dies,
1853 3957 1886 4015 et

249 4054 371 4126 mulier
384 4051 520 4121 molesta
531 4061 601 4121 erat
614 4053 827 4128 adolescenti.
845 4061 877 4120 ct
890 4052 947 4120 ille
960 4051 1130 4120 recusabat
1142 4061 1306 4142 stuprum.
1327 4051 1380 4117 ll.
1393 4052 1524 4118 Accedit
1537 4061 1647 4120 autem
1661 4053 1804 4144 quadam
1818 4054 1883 4140 die,

249 4168 287 4228 ut
300 4160 437 4230 intraret
451 4155 570 4248 Josepb
584 4158 740 4243 domum,
763 4167 795 4228 ct
812 4157 920 4249 operis
937 4157 1109 4249 quippiam
1127 4158 1250 4247 absque
1268 4157 1399 4225 arbitris
1419 4157 1560 4226 iaceret:
1583 4160 1635 4226 lt.
1655 4169 1687 4226 et
1700 4159 1758 4228 illa
1771 4182 1887 4252 appre-

249 4265 352 4336 hensa
369 4264 489 4340 lacinia
506 4264 693 4334 vestimenti
711 4265 801 4356 ejus,
818 4265 962 4333 diceret:
984 4263 1098 4332 Dormi
1117 4285 1258 4332 mecum.
1281 4262 1347 4343 Qui
1365 4263 1479 4332 relicto
1498 4264 1533 4331 in
1554 4287 1654 4332 manu
1670 4264 1743 4355 ejus
1760 4267 1883 4357 pallio,

248 4373 354 4461 iugit,
370 4379 402 4440 et
414 4390 562 4460 egressus
575 4377 623 4437 est
635 4371 733 4439 foras.
756 4370 807 4439 13.
827 4371 979 4462 Cumque
992 4369 1127 4438 vidisset
1140 4369 1262 4437 muilier
1274 4376 1396 4437 vestem
1410 4371 1446 4436 in
1460 4369 1612 4438 manibus
1626 4371 1710 4455 suis,
1726 4378 1758 4438 et
1770 4395 1804 4440 se
1818 4395 1886 4440 esse

249 4485 487 4568 contemptam,
508 4475 563 4543 111.
578 4475 708 4545 vocavit
721 4475 763 4544 ad
777 4499 810 4543 se
824 4475 975 4544 homines
991 4476 1109 4544 domus
1127 4497 1216 4559 suae,
1237 4482 1269 4542 et
1287 4475 1333 4542 ait
1347 4474 1388 4542 ad
1401 4498 1480 4542 eos:
1501 4476 1553 4544 En
1571 4475 1756 4546 introduxit
1774 4477 1886 4549 virum

249 4584 450 4668 Hebraeum,
464 4587 504 4652 ut
516 4579 671 4652 illuderet
684 4582 778 4650 nobis
795 4605 803 4648 :
824 4583 990 4670 ingressus
1003 4590 1052 4652 cst
1064 4582 1106 4650 nd
1121 4603 1192 4665 me,
1209 4590 1246 4648 ut
1258 4580 1359 4650 coiret
1372 4604 1520 4666 mecum,
1534 4605 1676 4674 cumque
1690 4584 1888 4672 1311111111-

250 4712 411 4774 massesu,
433 4687 485 4756 lt.
506 4696 539 4756 el
559 4687 736 4756 audivisset
749 4709 861 4757 vocem
876 4709 1002 4771 meam,
1022 4686 1158 4777 reliquit
1176 4686 1315 4778 pallium
1334 4687 1424 4778 quod
1442 4687 1614 4772 tenebam,
1632 4696 1664 4756 et
1681 4689 1769 4777 fagit
1786 4689 1884 4758 toras.

252 4797 305 4866 16.
322 4796 361 4863 In
374 4802 609 4883 argumentum
623 4815 700 4882 ergo
715 4791 793 4859 fidei
807 4801 970 4860 retentum
981 4793 1125 4886 pallium
1139 4793 1281 4860 ostendit
1295 4792 1413 4860 marito
1428 4793 1603 4862 revertenti
1617 4793 1767 4880 domum,
1783 4795 1837 4864 17.
1855 4803 1889 4864 11

250 4902 297 4970 nit
311 4925 319 4968 ι
334 4901 505 4990 Ingressus
517 4907 566 4966 est
578 4899 618 4967 ad
635 4921 686 4966 me
699 4920 813 4966 servius
826 4899 985 4966 llebraeus
999 4921 1099 4990 quem
1113 4898 1298 4984 adduxisti,
1319 4907 1357 4970 ut
1371 4898 1525 4967 illuderet
1539 4899 1621 4968 mihi
1638 4925 1646 4968 :
1672 4901 1724 4972 18.
1744 4925 1889 4994 cumque

251 5004 633 5090 111111111111111111111111,
649 5003 785 5094 reliquit
796 5003 935 5095 pallium
949 5005 1039 5094 quod
1054 5004 1224 5088 tenebam,
1241 5013 1273 5073 et
1285 5005 1373 5094 fugit
1387 5006 1484 5074 toras.
1508 5007 1560 5074 19.
1577 5007 1637 5076 His
1650 5009 1771 5077 auditis
1783 5007 1889 5078 dorni·

251 5135 337 5197 nus,
352 5121 386 5180 et
398 5111 538 5179 nimium
553 5110 707 5179 credulus
719 5109 829 5178 verbis
841 5108 1009 5199 conjugis,
1024 5111 1128 5179 iratus
1142 5119 1191 5180 est
1203 5112 1298 5180 valde
1315 5135 1323 5178 1
1346 5113 1401 5179 20.
1424 5113 1622 5204 tradiditque
1635 5114 1756 5206 Josepb
1769 5115 1805 5182 in
1818 5137 1889 5183 car·

251 5241 378 5302 cerem,
397 5217 456 5284 ubi
469 5215 573 5284 vincti
589 5214 676 5306 regis
694 5213 973 5300 custodiebantur,
989 5225 1021 5284 et
1034 5226 1103 5288 erat
1116 5217 1163 5285 ibi
1176 5217 1318 5286 clausus.
1339 5219 1394 5286 21.
1416 5219 1493 5287 Fuit
1507 5228 1615 5288 autem
1631 5220 1793 5289 Dominus
1810 5243 1889 5296 cum

253 5321 393 5416 Josepb,
408 5329 441 5395 et
453 5320 606 5394 miseritus
620 5319 714 5398 illius
725 5317 816 5390 dedit
828 5319 859 5390 ei
872 5321 1011 5412 gratiam
1026 5325 1062 5400 in
1075 5333 1250 5417 conspeetu
1264 5323 1420 5414 principis
1432 5324 1581 5394 carceris.
1602 5325 1657 5394 22.
1674 5323 1741 5410 Qui
1754 5326 1889 5408 tradidit
