4100 6024
686 363 863 425 succurunt
879 365 1000 424 SAGRAE
1017 363 1222 423 SGRlPTURAE.
1750 373 1769 428 9

135 467 276 540 «Priora,
289 467 341 539 att,
354 481 423 543 qua
436 452 576 542 scripsisti
591 466 735 542 inpalam
746 484 836 543 pone,
850 471 879 526 et
890 469 931 527 le-
976 469 1116 529 disertam
1128 469 1223 541 magis
1242 483 1278 527 ea
1288 467 1399 528 etlandi
1419 466 1602 541 honndtam,
1617 470 1704 547 quasi
1717 485 1770 532 aa·

132 554 204 625 gant
217 551 302 623 digni
318 557 346 609 et
356 550 493 623 indigni:
508 550 689 610 nommimos
701 555 801 610 autem
814 553 931 627 septua-
973 553 1112 626 turalem,
1127 553 1275 628 nobisque
1294 554 1483 627 congenitam
1495 556 1733 629 spondebimus?

131 635 214 707 ginta
236 634 445 705 conservabis,
466 639 499 693 ut
516 633 682 694 tradeseos
695 634 878 710 sapientibus
892 636 930 694 de
1009 641 1099 699 liulto
1112 639 1196 700 aliter
1209 641 1424 698 Ecclesiasticus
1441 641 1604 715 sapientem
1622 644 1766 718 pingens,
1826 649 1861 694 tt·

130 717 248 791 popolo
262 721 332 789 tuo;
350 719 383 776 in
395 718 442 776 his
458 719 538 776 enim
551 724 595 776 est
617 734 694 777 vena
713 719 887 792 intellectus,
902 723 931 777 et
974 720 1155 779 indefessum
1163 722 1227 793 ejus
1238 721 1370 779 studium
1381 737 1450 779 cum
1458 723 1509 795 pia
1519 737 1606 796 prece
1615 724 1765 797 deposcit:

132 803 284 877 sapientire
304 803 391 875 fons,
411 809 441 862 et
452 803 579 862 scientie
592 805 715 876 tlumeu,
736 805 927 864 etfaciam.»
977 806 1182 878 «Sapientiam
1201 805 1337 863 omnium
1356 805 1548 880 antiquorum
1570 808 1704 882 exquiret
1722 825 1768 868 sa·

168 889 265 956 Quare
279 889 373 946 Moses
384 888 558 958 identidem,
569 889 601 946 in
615 890 842 947 Deuteronomio
855 903 930 963 prm·
974 889 1069 961 piens,
1082 894 1112 946 et
1125 890 1157 947 in
1171 889 1323 963 Prophetis
1335 889 1402 961 (vel,
1413 892 1448 947 nt
1461 892 1577 950 urceus
1586 891 1676 950 habet
1687 891 1765 964 iens,

131 971 245 1044 sertim
259 986 349 1030 omne
361 971 468 1046 populi
481 970 657 1044 ambiguum
675 975 704 1029 et
716 971 835 1030 difficile
853 973 930 1030 circa
974 976 1005 1028 ta
1013 974 1175 1044 prophetiis)
1184 972 1312 1044 vacabit,
1323 971 1523 1032 narrationem
1534 974 1637 1047 (grace
1646 971 1765 1050 tergeat,

132 1055 231 1128 legem
253 1055 421 1128 iudicium,
444 1055 483 1113 ad
504 1055 670 1113 sacerdotes
694 1054 795 1114 referri
816 1055 927 1124 voluit;
974 1059 1187 1123 enarrationem,
1205 1057 1440 1129 captonotioneml
1454 1055 1587 1116 virorum
1599 1059 1766 1118 nominato·

133 1154 221 1208 nm,
234 1142 268 1196 at
281 1139 323 1196 ait
335 1138 503 1209 ltelachias,
519 1153 553 1208 ιι,
571 1140 588 1194 7
607 1156 614 1194 :
636 1157 651 1192 e
665 1137 755 1196 habia
768 1138 928 1197 sacerdotis
975 1156 1042 1198 rum
1052 1140 1247 1209 conservabit,
1261 1144 1289 1198 ct
1302 1140 1497 1210 inversutias,
1506 1157 1626 1214 mamea
1638 1143 1766 1217 parabo·

132 1225 302 1282 custodiam
312 1224 476 1294 scientiam,
491 1227 520 1282 et
527 1223 624 1296 legem
635 1221 738 1295 (dubia
745 1224 928 1298 utiquelegis
974 1223 1072 1282 larum
1084 1224 1172 1282 simul
1187 1221 1330 1293 introibit,
1345 1223 1461 1282 occulta
1474 1225 1702 1298 proverbiorum
1713 1241 1765 1284 ex·

132 1307 297 1383 dequibus
311 1311 355 1366 est
365 1307 510 1380 questio,
531 1307 572 1364 ait
585 1308 613 1364 S.
630 1306 810 1380 Bernardns)
830 1308 929 1381 requi·
974 1308 1081 1381 quiret,
1094 1312 1123 1365 et
1140 1308 1171 1367 in
1186 1305 1369 1366 absconditis
1382 1306 1594 1381 parabolarum
1611 1324 1765 1369 conuersa·

129 1397 196 1452 rent
207 1408 247 1450 ex
265 1408 317 1450 ore
333 1392 405 1463 eius.
421 1411 436 1443 a
450 1393 515 1460 Qua
527 1391 565 1448 de
580 1405 670 1448 causa
681 1395 709 1448 et
720 1391 852 1448 studium
864 1391 928 1462 ejus
973 1389 1070 1462 bitur,
1085 1391 1195 1464 aperiet
1206 1404 1336 1448 ossuum
1346 1389 1535 1461 lucratione,
1547 1394 1640 1467 cipro
1652 1393 1764 1452 delictis

128 1475 335 1536 sacerdotibus
357 1474 499 1532 Dominus
518 1474 551 1532 in
567 1475 687 1530 hostico
708 1473 859 1544 indicens,
875 1489 927 1531 eos
974 1475 1035 1530 suis
1048 1473 1262 1549 deprecabitur.
1278 1473 1307 1532 Si
1326 1473 1407 1532 enim
1420 1473 1562 1533 Dominus
1574 1489 1701 1548 magnus
1712 1493 1765 1536 ro·

128 1575 195 1636 cap.
213 1575 235 1616 x
247 1559 329 1616 hisce
347 1557 506 1631 compellet
521 1573 528 1613 ε
546 1574 562 1611 a
576 1557 611 1614 Ut
626 1555 761 1615 habeatis
776 1557 927 1615 scientiam
972 1556 1069 1628 luerit,
1084 1559 1188 1632 spiritu
1200 1557 1399 1628 intelligentias
1412 1555 1539 1632 replebit
1550 1556 1646 1628 illum,
1658 1563 1687 1617 et
1699 1560 1764 1634 ipse

128 1643 403 1704 discemendiinter
411 1644 545 1699 sanctum
554 1644 583 1698 et
592 1639 763 1714 protanam,
777 1639 854 1698 inter
862 1642 927 1714 pol·
971 1645 1115 1716 unquam
1137 1641 1246 1699 imbres
1269 1641 1364 1698 mittet
1382 1638 1504 1714 eloquia
1520 1640 1669 1715 sapientia
1690 1657 1762 1716 sna,

127 1725 430 1797 intumet'mundum,
442 1723 631 1797 doceatisque
639 1723 718 1782 filios
726 1723 813 1782 lsrael
824 1725 927 1784 omnia
970 1723 1034 1798 ipsc
1046 1724 1148 1798 pelam
1160 1725 1246 1783 iaciat
1257 1722 1445 1797 disciplinam
1453 1722 1595 1782 dochinus
1608 1735 1680 1795 sue,
1692 1728 1722 1784 et
1731 1726 1764 1785 iu

126 1813 261 1885 wilara
273 1827 360 1880 mea,
379 1825 446 1884 quae
465 1807 583 1866 locutus
596 1809 640 1865 est
653 1805 795 1866 Dominus
817 1808 856 1864 ad
874 1823 926 1866 eos
970 1807 1035 1881 lege
1047 1809 1215 1867 testamenti
1229 1807 1345 1866 Domini
1355 1805 1573 1878 gloriabitur.»

126 1911 180 1971 per
192 1911 321 1953 manum
331 1893 429 1951 llosis.
444 1911 459 1945 r
475 1895 569 1964 Atque
583 1894 617 1948 ut
629 1890 719 1961 hujus
730 1905 808 1946 curae
821 1891 926 1949 admo-
1005 1895 1119 1951 Veteres
1132 1893 1303 1952 ludaeorum
1316 1890 1445 1950 Rabbini
1457 1891 1513 1950 toti
1526 1895 1610 1950 erant
1621 1891 1654 1950 in
1673 1895 1763 1952 moris

126 1983 209 2038 neret
220 1978 395 2052 pontificem
407 1975 456 2034 vel
470 1974 609 2044 maxime,
624 1974 656 2031 in
668 1973 812 2047 pectorali
827 1975 925 2048 ponti·
969 1976 1096 2048 hitteris3
1117 1977 1246 2051 indeque
1269 1983 1390 2040 muso
1411 1977 1561 2048 aphaim,
1574 1980 1722 2050 γραμματεῖς
1734 1983 1764 2037 et

126 2062 221 2122 ticelis
237 2061 285 2118 sui
308 2061 474 2118 doctrinam
494 2062 522 2116 et
542 2057 711 2128 renisum,
732 2056 801 2126 vel,
820 2060 854 2114 ut
875 2058 926 2116 he·
968 2061 1076 2118 Scribe
1092 2064 1161 2118 sunt
1177 2057 1247 2119 dicti
1256 2077 1266 2131 ;
1280 2062 1350 2133 post
1363 2057 1511 2118 christum
1525 2072 1596 2117 vero
1609 2074 1699 2120 nemo
1712 2077 1763 2121 ne-

126 2147 226 2206 braice
240 2149 295 2217 est,
311 2145 800 2208 &reconsecrationem
814 2141 926 2201 illumi-
969 2145 1022 2204 scit
1034 2144 1222 2204 liebroecrum
1228 2141 1639 2218 Rabbinosnonaliudqnam
1647 2157 1762 2206 sacram

127 2231 279 2289 nationem
297 2232 327 2286 et
347 2227 558 2301 iutegritatem,
570 2225 632 2283 duo
653 2225 720 2284 vite
734 2224 925 2284 sacerdotalis
968 2229 1148 2304 scripturam
1161 2241 1293 2300 versare,
1307 2229 1412 2286 catera
1429 2241 1552 2286 amusos
1566 2241 1639 2284 esse.
1652 2227 1762 2287 Scitum

128 2307 924 2385 decora,ccrtisnomusymholisgestere,coramque
968 2311 1466 2385 estiDudltahbini,quianepote
1474 2308 1760 2372 sciendarumavido

129 2413 248 2474 semper
259 2396 368 2456 intueri
379 2395 485 2456 rolmt.
499 2393 643 2454 &dulim
654 2394 822 2453 tendamus.
967 2400 1104 2469 rogatus,
1122 2409 1196 2452 num
1215 2393 1273 2452 sibi
1296 2392 1408 2460 liceret,
1421 2396 1475 2452 aut
1492 2393 1644 2465 suaderet,
1656 2395 1760 2454 Graecis

163 2483 313 2557 Propheta
324 2479 445 2554 regius,
457 2493 567 2553 magua
580 2477 759 2552 scriptorum
771 2491 925 2538 sacrorum
967 2480 1056 2539 etiam
1064 2477 1235 2540 auctoribus
1242 2491 1366 2552 operam
1375 2476 1457 2548 dare,
1471 2476 1582 2536 ironice
1595 2480 1760 2553 respondit,

129 2581 210 2642 pars,
223 2565 376 2635 munem,
391 2563 529 2639 inquam,
543 2561 620 2621 illud
633 2561 757 2636 Spiritus
768 2561 864 2620 Sancti
876 2577 924 2620 or·
966 2564 1064 2635 licere,
1078 2563 1170 2623 modo
1184 2563 1217 2621 id
1229 2577 1284 2620 neo
1296 2559 1346 2619 die
1355 2560 1473 2631 iaceret,
1487 2575 1542 2618 nec
1552 2565 1638 2620 nocte
1649 2579 1656 2618 ι
1669 2564 1760 2638 scrip·

128 2667 260 2726 mum,
279 2665 329 2707 eas
349 2650 381 2706 in
393 2649 430 2706 iis
442 2647 514 2720 ipsis
532 2644 675 2704 sublimes
690 2649 719 2704 et
739 2659 862 2704 maanes
880 2648 924 2702 te-
966 2654 1031 2707 tum
1044 2645 1255 2717 enimesse,in
1269 2645 1334 2717 lege
1347 2643 1465 2704 Domini
1477 2643 1759 2706 meditandumcsse

128 2735 237 2794 uebras
252 2747 434 2806 agnoscens,
448 2729 626 2789 creberrime
639 2727 705 2787 aliis
721 2728 846 2802 aliisque
858 2742 925 2786 ver-
967 2731 1014 2792 die
1028 2747 1063 2790 ae
1077 2734 1172 2790 noete.

128 2819 175 2878 bis
187 2821 264 2889 orat,
276 2819 323 2874 Pe.
337 2830 425 2876 maru
438 2832 446 2872 ι
459 2812 701 2872 «Revelaoculos
712 2827 806 2882 meos,
816 2815 923 2870 etcon·
1000 2817 1047 2876 td
1059 2830 1172 2875 novum
1186 2829 1347 2888 pergamus
1359 2814 1432 2872 novi
1449 2812 1569 2872 toederis
1581 2814 1758 2875 instrumen-
1814 2826 1851 2874 tt.

128 2901 266 2961 nderehc
279 2899 429 2958 mirabilia
438 2898 475 2956 de
484 2898 548 2971 lege
560 2900 645 2967 tuae
659 2895 711 2954 uhi
721 2894 858 2954 hebraice
868 2899 921 2968 est,
965 2903 1031 2960 tum
1044 2918 1052 2957 s
1067 2900 1096 2958 S.
1110 2901 1211 2958 Petrus
1224 2914 1294 2957 cum
1306 2896 1500 2974 epistolarum
1513 2899 1542 2956 S.
1557 2898 1640 2958 Pauli
1652 2901 1757 2958 memi-

128 2994 303 3057 mgarap
314 2964 353 3048 *ιι
365 2985 413 3056 got
427 2985 489 3040 enei
501 2982 636 3051 mathita,
646 2979 818 3038 devolreab
828 2977 923 3037 oculis
965 2983 1067 3056 nisset,
1081 2982 1244 3056 subiungit,
1263 2982 1295 3039 in
1311 2980 1348 3040 tis
1363 2981 1502 3056 quedem
1517 2995 1580 3038 esse
1595 2999 1611 3035 e
1628 2981 1758 3042 difficilia

127 3073 200 3130 meis
213 3071 359 3146 (velamen
368 3065 502 3139 mginis
511 3064 643 3137 scilicet),
653 3068 683 3124 et
695 3062 774 3122 clare
784 3063 924 3122 intuebor
964 3066 1130 3139 inteDectu,
1152 3079 1221 3142 quoe
1238 3064 1351 3123 indocti
1371 3067 1400 3121 et
1416 3062 1568 3121 instabiles
1584 3064 1757 3139 depravant,

126 3155 275 3213 mhabilia
289 3151 365 3224 legis
377 3153 448 3209 tues.
465 3169 481 3204 e
493 3149 522 3208 Si
534 3153 634 3208 tantus
647 3147 812 3221 propheta,
825 3148 923 3222 iuquit
965 3153 1077 3210 sicutet
1089 3154 1209 3210 casuras
1218 3150 1391 3223 Scripturas,
1401 3150 1442 3207 ed
1452 3165 1537 3206 suam
1549 3150 1683 3224 ipsorum
1692 3167 1758 3226 per·

127 3241 153 3296 S.
166 3239 364 3311 Hieronymus
375 3235 413 3292 ud
426 3235 583 3298 Paulinum,
595 3230 733 3290 tenebras
747 3231 923 3304 ignorantias
965 3235 1119 3307 ditionem,
1132 3254 1148 3292 r
1164 3237 1245 3308 epist.
1261 3236 1294 3305 ll,
1308 3249 1374 3307 cap.
1388 3249 1439 3305 ιιι,
1454 3237 1483 3291 et
1499 3235 1628 3292 anterius
1642 3251 1707 3310 cap.
1722 3252 1733 3293 ι
1748 3255 1757 3294 :

126 3322 292 3392 confltetur,
306 3335 368 3395 qua
380 3334 437 3377 nos
455 3321 544 3394 putas
557 3315 718 3390 parvulos,
732 3319 762 3374 et
774 3330 850 3389 pene
863 3316 922 3374 lac·
967 3321 1097 3378 eDmnis
1111 3318 1268 3394 prophetia
1283 3317 1436 3392 Scripturas
1449 3319 1572 3391 propris
1585 3319 1758 3394 interprete·

6 3411 8 3478 ζ
125 3411 219 3464 tantas
231 3403 355 3464 inscitiae
368 3407 461 3462 nocte
469 3399 669 3460 circumdari?
687 3399 748 3458 lico
761 3402 861 3458 auam
872 3414 923 3458 ve·
963 3403 1044 3464 tione
1057 3417 1119 3463 uon
1130 3401 1180 3475 flt3
1195 3416 1257 3460 non
1270 3401 1351 3459 enim
1363 3401 1515 3459 voluntate
1527 3402 1660 3461 humana
1668 3403 1757 3462 allata

7 3515 8 3540 1
124 3489 225 3548 lamen
236 3505 301 3548 non
314 3487 414 3546 solnm
426 3487 459 3544 in
472 3485 546 3545 facie
559 3485 657 3554 llosis,
672 3484 767 3543 sedet
784 3483 816 3540 in
829 3485 922 3542 Evan-
964 3492 1008 3548 est
1024 3485 1188 3562 aliquando
1207 3485 1376 3560 prophetia,
1399 3485 1452 3544 sed
1469 3485 1578 3559 Spiritu
1595 3487 1699 3546 Seneto
1711 3486 1757 3544 in·

7 3597 8 3650 p
124 3573 236 3646 gelistis
258 3576 288 3630 et
310 3569 457 3645 apostolis
473 3571 606 3644 posittuu
621 3571 681 3638 est;
700 3570 730 3626 et
742 3565 799 3624 nisi
821 3571 923 3641 aperta
964 3571 1066 3648 spirali
1079 3571 1170 3632 locuti
1183 3575 1252 3628 sunt
1265 3570 1356 3628 sancti
1373 3570 1424 3628 Dei
1437 3569 1614 3627 homiues.»

7 3655 8 3676 ³
124 3658 234 3720 tuerint
246 3657 385 3714 universa
399 3670 467 3728 quae
485 3653 594 3726 scripte
607 3653 687 3722 sunt,
699 3650 738 3708 ab
756 3665 793 3708 eo
806 3651 859 3725 qui
869 3651 922 3710 ha·
999 3653 1339 3731 ajusgsrmanusofficio
1348 3653 1518 3728 etmartyrii
1529 3653 1676 3724 laureas.
1685 3657 1758 3714 Pau·

123 3741 304 3800 betelavem
322 3739 432 3808 David,
452 3736 618 3811 quispam
638 3737 667 3792 et
688 3747 778 3793 nemo
800 3733 921 3807 claudit,
963 3741 1027 3813 lus,
1052 3756 1115 3801 non
1137 3739 1280 3799 naturalis
1300 3739 1410 3810 ingenii
1432 3739 1526 3810 vires,
1552 3739 1605 3796 sed
1624 3740 1758 3811 eiusdem

7 3795 10 3852 ὲ
124 3824 238 3883 claudit
251 3828 280 3882 et
292 3823 497 3895 nemotperit,
510 3819 595 3878 ΜΗΘ
613 3817 673 3877 ⁸110
686 3820 834 3876 metante
848 3832 922 3892 Dan·
963 3825 1089 3900 Spiritus
1108 3824 1271 3898 gratiarum
1296 3821 1457 3880 divisiones
1483 3827 1651 3896 nuncupat,
1673 3825 1758 3898 quod

8 3897 10 3946 ἴ
124 3910 275 3968 denum.»
966 3907 1054 3967 «alii
1076 3923 1130 3983 per
1152 3905 1397 3982 Spiritumldetur
1416 3921 1513 3963 sermo
1533 3905 1759 3978 septensianis

157 3994 251 4051 Audit
261 3991 400 4050 ieremias
411 4005 502 4065 capr
517 4007 525 4046 r
541 3988 744 4063 «Pnuequam
761 3992 791 4047 te
807 3988 921 4048 forma·
964 4007 1063 4051 sermo
1076 3991 1215 4062 scientiae,
1229 3990 1312 4047 alteri
1323 3988 1408 4060 fides,
1423 3989 1473 4046 alii
1485 3989 1578 4060 gratia
1587 3989 1757 4061 sanitatum,

8 4081 10 4098 ⁸
123 4078 341 4147 reminntero,
355 4076 427 4134 novi
439 4077 476 4144 te,
490 4077 519 4132 et
532 4073 922 4148 autequamexiresdevul·
964 4077 1015 4136 alii
1028 4075 1163 4150 operatio
1177 4075 1330 4144 virtutum,
1345 4073 1396 4130 alii
1409 4072 1638 4146 prophetia,elii
1652 4074 1760 4132 discre-

8 4195 10 4212 ·
122 4177 172 4233 va,
187 4159 368 4220 sanctificavi
376 4163 417 4230 tc,
426 4160 456 4216 et
467 4157 645 4233 prophetam
656 4156 688 4214 in
698 4156 837 4228 gentibus
852 4157 921 4216 dedi
963 4159 1004 4218 tio
1019 4159 1188 4234 spirituum,
1196 4155 1246 4214 alii
1255 4171 1363 4229 genera
1376 4157 1557 4228 linguarum,
1567 4156 1617 4214 alii
1629 4157 1759 4232 denique

123 4249 168 4317 te3
186 4266 203 4299 ι
217 4249 246 4302 et
258 4248 359 4302 tamen
372 4243 519 4300 exclamat
534 4259 542 4298 ε
557 4259 572 4294 e
585 4245 607 4297 Α
622 4256 682 4312 aa,
696 4240 820 4299 Domine
834 4242 920 4312 Deus,
963 4243 1165 4318 interpretatio
1178 4257 1386 4308 sermonum»
1402 4245 1413 4298 l
1427 4241 1548 4298 dorinta
1564 4256 1617 4313 ιιι,
1630 4241 1758 4316 ideoque

124 4345 192 4388 ecce
202 4329 302 4386 tresdo
315 4326 411 4400 loqui,
422 4326 494 4399 quia
505 4339 581 4399 puer
595 4338 651 4396 ego
665 4339 770 4380 sum.»
962 4328 1098 4402 posuisse
1114 4329 1205 4383 Deum
1220 4325 1252 4382 in
1274 4324 1400 4381 Ecclesia
1417 4324 1565 4398 quosdam
1584 4325 1757 4398 Apostolos,

158 4413 265 4484 isaias,
286 4425 354 4485 cap.
376 4423 422 4479 rr,
445 4408 598 4482 Seraphim
617 4406 657 4465 ad
678 4421 710 4462 se
729 4404 920 4466 advolantem
964 4411 1038 4471 alios
1052 4410 1223 4484 Prophetas,
1236 4407 1311 4466 alios
1326 4410 1473 4466 Doctores.
1484 4409 1657 4483 Alibi-vero,
1672 4425 1703 4468 se
1717 4410 1757 4468 ad

124 4497 256 4573 aspexit,
269 4493 445 4567 cdculoque
458 4493 551 4565 ignito
561 4506 596 4549 os
608 4489 836 4548 vaticinaturum
850 4491 920 4550 ada·
963 4497 1056 4571 pedes
1067 4493 1233 4553 Gamelielis
1247 4493 1343 4564 legem
1353 4492 1492 4550 edoctum
1501 4485 1669 4566 'gloriatum
1685 4492 1757 4552 alibi

124 4582 298 4656 parientem.
940 4599 944 4606 ·
963 4581 1096 4637 Pastores
1110 4581 1139 4635 ct
1151 4576 1313 4650 Episcopos
1325 4581 1435 4648 mouet,
1450 4579 1484 4634 ut
1494 4593 1525 4634 se
1539 4581 1676 4650 praestent
1686 4592 1757 4649 ope·

157 4662 307 4734 Ezechiel3
331 4675 397 4735 cap.
420 4675 455 4731 ιι,
469 4657 593 4717 intuitus
613 4659 742 4733 speciem
759 4657 921 4732 quadrifidi
963 4663 1058 4723 rerios
1068 4660 1302 4731 inconfusibiles,
1313 4664 1390 4718 reete
1403 4664 1559 4718 tractantes
1568 4660 1694 4718 verbum
1707 4675 1756 4717 ve-

124 4747 273 4816 muralis,
291 4744 454 4818 gloriaque
469 4741 602 4814 Domini,
616 4756 731 4815 pronus
744 4740 823 4799 cadit
835 4741 867 4798 in
878 4741 921 4801 ia·
962 4746 1067 4816 ritatis,
1080 4749 1114 4802 ut
1131 4745 1247 4818 possint
1266 4743 1416 4802 exhortari
1438 4744 1470 4801 in
1484 4744 1618 4803 doctrina
1631 4759 1713 4814 sana,
1728 4748 1756 4802 ct

125 4832 209 4902 cam,
226 4833 402 4901 erectusque
419 4843 439 4886 a
461 4825 567 4901 spiritu
582 4825 658 4897 silet,
672 4825 747 4883 dum
759 4823 869 4897 pariter
886 4840 921 4882 os
963 4845 1015 4891 eos
1034 4830 1089 4905 qui
1110 4829 1315 4888 conhadiount
1335 4843 1477 4900 arguere;
1493 4829 1546 4887 sed
1564 4829 1639 4904 quid
1659 4844 1756 4888 mora·

125 4915 327 4990 eipaudatur.
962 4917 1055 4975 muri

157 5000 262 5061 Daniel
279 5015 331 5072 vn,
345 5001 374 5069 8,
387 4997 514 5056 verbnm
534 4997 585 5054 Dei
598 4997 631 5054 in
648 4995 739 5055 corde
759 5001 920 5069 censervat,
998 4999 1161 5058 Audiamus
1188 4998 1335 5057 Christum
1360 5015 1369 5055 r
1397 5017 1413 5053 e
1437 4999 1622 5071 Scrutamini,
1646 4998 1754 5073 inquit,
1813 5012 1848 5058 aa

126 5085 176 5145 sed
189 5082 423 5157 cogitationibus
442 5081 636 5140 conturbatur
644 5123 654 5153 ‚
665 5084 695 5138 et
710 5079 800 5138 iacies
819 5081 845 5139 ei
863 5082 921 5139 im·
962 5082 1163 5158 scripturam»
1178 5083 1253 5157 quin
1266 5097 1337 5138 vero
1350 5081 1451 5140 dotem
1462 5083 1552 5154 hanc,
1566 5083 1610 5141 nti
1627 5086 1656 5141 et
1668 5084 1756 5140 theu·

126 5173 273 5237 mutatur,
288 5169 447 5240 stupetque
460 5165 500 5222 ed
517 5164 679 5236 visionem,
696 5179 733 5222 eo
747 5166 832 5238 quod
846 5165 922 5222 desit
962 5167 1158 5240 maturgiam,
1172 5165 1443 5240 miraculorumque
1459 5165 1685 5236 omnigenorum
1702 5182 1757 5239 pc-

126 5253 283 5326 interpres3
308 5253 338 5306 et
357 5264 413 5307 nos
435 5248 610 5306 eorumdem
626 5247 853 5320 vaticiniorum,
869 5263 923 5322 pa·
962 5255 1112 5323 metatam,
1136 5251 1270 5310 Ecclesia
1294 5267 1355 5307 sue
1376 5251 1551 5306 testamento
1573 5249 1756 5322 consignavit

127 5333 308 5405 rabolarum,
322 5331 525 5405 aenigmatum,
541 5336 570 5390 et
584 5330 794 5406 symbolorum
811 5331 922 5391 iecilio·
962 5335 1233 5408 Christus,quando
1242 5334 1274 5390 in
1285 5333 1393 5390 eoelum
1403 5349 1578 5391 ascensurus
1591 5333 1756 5390 valedicens

128 5431 187 5474 rem
199 5417 274 5492 ipsis
293 5430 400 5475 eorum
412 5414 607 5489 scriptoribus
620 5415 855 5492 intelligentiam,
870 5423 922 5477 sut
963 5421 1122 5494 apostolis,
1142 5415 1257 5494 aperuit
1278 5416 1336 5474 illis
1355 5431 1486 5489 sensum,
1508 5420 1542 5474 ut
1563 5415 1756 5489 intelligerent
