4088 6032
644 322 886 380 εοιιιιειιιιιιιι
902 321 937 377 ιιι
955 319 1115 390 amasne,
1133 331 1196 379 cn.
1214 319 1238 380 r.
1579 286 1593 324 ‘
1722 322 1757 376 er

119 427 305 488 contrarium
327 427 435 484 docent
455 425 483 484 S.
510 422 633 482 Basilius
649 427 679 482 et
693 427 720 483 S.
747 424 919 482 umbrosius
962 439 1024 482 esse
1038 424 1070 481 in
1090 425 1382 498 aequinoctiorerno.
1404 421 1597 500 Primc,quia
1609 421 1641 481 id
1652 421 1757 479 docent
1798 423 1867 470 Proba

17 579 18 582 Ἴ
119 511 188 572 loco
202 512 371 584 citatocap.
384 523 425 579 rx,
439 511 468 566 et
482 511 679 567 [tamassanus
692 507 746 566 lib.
761 508 918 573 llchidc,
961 509 1074 582 passim
1087 524 1191 568 omnes
1213 513 1326 580 Patres,
1339 525 1418 582 qnos
1435 508 1599 582 eideapud
1617 506 1757 564 liclinum
1770 487 1847 587 ἕξω

120 611 185 669 cap.
201 601 242 667 ι’,
254 596 347 668 idque
356 593 455 651 verius
469 596 525 649 est:
540 595 606 649 tum
623 606 662 650 ne
672 607 778 650 eorum
789 591 920 664 pulchri·
962 596 991 650 et
1004 593 1167 662 Porerium3
1182 593 1256 666 quin
1279 596 1308 649 et
1325 595 1440 664 Poeta,
1461 596 1494 649 ut
1505 589 1643 662 Virgilius
1660 589 1714 647 lib.
1734 590 1756 646 ll

119 677 194 736 tudo
220 679 334 736 deesset
354 677 511 746 universo,
531 679 596 733 tum
613 675 685 750 quia
710 690 777 747 quac
804 673 921 731 homiui
962 671 1756 750 decep.,loqucnsdaprimanascentisoriglnemundl:

119 766 267 820 venenata
283 765 367 832 sunt,
381 761 447 818 aliis
459 757 550 818 rebus
561 762 702 833 prosunt,
718 762 747 816 et
760 758 920 816 utiliasunt

120 845 186 904 aliis
200 845 384 902 animalibus
388 854 399 914 ,¹
415 848 449 900 ut
462 843 575 900 ibidem
592 843 678 900 docet
690 843 718 900 S.
734 839 916 898 Ambrosius.

121 929 164 986 Sic
182 930 267 986 enim
287 929 477 1002 cicuta,quee
498 926 614 984 homini
636 929 680 983 est
700 925 806 996 noxia,
823 923 919 982 vaccis

121 1017 163 1070 est
174 1013 207 1070 in
229 1013 342 1070 deliciis
358 1013 520 1082 aedicula,
539 1010 580 1066 ait
597 1009 736 1080 Basilius,
752 1008 846 1066 sturni
855 1023 919 1066 ees·
960 1011 1095 1083 Secundo,
1113 1011 1186 1088 quia
1205 1028 1257 1070 ver
1278 1015 1321 1069 est
1340 1011 1576 1086 pulcherrimum
1596 1011 1667 1068 enni
1683 1014 1756 1067 tem·
1769 1026 1869 1074 scaeua

121 1100 243 1166 cuntur,
254 1101 282 1154 et
291 1099 389 1154 tamen
399 1097 522 1169 propter
535 1093 669 1166 corporis
678 1092 920 1151 constitutionem
961 1109 1033 1168 pus;
1046 1095 1104 1152 tale
1127 1099 1226 1153 autem
1245 1095 1344 1153 decuit
1365 1093 1533 1152 felicitatem
1554 1098 1646 1152 status
1668 1093 1755 1151 inno-

121 1195 270 1238 eveneno
283 1196 345 1237 non
367 1180 561 1252 occupantur.
582 1178 655 1234 cum
670 1177 750 1234 enim
763 1179 920 1249 pertenues
961 1178 1079 1249 centias,
1100 1182 1129 1237 et
1152 1179 1183 1236 in
1208 1193 1276 1236 vere
1299 1179 1471 1251 redemptus
1493 1181 1522 1235 et
1545 1180 1690 1235 recreatus
1713 1181 1756 1236 εει

121 1263 255 1320 habeant
267 1264 306 1320 ad
319 1263 411 1319 corda
419 1264 607 1335 penetrantes
614 1263 747 1330 meatus,
762 1260 796 1316 lit
809 1263 843 1316 ut
853 1263 920 1318 autc
960 1261 1092 1319 mundus
1103 1277 1156 1336 per
1167 1263 1314 1322 Christum
1326 1280 1333 1318 ε
1343 1277 1413 1332 ergo
1423 1262 1541 1320 videtur
1552 1262 1583 1319 in
1594 1277 1662 1320 uere
1679 1263 1755 1338 pari·

123 1347 298 1404 devoratam
315 1345 442 1403 cicutam
465 1347 669 1417 concoquant,
683 1359 773 1417 quarn
793 1343 863 1400 inde
877 1342 918 1398 le·
960 1346 1196 1403 terereatusessc
1212 1347 1353 1403 mundus.
1366 1349 1467 1416 Tertio,
1477 1346 1549 1420 quia
1562 1347 1695 1420 idipsum
1706 1349 1755 1405 do
1768 1361 1849 1410 reso.

121 1429 199 1486 thale
225 1430 295 1501 gelu
318 1429 358 1486 ad
385 1428 549 1501 praecordia
566 1425 741 1500 pervenerit.
766 1425 919 1484 Elleborus
961 1424 1026 1483 linit
1040 1429 1204 1485 Concilium
1219 1428 1417 1498 Palaestinam,
1427 1428 1563 1486 habiturn
1574 1429 1631 1486 sub
1643 1429 1756 1489 Victore

122 1517 223 1570 eutem
242 1511 442 1569 coturnicibus
455 1515 498 1568 εει
518 1510 621 1580 cibus,
636 1527 690 1568 uec
708 1509 747 1568 ab
760 1525 813 1579 eo,
829 1524 919 1582 pecu·
963 1511 1116 1582 Pontifioc,
1132 1513 1258 1586 praeside
1271 1513 1451 1587 Theophilo,
1466 1529 1545 1570 anno
1564 1514 1671 1572 Christi
1689 1518 1758 1588 198,

123 1595 186 1652 lieri
194 1595 331 1669 quadam
338 1594 565 1668 temperatione,
576 1593 743 1650 detrimenti
752 1593 919 1666 quidquam
962 1594 1045 1667 quod
1057 1595 1125 1652 citet
1136 1600 1164 1652 et
1178 1596 1264 1653 reteri
1276 1597 1354 1653 Beda
1363 1596 1416 1652 lib.
1433 1600 1472 1654 lle
1484 1599 1655 1668 AEquinocte'o
1665 1615 1757 1658 εειιιο.

122 1679 301 1752 percipiunt.
313 1681 408 1734 »Tum
418 1677 604 1750 quieeadcm
618 1677 702 1732 utilia
711 1681 780 1733 sunt
792 1677 918 1734 homini.
942 1678 1026 1734 'Fuit
1043 1678 1100 1734 hcc
1118 1680 1282 1736 Concilium
1301 1679 1495 1753 particulare,
1514 1695 1576 1738 non
1600 1682 1737 1752 generale
1747 1701 1755 1754 ;

126 1767 227 1821 eliam
240 1779 295 1837 per
307 1762 553 1833 mandragoram,
565 1761 644 1818 aits.
658 1761 796 1829 Basilius,
813 1759 920 1818 medici
962 1777 996 1822 ec
1017 1763 1144 1835 proinde
1167 1764 1353 1822 definitiones
1369 1767 1451 1836 ejus,
1474 1765 1542 1822 licet
1562 1781 1624 1824 nou
1644 1767 1702 1825 sint
1722 1769 1758 1825 de

123 1864 265 1906 somnum
278 1846 466 1903 advocenlet
481 1845 606 1905 invitant
621 1863 628 1900 :
644 1861 733 1901 succo
747 1859 921 1917 ueropapa-
961 1844 1036 1915 lide,
1062 1851 1130 1904 suut
1152 1851 1250 1904 tamen
1275 1865 1391 1922 magnae
1415 1849 1606 1908 auctoritatis.
1632 1852 1709 1920 Quin
1731 1857 1759 1909 et

123 1932 198 1988 reris
207 1928 920 2002 vehementescorporisdoloreescdant.Quidam
961 1929 1124 1986 Concilium
1137 1931 1196 1988 boc
1215 1931 1292 1988 hanc
1304 1948 1389 1988 suam
1411 1933 1586 1990 sententiam
1599 1935 1708 2008 probat
1719 1953 1756 1993 cx

124 2013 497 2087 rabientemappetentiem
519 2013 653 2070 esitando
674 2013 799 2070 cicutam
811 2011 919 2070 lahela·
961 2011 1054 2069 verbo
1071 2017 1227 2082 geminet:
1245 2015 1277 2071 iu
1299 2031 1367 2072 vere
1387 2016 1467 2072 enim
1490 2019 1570 2073 terra
1591 2019 1756 2089 germinare

1038 829 1101 844 -·
1110 803 1164 868 Ver,
1178 803 1223 868 eit,
1241 805 1296 856 illud
1310 807 1376 856 eret:
1392 817 1431 856 rer
1444 785 1539 867 magnus
1552 803 1633 868 agebat

1038 873 1119 938 Orbis,
1133 879 1157 928 ct
1169 874 1271 927 hibernis
1283 877 1407 940 parcebant
1420 873 1509 925 labbus
1521 874 1586 924 lieri.

124 2103 241 2169 cerunt,
255 2103 285 2156 ει
303 2098 412 2154 sensim
434 2097 635 2166 extinxerunt,
656 2113 691 2153 ec
708 2097 840 2154 elleboro
854 2111 917 2153 non
961 2097 1073 2172 incipit.
1087 2099 1222 2172 Secundo,
1235 2101 1314 2158 idem
1331 2101 1496 2159 Concilium
1509 2101 1595 2160 docet
1608 2105 1757 2162 mundum
1770 2120 1795 2163 ra
1813 2122 1877 2178 equi

123 2200 234 2260 pauca,
253 2183 307 2240 sed
323 2185 353 2240 et
372 2182 512 2239 diuturne
534 2182 668 2252 corporis
688 2181 760 2238 vitia
779 2181 919 2239 radicitus
962 2197 1024 2238 esse
1036 2184 1190 2241 conditum
1200 2184 1416 2257 inaequinoctio
1428 2201 1536 2255 verno,
1548 2186 1639 2260 idque
1646 2189 1755 2260 probat
1769 2185 1845 2227 ”⁰⁰⁸⁰-

124 2268 343 2340 exinparuut.»
358 2268 430 2322 Tum
440 2264 511 2338 quia
521 2267 597 2322 Dens
611 2269 679 2322 ante
688 2265 920 2338 paccatumldoe
962 2280 997 2320 ex
1012 2281 1063 2335 eo,
1078 2267 1162 2351 quod
1176 2269 1251 2324 licus
1268 2273 1340 2324 tunc
1352 2267 1452 2324 divisit
1469 2268 1566 2325 lucem
1578 2285 1596 2326 a
1609 2270 1754 2343 tenebris,

11 2391 12 2462 l
122 2349 730 2506 ic⁵²¹ia⁰iiii0iiiiititiii⁰
744 2364 919 2490 ‘iiiiii
961 2348 1567 2493 iiiiilillitliiisiiiiii
1579 2353 1613 2409 a
1621 2354 1652 2410 1¹¹
1662 2355 1755 2451 ilfi·

124 2534 175 2576 nco
194 2450 265 2592 peret
284 2518 341 2575 hos
356 2474 420 2574 ²aex
443 2516 506 2574 dies
533 2517 627 2574 ullam
655 2448 766 2574 novaret
791 2517 920 2590 speciem
962 2515 1041 2573 diem
1060 2477 1166 2575 mundi
1186 2477 1313 2575 luisse’ii
1329 2517 1452 2576 lielend.
1475 2453 1756 2593 aprilig’ielljrislsliug
1769 2453 1877 2588 ffindssss

124 2602 246 2672 meavit,
260 2601 342 2658 unde
352 2616 419 2674 cap.
434 2616 508 2673 seq„
518 2615 596 2672 vers,
607 2603 622 2657 t
630 2641 641 2671 ,
655 2601 762 2658 dicitur
776 2603 851 2657 bens
867 2617 920 2658 sex
961 2600 1057 2658 martii
1065 2642 1075 2672 ,
1088 2617 1151 2675 quo
1171 2605 1199 2658 ει
1210 2603 1240 2658 B.
1255 2601 1364 2674 Virgini
1385 2603 1595 2673 annuntiatus,
1608 2603 1755 2679 simulque
1769 2576 1878 2682 ζξωᾞ,

125 2686 230 2745 diebus
241 2701 356 2743 creasse
367 2700 456 2744 omne
468 2685 631 2758 virgultum
647 2686 757 2756 egrici
767 2686 815 2742 die
833 2687 920 2760 septi·
961 2681 993 2741 tn
1006 2700 1073 2741 eam
1086 2690 1115 2742 et
1128 2685 1296 2742 incarnatus
1312 2688 1356 2741 est
1367 2685 1514 2757 Christus,
1526 2689 1555 2743 et
1567 2703 1628 2760 quo
1640 2693 1709 2760 post
1722 2692 1757 2746 ill
1777 2651 1869 2740 lucilia-

126 2787 173 2828 mo
186 2769 349 2845 quievisse.
365 2771 460 2838 Quare
468 2768 549 2826 idem
564 2769 631 2827 dico
645 2770 682 2826 de
691 2769 770 2842 lupis
777 2811 787 2840 ,
796 2770 920 2843 scorpiis
961 2783 1057 2826 annos
1067 2769 1115 2826 vel
1127 2775 1250 2843 passu's,
1265 2769 1327 2840 vel,
1340 2774 1373 2826 ut
1384 2770 1478 2826 exacti
1491 2770 1616 2843 quidam
1629 2771 1757 2828 chrono-
1769 2761 1806 2862 *οἵ
1815 2763 1877 2862 ,ΩΨ

125 2855 248 2929 ahisque
269 2853 449 2910 animalibus
466 2853 578 2923 noxiis,
594 2852 704 2911 scilicet
721 2869 757 2910 ca
774 2854 921 2926 producta
961 2851 1024 2923 logi
1037 2853 1157 2923 volunt,
1170 2870 1190 2912 a
1202 2857 1296 2911 morte
1315 2853 1484 2910 resurrexit.
1503 2855 1631 2911 llursum
1644 2860 1756 2912 certum
1777 2831 1878 2923 002¹„ssss

125 2937 415 2996 essecumeliienon
428 2936 525 2995 noxiis
539 2936 588 2993 die
599 2937 723 3011 quinia3
739 2937 830 3010 idque
841 2940 922 3011 patet
962 2936 1293 2995 cathuncdiamluissc
1311 2937 1514 2994 hominicum:
1531 2953 1706 3011 quanquam
1720 2955 1756 2995 eo
1780 2940 1857 3011 fatua
1983 3008 1987 3017 Ι

126 3040 160 3080 ex
177 3025 329 3097 serpente,
345 3020 399 3096 qul
419 3021 542 3078 ιειιιειίι
551 3024 581 3077 ει
598 3021 716 3078 seduxit
731 3024 832 3079 ilvam.
844 3021 921 3078 Nihil
962 3035 1118 3094 annoque
1138 3021 1308 3078 incarnatus
1321 3023 1366 3076 est
1385 3020 1532 3090 Christus,
1546 3022 1583 3077 ιιι
1603 3021 1700 3078 martii
1713 3022 1757 3078 iu·
1778 3001 1872 3106 ⁰⁰22*

127 3111 225 3165 ιειιιειι
244 3106 355 3163 Ιιοιιιιιι
374 3120 480 3163 nocere
498 3103 644 3179 potuisset
664 3105 798 3176 homini,
814 3105 921 3163 siisin
962 3102 1034 3160 cidit
1040 3117 1125 3174 ,non
1137 3102 1169 3160 ln
1186 3102 1390 3172 Dominicum,
1405 3101 1501 3158 sedin
1516 3100 1620 3160 leriam
1632 3107 1754 3162 sextam.
1835 3091 1842 3106 '

127 3189 296 3248 innocentia
312 3187 479 3257 mansisset;
502 3202 571 3262 qum
593 3187 762 3246 innocentia
782 3188 922 3261 conjunc·
962 3186 1045 3242 Faria
1055 3186 1135 3243 enlm
1148 3189 1230 3243 sexta
1241 3189 1303 3241 tam
1315 3184 1515 3255 incarnatum,
1529 3199 1622 3258 quam
1634 3201 1757 3259 passum

128 3279 185 3332 tem
197 3271 332 3331 hahebat
343 3274 373 3330 et
384 3269 521 3344 exigebat
534 3269 705 3329 abhomine
718 3271 921 3344 prudentiam,
964 3286 1027 3330 esse
1044 3270 1208 3341 Christum,
1233 3273 1337 3327 natum
1357 3285 1428 3326 vcro
1448 3272 1476 3325 ει
1499 3271 1692 3328 resurrexisse
1711 3271 1759 3328 die

126 3362 158 3415 ut
175 3356 289 3415 scilicet
305 3359 389 3414 caute
408 3359 545 3413 bactaret
556 3371 640 3412 rosas
658 3369 695 3412 ne
709 3355 740 3428 in
753 3355 854 3428 spinas
867 3355 922 3412 im-
964 3355 1132 3427 Dominico,
1148 3357 1219 3413 exS.
1231 3352 1406 3424 Athanasio,
1416 3354 1579 3424 Augustino
1593 3359 1622 3411 ει
1634 3354 1760 3412 aliisdo·

9 3497 10 3522 ,
126 3442 464 3516 pingeret;rursum,ne
473 3439 598 3497 irritaret
606 3439 813 3514 luposatieras
820 3443 923 3497 contra
964 3443 1011 3498 oet
1028 3439 1374 3508 F1·anciscusSunrcz,lll
1387 3454 1430 3509 ρ,
1445 3438 1480 3506 Q.
1495 3441 1545 3507 35,
1559 3437 1589 3494 in
1600 3436 1671 3496 fine.

126 3542 177 3584 se:
194 3524 311 3598 alioqui
332 3523 412 3581 enim
429 3538 484 3580 sua
503 3523 593 3598 culpa
606 3527 635 3580 et
655 3523 872 3596 imprudentia,
887 3539 922 3580 ec
1000 3530 1095 3597 Quare
1106 3527 1216 3584 mirum
1231 3529 1291 3596 est,
1308 3525 1448 3582 eumdem
1458 3524 1568 3580 Bedam
1577 3565 1588 3595 ,
1599 3525 1663 3596 sui,
1675 3527 1762 3584 utei-

126 3607 255 3683 proinde
268 3608 333 3680 jam
349 3623 411 3664 non
430 3607 589 3678 innocens,
607 3607 661 3664 sed
680 3620 806 3676 nocens,
825 3605 864 3662 ab
878 3606 920 3663 eis
965 3612 1061 3684 detur,
1076 3611 1225 3683 oblitum,
1237 3610 1291 3668 lib.
1305 3611 1469 3667 uenatione
1484 3614 1566 3680 temp.
1581 3625 1647 3682 cap.
1660 3625 1702 3681 rr,
1716 3610 1759 3668 di-

126 3693 216 3750 lusus
228 3690 341 3748 fuisset·
354 3690 426 3747 Vide
439 3690 518 3748 diota
530 3690 596 3762 Sep·
607 3705 632 3761 ¹,
646 3691 692 3748 ss·
965 3711 1047 3767 cera,
1061 3697 1210 3754 mnndum
1230 3696 1361 3752 creatum
1374 3707 1436 3750 esse
1453 3694 1489 3748 18
1505 3691 1620 3763 martii,
1638 3709 1699 3750 non
1710 3695 1757 3751 ΞΒ.

40 3785 117 3856 seue
161 3779 471 3838 Notaaecuadcscum
490 3778 539 3835 hic
552 3778 616 3837 dies
637 3777 739 3835 tertius
757 3776 846 3848 sitis,
860 3793 922 3852 quo
1000 3780 1045 3836 Ad
1057 3783 1264 3852 argumentum
1277 3777 1467 3835 Hebraeorum
1481 3775 1661 3848 respondeo,
1675 3776 1757 3834 initio
1790 3789 1879 3842 anepos

42 3859 109 3950 Γ*
128 3869 205 3924 Deus
219 3867 327 3920 terram
339 3860 465 3935 perfecte
476 3861 616 3920 formavit
630 3865 659 3919 et
671 3862 803 3932 ornavit,
817 3863 873 3918 hac
885 3863 923 3920 de
965 3864 1072 3922 mundi
1084 3880 1145 3921 non
1166 3878 1284 3932 omncs,
1298 3877 1393 3935 neque
1406 3861 1523 3933 ubique·
1539 3858 1629 3917 luisse
1646 3859 1757 3918 fructus
1769 3851 1819 3924 5¹⁰⁰,
1842 3849 1880 3922 ii*

42 3941 66 4019 es
76 3921 116 4014 *a
128 3965 221 4008 causa
231 3947 355 4004 omnino
368 3946 526 4003 verisimile
537 3949 594 4015 est,
608 3946 667 4002 hoc
676 3945 786 4019 pariter
797 3945 844 4002 die
853 3960 923 4018 pro·
965 3952 1098 4006 maturos
1111 3948 1169 4005 hoc
1181 3945 1228 4004 die
1239 3946 1324 4003 tertio
1337 3946 1500 4018 productos
1511 3943 1600 4016 (nibil
1614 3944 1692 4001 enim
1701 3947 1758 4003 talc
1770 3917 1865 3970 ’Μ

42 4043 69 4083 ³¹¹²
82 4034 297 4091 irductaessa
318 4045 481 4100 marmora,
502 4030 637 4101 metalla,
657 4029 810 4086 mineralia
839 4028 924 4085 lossi·
966 4031 1068 4088 asserit
1082 4029 1255 4103 Scriptura),
1265 4029 1317 4084 scd
1330 4031 1420 4084 ileum
1435 4027 1464 4081 in
1479 4025 1588 4097 plantis
1599 4031 1626 4083 et
1642 4027 1758 4084 arbori-

41 4101 362 4196 2⁸¹·1iequeomnia
382 4128 502 4170 rursum
523 4117 638 4170 ventos.
652 4112 776 4169 illenim
799 4115 922 4182 terram,
966 4113 1024 4171 hus
1040 4114 1231 4188 produxisse,
1246 4111 1335 4168 inhis
1350 4109 1759 4184 quidemlolia,inillisvero

50 4161 108 4260 ,ff
126 4207 274 4272 terraeque
291 4197 418 4255 viventia
435 4195 612 4266 eventilant,¹
630 4210 801 4270 purumque
826 4209 923 4252 acrem
965 4197 1054 4255 flores
1073 4196 1288 4254 amoenissimos
1311 4212 1318 4250 ε
1340 4194 1370 4249 in
1393 4191 1457 4250 aliis
1481 4193 1594 4249 fructus
1619 4200 1762 4252 matures·

51 4279 92 4320 Ν
125 4285 276 4358 aspirant3
294 4280 357 4338 sine
374 4282 468 4338 uentis
484 4281 564 4338 anim
580 4295 634 4337 nec
657 4279 784 4353 plantae,
805 4279 924 4338 necho·
967 4284 1075 4349 centes,
1086 4280 1116 4335 in
1129 4280 1193 4336 aliis
1204 4278 1471 4346 fructusmaturos,
1489 4293 1546 4348 pro
1559 4280 1762 4352 naturaque-

124 4369 224 4425 mines
234 4366 333 4424 vivere
346 4369 398 4424 eut
410 4366 538 4435 vegetari
549 4367 680 4438 possent.
966 4363 1045 4421 litate
1059 4367 1088 4419 el
1100 4357 1269 4419 conditione
1282 4364 1344 4417 lam
1359 4361 1468 4434 planta
1483 4364 1511 4415 et
1525 4360 1657 4432 arboris,
1669 4378 1761 4435 quam

162 4450 296 4523 Denique
306 4452 390 4523 putat
407 4449 514 4506 llolina
526 4449 584 4504 hoc
597 4446 645 4505 die
663 4447 844 4520 productum
861 4463 923 4504 esse
966 4446 1095 4517 regionis
1116 4447 1271 4519 cujusque.
1294 4449 1367 4501 Nam
1381 4443 1412 4499 in
1425 4460 1492 4499 vero
1512 4443 1613 4500 multis
1626 4443 1658 4500 in
1671 4446 1761 4516 locis,

9 4511 11 4606 i
123 4533 279 4593 micanum
296 4532 327 4588 in
349 4535 448 4589 centro
471 4535 566 4588 terrea.
588 4531 645 4588 Sed
667 4531 730 4603 jam
751 4533 818 4587 unte
844 4529 922 4601 dixi,
966 4527 1078 4587 feracius
1094 4546 1156 4586 non
1177 4528 1262 4602 pauci
1277 4531 1345 4585 suut
1359 4527 1486 4596 maturi,
1502 4529 1530 4584 et
1542 4525 1618 4583 forte
1630 4527 1662 4584 in
1675 4543 1762 4602 para·

123 4619 228 4675 verius
239 4631 301 4673 esse
314 4615 487 4688 cumprime
495 4614 559 4684 dic,
570 4613 669 4671 statim
678 4630 697 4671 a
707 4629 777 4670 casu
790 4612 923 4684 Lucileri,
968 4613 1034 4671 diso
1046 4613 1168 4686 plurimi
1182 4617 1265 4670 erant
1278 4616 1348 4668 tunc
1360 4612 1478 4668 maturi.
1557 4647 1559 4650 -

124 4717 189 4758 esso
201 4699 393 4774 productum.
1002 4695 1147 4753 lloraliter
1168 4697 1369 4753 Theodorctus
1380 4737 1388 4764 ,
1401 4693 1453 4751 lib.
1470 4696 1505 4750 lV
1520 4695 1553 4750 de
1566 4695 1761 4765 Prouidentia,

35 4787 113 4834 raa
163 4785 298 4852 Quaeres,
320 4797 382 4856 quo
399 4781 470 4838 anni
486 4784 620 4855 tempore
639 4780 869 4837 mundusalteo
888 4781 924 4838 ait
968 4781 1020 4854 qui
1032 4785 1075 4836 est
1086 4781 1123 4836 dc
1134 4779 1250 4836 Materia
1261 4779 1532 4836 ctllundozecum
1543 4779 1763 4838 stationesanni

42 4858 103 4894 ’ω’
126 4866 286 4924 conditus?
305 4864 385 4922 llulti
412 4863 540 4934 Hebraei,
570 4866 717 4937 lyranus,
750 4862 923 4936 libulcnsis,
966 4863 1134 4921 videbimus
1147 4863 1208 4919 suis
1217 4877 1369 4937 quamque
1380 4861 1556 4934 pertransire
1566 4865 1761 4936 temporibus,

36 4923 61 5016 ζ’
74 4916 113 5018 ,ζῖ
126 4951 259 5008 oleaster
281 4953 310 5006 ει
338 4949 419 5006 Arias
444 4950 598 5005 Montanus
631 4950 750 5004 censent
776 4947 924 5002 mundum
967 4963 1035 5006 cum
1049 4951 1132 5004 tarrae
1146 4947 1280 5020 pluviam
1300 4945 1464 5018 dispensari
1472 4959 1564 5015 ,cum
1576 4950 1685 5004 terram
1699 4965 1763 5020 ger·
1846 4979 1849 4986 .

39 5040 106 5082 *ehu
126 5037 261 5092 creatum
287 5048 350 5090 esse
373 5031 404 5088 in
429 5031 608 5105 equinoctio
630 5029 795 5086 autumnali
822 5047 830 5086 ε
854 5034 924 5086 tunc
967 5032 1094 5100 minare,
1111 5046 1180 5087 cum
1202 5029 1365 5086 virentibus
1385 5027 1485 5084 herbis
1501 5029 1629 5100 obduci,
1649 5033 1762 5088 undare

40 5106 102 5145 “ss‘'
125 5120 209 5174 enim
228 5116 341 5174 fructus
360 5119 430 5171 sunt
447 5115 557 5172 maturi
576 5130 584 5170 ε
601 5113 665 5184 jem
690 5119 789 5170 autem
810 5112 924 5169 fructus
967 5119 1094 5185 segetes,
1108 5119 1193 5187 prata
1214 5114 1340 5170 floribus
1354 5112 1503 5183 renidere,
1523 5129 1641 5170 comere
1656 5115 1763 5187 silvas,

55 5167 87 5207 ι
126 5203 217 5260 luisse
233 5206 368 5259 maturos
387 5203 468 5272 patet
484 5214 523 5255 ex
539 5213 632 5271 pomo
647 5198 758 5269 vetito,
778 5197 924 5270 quodco-
966 5214 1066 5256 ramos
1081 5200 1223 5256 arborum
1245 5197 1390 5254 fructibus
1409 5197 1606 5269 praegravari,
1628 5199 1762 5271 linguam

127 5286 221 5344 medit
232 5284 340 5343 Adam.
967 5299 1141 5340 moveamus
1163 5283 1194 5339 in
1205 5283 1269 5354 ejus
1289 5282 1410 5338 laudem
1434 5282 1486 5354 qui
1504 5281 1567 5339 hoec
1585 5286 1668 5338 terrae
1681 5285 1760 5339 dona

9 5451 10 5482 1
162 5370 220 5428 Sed
239 5366 409 5444 respondeo
423 5384 431 5422 ι
445 5365 545 5424 verius
558 5371 602 5422 est
623 5364 772 5424 mundum
793 5367 923 5422 creatum
969 5367 1139 5422 contribuit.
1159 5369 1198 5421 lte
1223 5381 1293 5421 vero
1322 5365 1466 5422 montium
1493 5365 1659 5438 Nymphas,
1688 5381 1760 5422 neve

9 5553 10 5568 l

9 5577 11 5600 l
