4050 6018
626 349 867 410 commouit
885 351 919 408 itt
936 352 1090 424 multum,
1108 365 1171 414 ctu.
1191 353 1269 414 XXV.
1709 357 1761 420 flii

131 447 207 512 tium
220 446 474 524 pulchritudlnem
488 451 631 511 vluutum
648 456 676 511 et
694 455 819 515 odorem
836 456 925 517 bonae
1004 459 1116 527 Quieto,
1135 458 1176 518 ita
1190 459 1296 519 doceat
1307 461 1343 520 ut
1351 459 1474 520 sebast
1479 499 1491 532 ,
1502 459 1718 536 ltequsiutluat
1729 463 1763 522 lu

131 531 209 603 dtas,
220 547 289 605 qum
300 533 357 590 tria
369 532 505 592 doctores
517 534 627 594 habere
640 535 758 596 debent.
774 538 820 597 Sic
832 539 925 612 virgi·
967 543 1102 602 Qum
1112 541 1281 602 audientis:

132 615 190 673 lius
206 615 282 676 dixit
295 615 393 676 virum
409 617 526 714 bonum
545 635 609 677 esso
625 620 719 716 instar
733 623 856 696 sphera
875 641 924 682 ro·
1044 661 1119 713 Omne
1129 662 1183 713 tulit
1196 666 1321 727 punctum,
1333 663 1374 726 qni
1385 662 1480 716 mi,
1490 663 1546 716 affl,
1557 663 1628 717 ,ffi-

131 701 271 772 tondum,
283 715 322 760 uu
334 700 367 760 ln
380 701 497 776 angulus
510 703 615 762 sordes
627 705 788 776 resideant,
802 721 873 765 cum
884 707 923 766 ds

131 782 231 844 scuit.
1000 789 1097 855 Secta,
1114 803 1208 863 «qua
1217 787 1314 859 nosti,
1332 787 1395 848 sino
1415 791 1585 864 arrogantia
1597 795 1761 869 postulanti

175 912 565 978 lsrcnuudiiusterbobeustotus
577 917 849 981 teresatquerotuudus,
965 869 1128 944 imperti&
1149 886 1218 946 (ἴω
1242 870 1354 943 ¹²⁰⁵⁰i⁸2
1378 872 1441 932 ⁵5³⁰
1463 874 1658 936 ⁰⁰⁰¹¹li³fi0110
1674 879 1758 952 igno·

177 983 284 1038 uxone
297 997 326 1036 ne
339 983 395 1048 quio
406 984 464 1038 rau
477 999 518 1052 per
530 987 596 1040 orsu
608 987 677 1040 neat.
965 954 1134 1097 ffssffl
1147 955 1458 1030 presumptuosa»
1473 958 1514 1016 ⁸st
1528 963 1646 1036 seneca,
1658 963 1712 1023 hb.
1722 968 1757 1024 ll

130 1123 195 1180 llaec
208 1121 713 1198 omnialactasuutexauro,quia
726 1124 846 1197 virtutes
856 1123 920 1195 iam
1000 1122 1048 1179 vis
1068 1123 1206 1196 exempla
1226 1127 1255 1182 ct
1278 1124 1358 1182 dieto
1376 1126 1566 1199 sapientum?
1583 1130 1686 1192 'lbales
1707 1152 1757 1196 ro·
1796 1152 1874 1198 sum.

130 1203 215 1262 dictae
226 1219 264 1263 ex
277 1205 417 1264 charitate
427 1221 547 1266 manare
568 1205 686 1265 debent.
705 1208 834 1266 Rursum
850 1221 920 1264 cau·
964 1209 1096 1279 gatus,o
1113 1206 1180 1280 quis
1200 1211 1274 1266 esset
1292 1207 1382 1266 iolixl
1400 1210 1455 1279 Qui
1470 1227 1616 1288 corporo,
1638 1215 1756 1293 inquit,
1770 1213 1814 1270 pu.

130 1287 286 1348 dolabrum
299 1287 480 1360 ductileest,
494 1305 556 1348 non
572 1289 675 1360 fusile,
695 1290 768 1362 quia
784 1287 920 1348 doctores
963 1304 1054 1347 sanus
1079 1293 1134 1360 est,
1147 1288 1248 1347 auimo
1270 1306 1342 1349 uero
1365 1293 1508 1352 eruditus.
1523 1316 1539 1350 o
1555 1298 1597 1354 lta
1614 1302 1753 1379 Laertius,

128 1373 229 1430 multis
245 1371 455 1432 tentationibus
473 1377 503 1431 et
518 1373 772 1447 persecutionibus
786 1372 873 1429 tundi
890 1376 920 1431 et
963 1372 1017 1430 lib.
1033 1373 1055 1430 l.

128 1455 216 1530 poliri
229 1455 348 1526 debent,
361 1459 522 1531 antequam
535 1456 575 1514 sd
590 1456 709 1514 eulmen
725 1455 840 1514 virtutis
852 1471 919 1530 per·
997 1458 1128 1514 Socrates
1144 1461 1282 1529 rogatus,
1303 1459 1481 1532 «quodnam
1501 1468 1577 1522 esset
1594 1467 1757 1541 pulcherri-

88 1571 94 1585 .
128 1539 257 1610 veniant,
271 1542 305 1596 ut
322 1539 432 1598 coeteris
447 1541 637 1612 praeluceant.
652 1539 765 1606 Quarto,
780 1540 837 1596 hoc
850 1555 918 1596 cau·
962 1555 1047 1597 mum
1059 1539 1189 1597 animal?
1203 1543 1309 1612 Homo,
1322 1542 1687 1613 sitdominaornatus.»
1704 1559 1756 1615 De·

128 1623 284 1682 delubrum
297 1621 488 1682 illuminabat
499 1639 644 1694 mensum,
659 1625 749 1680 altare
761 1627 918 1696 totumque
962 1624 1065 1681 mades
1079 1625 1177 1682 aiebat
1190 1626 1293 1684 doctos
1307 1625 1346 1684 ab
1360 1628 1487 1686 indoctis
1500 1635 1614 1692 tantum
1626 1637 1755 1712 differre

127 1709 265 1765 Sanctum
276 1710 382 1780 noctu,
402 1709 475 1782 quia
487 1707 563 1766 fides
583 1713 612 1765 ct
631 1707 767 1766 doctrina
785 1707 917 1765 Ecclesia
962 1711 1108 1779 quantum
1123 1707 1165 1766 dii
1181 1708 1221 1765 ab
1234 1708 1418 1769 hominibus.
1440 1713 1572 1774 Soertdm
1589 1717 1693 1778 videns
1712 1722 1756 1780 di-

127 1790 214 1849 debet
226 1790 392 1850 illuminare
405 1797 434 1850 et
448 1791 573 1864 dirigere
588 1793 745 1861 orationes,
759 1807 851 1865 opera
864 1791 918 1848 mi·
961 1790 1051 1848 vitem
1075 1791 1251 1850 indoctum:
1270 1795 1389 1865 «Eece,
1410 1795 1472 1868 ait,
1494 1813 1618 1859 aureum
1644 1808 1756 1866 menoi-

126 1874 306 1942 serioordiae,
324 1874 485 1949 omniaque
505 1879 607 1934 sancta
625 1891 716 1948 opera
734 1875 869 1932 fidelium
885 1874 918 1932 in
961 1873 1076 1946 pium.»
1089 1876 1122 1931 El
1132 1875 1235 1933 videns
1246 1876 1339 1934 alium
1351 1878 1478 1938 similem
1489 1899 1497 1937 τ
1510 1884 1651 1958 efflauit,
1659 1905 1757 1964 equus

125 1960 180 2017 hac
191 1959 269 2030 uita3
283 1959 393 2018 namin
404 1959 479 2016 coelo
489 1974 524 2016 ea
537 1975 613 2032 opus
624 1975 687 2016 non
696 1959 750 2016 erit
764 1977 771 2014 :
786 1957 828 2016 ibi
837 1957 917 2015 euim
962 1961 1005 2014 est
1017 1961 1139 2028 argento
1154 1962 1310 2017 ornatus.»
1325 1963 1505 2020 Democritus
1518 1965 1635 2026 dicebat
1648 1971 1756 2033 doetri-

126 2059 229 2101 omues
240 2047 327 2101 erunt
339 2042 482 2102 docibiles
495 2042 546 2100 Dei
557 2047 587 2100 et
598 2040 788 2099 theodidacti.
805 2042 917 2111 Quiuto,
961 2055 1032 2098 uam
1045 2056 1120 2098 auro
1134 2041 1339 2112 pretiosiorem
1357 2061 1430 2102 esse.
1442 2047 1608 2108 Aristoteles
1621 2062 1755 2129 rogatus,

125 2126 308 2185 emunctoria
326 2131 396 2185 suut
412 2124 626 2200 disputationes
648 2129 678 2182 ct
696 2123 917 2198 explicationes,
963 2139 1054 2197 equa
1066 2141 1098 2182 re
1112 2125 1263 2184 differrent
1276 2127 1356 2185 docti
1374 2129 1415 2186 ab
1432 2131 1581 2191 indoctis?
1603 2137 1667 2204 Qua
1682 2143 1755 2214 vivi,

124 2210 357 2283 quibuserrcres
369 2209 552 2280 auferuntur,
562 2213 653 2266 etsua
663 2207 777 2266 ueritati
788 2208 841 2266 lux
851 2209 918 2265 red·
960 2205 1012 2277 ait,
1026 2223 1044 2264 a
1056 2208 1218 2266 mortuis.»
1234 2210 1316 2267 idem
1331 2229 1338 2268 :
1356 2213 1478 2285 allisus,
1494 2215 1550 2286 ait,
1564 2217 1667 2281 lumen
1680 2225 1755 2284 acci·

125 2295 214 2352 ditur.
225 2294 320 2361 Scuto,
337 2292 369 2350 iu
386 2292 578 2351 tabernaculo
590 2297 653 2350 orat
670 2305 765 2348 unum
780 2290 917 2349 candela·
960 2290 1004 2364 pit
1017 2290 1057 2348 ab
1070 2307 1152 2362 acre,
1167 2291 1266 2350 anima
1279 2308 1383 2352 veroa
1401 2295 1565 2371 disciplinis
1583 2308 1612 2360 et
1625 2305 1754 2366 doctori·

124 2380 224 2447 bium,
237 2377 270 2435 in
282 2377 394 2449 templo
407 2378 523 2447 decem,
539 2377 611 2451 quia
619 2377 715 2448 major
724 2379 768 2434 cst
780 2376 833 2433 lux
847 2377 917 2434 ‹loc-
959 2371 1056 2433 bus.»
1081 2373 1194 2447 Glycon
1215 2375 1331 2448 aiebat,
1347 2379 1542 2440 udoctrinam
1559 2402 1621 2443 csse
1636 2405 1754 2452 sacrum

124 2462 206 2519 trinae
219 2465 248 2517 et
261 2460 391 2532 cognitio
409 2460 620 2532 mysteriorum
638 2459 810 2517 divinorum
823 2457 855 2516 in
865 2461 916 2516 Ec-
959 2456 1078 2528 asylum
1090 2457 1227 2515 omnium
1238 2455 1436 2521 hominum.»
1456 2465 1608 2526 Cleanthes
1625 2471 1754 2548 dicebat,

122 2545 210 2602 clesia
222 2543 412 2619 quamluerit
424 2544 456 2600 in
469 2544 643 2616 synagoga:
656 2543 812 2616 intemplo
829 2543 916 2616 quin-
961 2539 1128 2598 «homines
1146 2539 1300 2620 imperitos
1321 2543 1386 2602 sole
1404 2545 1502 2606 lorma
1518 2549 1636 2612 differre
1651 2571 1670 2614 a
1686 2557 1755 2616 bes·

122 2645 180 2702 que
194 2626 372 2686 candelabra
383 2631 466 2684 erant
476 2627 514 2682 ud
528 2627 673 2697 dextram,
687 2630 715 2684 et
728 2625 861 2700 quinque
875 2627 916 2684 ad
959 2621 1016 2681 tiis.
1032 2643 1048 2678 o

122 2712 282 2784 sinistram
295 2710 367 2785 quia
379 2710 506 2768 Ecclesia
524 2709 632 2767 tamin
652 2709 803 2784 prosperis
822 2726 916 2784 quam
993 2708 1553 2784 Theodosiuslmperatorcumllrseuio
1564 2719 1642 2778 filios
1653 2721 1755 2782 indis·

121 2797 154 2853 in
167 2793 298 2854 adversis
311 2809 428 2868 semper
440 2797 484 2850 est
496 2793 562 2850 luce
577 2793 686 2866 plena,
705 2809 760 2851 nec
775 2795 914 2852 successi·
959 2790 1100 2864 ciplinam
1113 2794 1251 2864 traderet,
1264 2794 1305 2850 ait
1320 2813 1327 2850 :
1345 2797 1395 2855 «Si
1406 2797 1480 2856 tales
1493 2817 1524 2858 se
1542 2803 1705 2878 prebeant,
1720 2812 1755 2867 ut

121 2881 179 2938 bus
193 2879 322 2950 arigium,
336 2893 390 2935 nec
404 2877 659 2950 persecutionibus
670 2877 813 2948 dejicitur.
823 2880 866 2936 lta
878 2895 914 2937 ex
958 2890 1058 2931 mores
1069 2876 1109 2933 ad
1127 2876 1315 2948 disciplinam
1336 2878 1476 2954 legesque
1496 2883 1546 2942 Dei
1559 2897 1753 2964 componant,

122 2965 149 3021 S.
172 2963 331 3035 Gregorio,
343 2963 426 3021 bom.
443 2964 505 3019 bin
519 2962 627 3027 Erech,
641 2965 670 3017 et
687 2960 776 3032 Beda,
790 2960 912 3032 hibera,
958 2957 1117 3030 imperium
1127 2959 1169 3015 eis
1185 2962 1316 3032 trodum3
1336 2961 1383 3020 sin
1399 2963 1515 3037 minus,
1533 2969 1633 3028 utilius
1652 2973 1707 3031 erit
1720 2981 1754 3034 ut

122 3045 174 3103 lib·
189 3048 212 3104 Π
225 3051 264 3105 D,
280 3049 397 3118 pemmo,
411 3061 476 3118 cap,
492 3060 555 3101 χω,
958 3041 1064 3116 privati
1076 3041 1168 3100 uun
1187 3047 1294 3116 agant,
1312 3060 1405 3119 quam
1427 3048 1562 3108 doctrina
1580 3051 1665 3112 nulla
1682 3071 1752 3115 cum

5 3133 102 3180 tronti-
158 3130 302 3188 lloraliter
315 3146 385 3201 ergo
400 3129 535 3186 doctores
548 3131 578 3185 ct
589 3126 724 3185 doctrine
736 3132 806 3184 sunt
817 3127 871 3186 lux
886 3134 915 3188 et
957 3125 1090 3198 periculo
1104 3125 1282 3200 imperent-‘²

11 3206 109 3301 {ioum
123 3215 300 3271 caudelabra
317 3212 460 3270 Ecclesiae.
475 3215 585 3268 Eorum
601 3210 714 3267 haesit
735 3213 828 3284 prim
840 3212 912 3272 lex:
993 3209 1115 3266 Carolus
1133 3211 1180 3281 lv,
1193 3209 1226 3268 in
1242 3211 1377 3270 scholam
1394 3217 1569 3288 Pragensem
1587 3220 1751 3296 aliquando

0 3338 12 3357 ,,
23 3321 74 3362 „2
86 3321 111 3363 ,t
126 3319 139 3352 u
150 3301 263 3368 Doctor,
278 3297 319 3354 eit
330 3299 358 3354 S.
372 3295 548 3364 bernardus,
562 3294 600 3351 sit
615 3294 740 3364 concha,
752 3309 816 3353 non
828 3311 914 3355 cana-
957 3293 1116 3364 ingressus,
1126 3309 1197 3351 cum
1208 3293 1391 3368 disputantes
1397 3297 1566 3360 liberalium
1574 3304 1752 3369 auiumma·

18 3379 87 3454 regns
123 3382 198 3453 lis,s
213 3383 271 3440 hoc
285 3388 343 3452 est,
357 3381 441 3454 prius
454 3379 606 3437 seientiam
622 3378 760 3452 recipiat,
774 3395 868 3454 eaque
881 3397 913 3440 so
957 3377 1064 3450 3ῑὸῑωῦ
1075 3393 1130 3450 Pel*
1143 3377 1232 3434 h0lt²⁵
1245 3384 1374 3451 ‘initium'
1386 3381 1558 3455 andilisfflb
1572 3385 1663 3462 idqlffl
1680 3408 1752 3465 Pul·-

13 3462 17 3477 ·
37 3446 102 3488 ¹⁰¹³·
121 3466 252 3539 impleat,
269 3470 304 3522 ut
315 3464 420 3538 plenus
434 3479 501 3520 eam
515 3462 622 3520 deiude
635 3462 668 3520 in
681 3463 755 3520 ulios
770 3463 912 3537 effundat,
957 3459 1056 3534 purati
1067 3460 1191 3518 moleste
1208 3460 1334 3534 lorrent,
1347 3479 1383 3521 ac
1402 3469 1520 3541 tempus
1539 3485 1630 3528 ooente
1647 3473 1751 3534 adesse

120 3550 203 3626 prius
216 3565 247 3608 sc
261 3550 365 3607 doceat
376 3563 468 3622 quam
479 3547 564 3606 alios.
958 3542 1106 3600 dicerent:
1123 3541 1227 3615 ullibi,
1239 3543 1347 3618 inquit,
1358 3551 1475 3620 tempus
1487 3554 1530 3607 est
1538 3550 1671 3626 minime,
1679 3571 1751 3616 nam

154 3634 297 3692 Secundus
956 3627 1290 3700 ooenameahaecest3o
1306 3629 1748 3709 testisestAEneasSylvius,lib.

196 3756 307 3821 Quidquid
320 3755 451 3821 precipias,
464 3759 513 3810 estu
526 3755 618 3820 breuis,
632 3761 660 3808 ut
671 3757 716 3808 cito
730 3757 790 3810 dicta
956 3711 1149 3852 IVACI⁰T1mm
1164 3711 1198 3768 de
1208 3717 1275 3783 Μ·
1290 3713 1435 3784 Aspim·

196 3827 325 3892 Percipient
337 3827 407 3877 enimi
421 3827 517 3890 domes,
531 3831 670 3892 teneantque
683 3829 771 3881 fidelos.
1028 3808 1048 3866 p
1070 3810 1161 3852 ⁰¹¹⁵OE
1180 3810 1232 3851 ‘0¹
1249 3799 1420 3867 millium
1440 3799 1589 3858 ffiselflbdi
1609 3803 1698 3862 mallo
1718 3821 1749 3862 so

956 3880 1080 3952 perdere
1090 3879 1203 3947 omnia,
1220 3895 1312 3951 quam
1323 3880 1421 3938 studia
1433 3886 1461 3938 et
1473 3880 1584 3955 libros,
1602 3901 1693 3960 seque
1712 3903 1750 3946 ex

157 3966 264 4029 Tertio,
280 3975 343 4019 uon
360 3965 475 4020 tantum
490 3963 686 4034 intellectum,
707 3966 761 4021 sed
778 3969 807 4022 et
826 3966 912 4024 affec-
956 3961 1041 4019 libris
1054 3976 1138 4017 arma
1147 3965 1176 4017 et
1189 3976 1343 4018 armorum
1352 3963 1401 4032 jus
1415 3963 1563 4022 didicisse.
1578 3967 1660 4026 idem
1675 3968 1750 4028 divi-

119 4053 184 4106 tum
197 4043 328 4115 imbuat,
342 4059 439 4102 «uam
452 4044 588 4102 doctrina
599 4045 719 4118 spiritus
736 4060 799 4103 non
816 4047 913 4106 eurio·
955 4047 1017 4102 tem
1029 4043 1183 4100 indoctum
1194 4044 1320 4102 vocabat
1335 4045 1451 4102 asellus
1464 4063 1623 4108 aureum.»

120 4131 236 4188 uitatem
252 4129 347 4200 acuit,
366 4127 419 4184 sed
440 4126 611 4186 charitatem
630 4127 794 4201 accendit»
816 4129 914 4205 lnquit
992 4127 1135 4199 Diogenes
1149 4131 1252 4200 captus
1270 4143 1290 4186 a
1307 4127 1487 4202 latronibus,
1499 4137 1528 4189 et
1545 4138 1667 4206 rogatus
1681 4137 1750 4210 quis

120 4217 147 4274 S.
162 4211 336 4273 bernardus.
958 4213 1043 4282 esset,
1055 4207 1131 4283 quid
1139 4209 1247 4268 sciret?
1259 4213 1413 4284 respoudit
1423 4231 1430 4270 :
1442 4214 1661 4290 «Philosophus
1672 4235 1750 4297 sum,

158 4300 280 4369 Quarta,
295 4295 380 4370 prius
404 4296 508 4354 doceat
529 4296 608 4354 laeto
627 4311 720 4369 quam
742 4297 844 4356 serbo.
869 4298 914 4357 Sic
958 4299 987 4354 et
998 4293 1171 4352 hominibus
1184 4309 1308 4368 praesse
1319 4297 1510 4358 sciouldcm
1523 4300 1640 4359 dicebat
1650 4304 1751 4364 erudi-

121 4383 202 4440 euim
221 4385 303 4438 lesus
320 4379 404 4454 prius
425 4379 513 4453 cupit
533 4378 646 4450 lucere,
666 4379 773 4437 deinde
796 4381 912 4438 docere.
961 4378 1073 4436 tionem
1088 4377 1248 4450 juvenibus
1273 4378 1378 4436 afferre
1402 4381 1609 4454 sobrietatem,
1629 4387 1750 4451 senibus

124 4463 295 4535 «Doctrina,
306 4463 406 4537 lnquit
417 4465 445 4520 S.
460 4463 628 4535 Gregorius,
643 4462 805 4520 cumomni
821 4462 915 4536 impe·
958 4462 1108 4531 solatium,
1116 4461 1299 4534 pauperibus
1309 4462 1584 4534 dividas,divitibus
1595 4481 1751 4528 ornamen-

120 4547 167 4606 rio
180 4547 314 4619 docetur,
325 4546 450 4620 quarmo
462 4546 546 4620 prius
566 4547 662 4617 agion
674 4561 766 4619 quarn
782 4545 913 4618 dicabn3
957 4550 1038 4602 tum:
1055 4549 1211 4617 propterea
1230 4544 1315 4617 quod
1332 4548 1448 4604 soum
1465 4551 1570 4622 suapte
1586 4555 1692 4624 sponte
1704 4552 1751 4610 lu·

122 4645 194 4690 nam
212 4631 346 4690 dodona
363 4629 510 4688 subtrahit
526 4629 684 4699 fiduciam,
705 4629 827 4702 quando
844 4645 915 4688 con·
957 4627 1072 4685 bricam
1083 4630 1215 4684 coerceat
1225 4627 1265 4684 ab
1283 4627 1522 4702 intemperantia,
1535 4631 1690 4690 senectutis
1702 4632 1750 4693 iu·

123 4713 244 4771 seientia
254 4713 399 4787 praepedit
411 4713 554 4784 linguam.
565 4733 581 4766 u
597 4715 629 4769 Et
638 4716 665 4770 S.
676 4713 913 4784 chrysostomus,
958 4710 1117 4768 commoda
1130 4708 1255 4766 honesto
1269 4710 1374 4768 solatio
1387 4709 1701 4786 mitigetpuuperibm
1712 4714 1750 4776 sit

123 4798 206 4855 hom.
219 4797 296 4853 uaso
308 4798 423 4854 utaotu.=
440 4796 492 4854 «si
504 4795 660 4866 bene,ait,
669 4795 787 4866 vixeris,
802 4801 830 4854 ot
838 4796 914 4854 beno
958 4807 1015 4864 pro
1036 4790 1159 4862 viatico,
1182 4791 1308 4849 divitum
1327 4792 1462 4852 fortunas
1484 4796 1584 4866 eruet,
1606 4794 1687 4854 testis
1705 4800 1751 4855 est

123 4877 272 4949 docueris,
282 4879 418 4937 emulum
428 4881 521 4952 ludex
535 4879 592 4936 eris
600 4898 610 4951 ;
624 4878 651 4936 si
661 4879 739 4936 mulo
752 4878 876 4951 vixeris,
886 4881 915 4936 et
958 4875 1098 4946 Laertius,
1110 4875 1163 4934 lib.
1177 4876 1223 4944 lll,
1235 4890 1301 4950 cap.
1316 4889 1394 4933 xrxr.

122 4963 200 5022 beue
210 4959 356 5032 docueris,
366 4962 410 5019 tui
421 4962 514 5020 solius
525 4979 532 5017 :
542 4977 613 5019 nam
624 4960 701 5021 bene
714 4962 851 5020 docendo
860 4975 915 5035 pc·
994 4957 1150 5030 Dionysius
1161 4957 1262 5028 Junior
1271 4957 1376 5030 pulsus
1389 4971 1493 5030 regno,
1503 4960 1533 5016 et
1542 4961 1663 5031 rogatus
1674 4961 1751 5036 quid

122 5047 231 5121 pulum
243 5043 379 5115 instruis,
391 5046 445 5102 sed
462 5044 540 5103 male
555 5045 686 5102 vivendo
704 5044 793 5102 doces
811 5046 915 5116 Deum,
959 5040 1004 5100 illi
1016 5041 1097 5098 Plato
1111 5044 1140 5097 et
1152 5039 1350 5113 philosophie
1363 5041 1496 5100 studium
1507 5039 1751 5116 proluissetisllt

124 5128 279 5204 momodo
291 5127 400 5186 debeat
410 5131 440 5184 te
452 5129 688 5196 condemnare3u
701 5141 783 5197 nam,
792 5130 826 5184 ut
835 5125 916 5185 idem
959 5127 1089 5193 unum,
1107 5123 1219 5196 inquit,
1230 5122 1357 5180 fortunae
1374 5122 1568 5185 mutationem
1582 5139 1672 5201 usquo
1688 5129 1759 5191 snb·

124 5215 183 5288 ait,
202 5229 290 5272 serm.
310 5215 350 5270 De
367 5212 598 5286 compunctiones
614 5210 763 5268 «Grandis
783 5213 828 5266 est
846 5224 917 5267 con-
960 5223 1011 5266 mo
1024 5205 1132 5276 ieram3
1145 5223 1161 5258 r
1175 5204 1311 5262 testisest
1324 5203 1506 5266 Plutarchus.

125 5297 275 5356 damnatio
295 5295 488 5369 componenti
506 5309 673 5354 sermonem
693 5307 802 5363 suum,
823 5291 916 5350 utam
994 5287 1118 5347 illustris
1124 5303 1195 5346 uero
1208 5285 1265 5346 luit
1276 5287 1305 5348 S.
1315 5286 1491 5362 Cyprianus,
1504 5289 1559 5364 qul
1572 5291 1752 5359 domn

124 5395 196 5441 sero
209 5395 295 5439 suam
305 5377 502 5455 negligenti.»
960 5367 1163 5450 predicationi
1183 5383 1279 5444 usque
1298 5368 1339 5432 ad
1355 5373 1483 5432 mortem
1499 5371 1632 5436 insistere
1644 5376 1736 5439 imum
