4088 6032
5 19 8 158 l

654 371 830 431 audomari
848 371 967 432 ΞΛΜ
985 374 1190 434 scamnum.
1703 379 1736 436 at

4 512 5 547 ι
105 478 286 553 dignusnon
298 480 361 538 erat
374 479 517 550 mundus,
528 479 559 536 in
579 478 790 538 solitudinibus
803 495 903 538 erran·
945 479 1010 552 lege
1027 481 1117 540 veteri
1135 481 1175 540 ob
1195 481 1265 542 talia
1281 480 1414 540 facinora
1435 482 1596 557 perierunt.
1614 479 1739 557 Spiritus

104 565 157 634 tes,
171 563 205 620 in
218 563 370 621 monhbus
384 569 412 622 et
428 563 594 636 speluncis,
609 568 638 621 et
654 565 685 621 in
699 564 832 621 cavernis
847 567 903 620 ter·
945 564 1025 621 enim
1038 567 1175 635 Sanetus,
1190 565 1242 640 qni
1262 565 1440 623 saeculorum
1458 565 1594 623 omnium
1607 570 1651 624 est
1668 580 1739 624 can·

103 663 183 716 ree3a
196 647 298 720 idque,
312 651 367 704 aut
377 647 531 704 meliorem
542 647 707 705 invenirent
717 647 902 705 resurrectio·
946 649 1023 705 scius
1035 655 1063 706 et
1076 649 1230 724 praescius,
1249 650 1289 707 ita
1300 665 1414 708 sacram
1428 650 1607 722 scripturam
1619 649 1738 706 concin-

102 747 191 801 nem3
214 731 343 804 ideoque
357 734 386 787 et
398 747 470 802 nas,
491 735 604 788 tantmn
623 731 766 788 hahentes
789 731 901 788 nahem
945 733 1035 802 navit,
1048 737 1081 789 ut
1094 749 1156 790 non
1170 733 1240 791 solis
1249 733 1367 804 ludaeis,
1382 734 1434 790 sed
1446 738 1474 791 et
1484 733 1652 791 Christianis
1662 747 1737 806 quo·

102 815 234 883 testium,
247 830 300 889 per
314 814 485 887 patientiam
498 830 653 873 curramus
664 816 701 872 ad
713 815 902 889 propositum
943 814 989 870 ris
1003 831 1067 872 aevo
1077 817 1186 874 servire
1199 821 1309 890 posset.
1321 817 1460 885 Quinimo
1473 817 1668 876 Tertullianus
1681 816 1735 874 lib.

102 897 195 954 nobis
209 903 396 955 certamen.»
945 901 984 955 lie
1002 900 1084 956 Cultu
1105 904 1213 970 semia„
1236 917 1302 976 cap.
1328 917 1405 973 xxu,
1426 905 1525 959 censet
1542 901 1657 960 nullam
1671 917 1735 959 esse

140 983 187 1038 lll.
205 984 298 1038 Tertia
317 981 426 1039 utilitas
441 986 503 1052 est,
523 983 608 1055 quod
624 983 687 1040 sine
703 982 794 1039 veteri
806 985 902 1040 Testa·
943 983 1176 1043 enuntiationem
1195 986 1317 1058 Spiritus
1331 985 1444 1056 Sancti,
1462 1001 1530 1059 quea
1549 985 1588 1042 ad
1607 1000 1736 1058 preasen-

104 1070 208 1123 menta
221 1081 334 1123 novum
349 1065 473 1137 intelligi
485 1069 630 1138 nequeat:
646 1067 735 1123 citant
749 1065 824 1123 illud
838 1079 901 1120 cre·
943 1068 1002 1122 tem
1016 1070 1130 1125 tantum
1144 1070 1308 1139 materiam,
1322 1073 1351 1126 et
1363 1084 1425 1126 non
1439 1069 1478 1126 ad
1491 1083 1612 1127 omnem
1626 1069 1734 1130 utilita-

101 1149 171 1221 bro,
179 1149 312 1206 melarius
321 1150 360 1207 ad
371 1149 448 1207 illud
462 1149 600 1206 alludunt
610 1149 752 1223 Apostoli,
763 1153 792 1206 et
805 1149 901 1207 Chris·
941 1148 977 1205 tis
991 1151 1176 1210 occasionem
1191 1152 1277 1224 dirigi
1291 1168 1325 1210 ac
1338 1151 1447 1226 suscipi
1461 1153 1564 1225 possit.

101 1238 160 1302 tus,
175 1234 266 1290 etiam
278 1234 341 1306 jam
355 1237 520 1290 extremum
535 1233 596 1290 suis
609 1233 789 1290 valedicens.
807 1233 900 1289 eliaec
978 1235 1049 1292 Vere
1062 1239 1089 1294 S.
1105 1237 1284 1308 Augustinus
1296 1237 1545 1303 concrematam,
1555 1235 1610 1293 lih.
1620 1237 1686 1308 xlii,
1701 1237 1733 1296 in

102 1319 183 1385 sunt,
195 1317 237 1372 ait
249 1318 314 1373 Luc.
324 1331 390 1389 cap.
400 1316 899 1389 ult.,vars.ll,verbaqutalocutas
942 1315 1002 1375 line
1017 1336 1025 1374 ι
1043 1339 1057 1373 ι
1071 1322 1139 1392 Nos,
1152 1321 1249 1392 ait,ad
1259 1319 1571 1378 commemorationem
1581 1318 1653 1379 fidei
1665 1337 1735 1380 nos·

100 1416 170 1457 sum
180 1401 221 1457 ad
237 1415 310 1458 ros:
328 1399 473 1474 quoniam
485 1404 656 1458 necessoest
667 1400 785 1474 impleri
799 1399 900 1458 amnia
942 1403 1005 1472 tra,
1026 1407 1054 1460 et
1067 1405 1107 1460 ad
1120 1405 1353 1462 consolationem
1369 1403 1433 1477 spei
1452 1407 1571 1472 nostre,
1591 1407 1620 1461 et
1632 1403 1672 1462 ad
1685 1421 1735 1463 ex-

101 1499 170 1558 quoe
183 1484 295 1557 scripta
313 1488 382 1540 sunt
397 1483 429 1540 in
442 1483 506 1555 lege
521 1483 624 1554 llosis,
639 1487 668 1542 et
681 1484 850 1557 Prophetis,
871 1485 900 1539 et
942 1483 1139 1544 hortationem
1151 1487 1299 1544 charitatis
1312 1491 1420 1544 nostrae
1432 1486 1525 1544 libras
1545 1487 1734 1560 Propheticos

102 1567 227 1624 Psalnds
241 1568 280 1624 de
290 1582 356 1638 me3
378 1571 449 1623 tunc
460 1567 575 1640 aperuit
587 1566 645 1624 iilis
658 1581 789 1637 sensnm,
809 1571 844 1623 ut
854 1567 900 1624 in-
941 1571 971 1624 et
983 1568 1165 1642 apostolicos
1179 1570 1316 1644 legimus,
1326 1569 1472 1629 alterutris
1480 1569 1606 1629 vocibus
1616 1569 1735 1629 sibimet

101 1651 269 1722 telligerent
280 1650 483 1724 Scripturas.»
941 1651 1143 1726 concinentem
1161 1659 1251 1728 atque
1264 1669 1300 1714 ea
1317 1654 1512 1726 concinentia,
1523 1656 1667 1727 tanquam
1678 1667 1736 1712 ιω-

136 1740 214 1798 Sane
233 1737 358 1813 epistola
377 1737 417 1795 ad
435 1737 572 1795 liebraeos
591 1739 647 1797 hac
666 1753 727 1796 ana
749 1737 787 1796 dc
808 1753 899 1796 cause
939 1733 1005 1791 lasti
1022 1735 1112 1808 tuba,
1133 1741 1193 1797 eta
1212 1741 1331 1812 torpore
1352 1736 1486 1795 mortalis
1503 1737 1572 1795 vitae
1588 1751 1645 1794 nos
1658 1737 1736 1795 exci-

100 1821 279 1895 gravissima
305 1824 333 1878 et
354 1820 565 1878 obscurissima
590 1825 649 1892 est,
671 1821 756 1895 qnod
778 1825 840 1879 tota
860 1837 898 1880 ex
940 1820 1044 1891 tentes,
1058 1821 1143 1880 etad
1156 1821 1290 1897 palmam
1303 1838 1439 1898 supernae
1453 1820 1617 1880 vocationis
1634 1824 1735 1880 exten·

99 1905 192 1963 veteri
214 1907 417 1975 Testamenta,
440 1905 564 1978 ejusque
586 1904 735 1977 allegoriis
761 1908 899 1964 contexta
941 1902 1081 1961 dentes.»

99 1990 148 2046 sit.
976 1987 1033 2045 llao
1044 1985 1082 2045 dc
1093 2002 1182 2046 causa
1198 1989 1230 2047 in
1242 1989 1336 2048 Sacris
1345 1987 1472 2046 Ecclesia
1484 2002 1524 2045 ex
1534 1987 1626 2045 veteri
1639 1991 1735 2048 Testa·

53 2113 59 2125 .
105 2116 110 2125 .
135 2075 182 2130 lv.
197 2073 305 2140 Quarta
316 2071 426 2128 utilitas
436 2073 490 2142 cst,
505 2085 575 2128 cnm
586 2070 656 2130 finis
668 2070 742 2143 legis
756 2071 897 2130 sitChris·
940 2073 1041 2129 mento
1053 2071 1165 2144 passim
1178 2071 1317 2130 lectiones
1329 2071 1473 2146 preelegit,
1491 2075 1521 2128 et
1534 2086 1619 2130 sacro
1629 2071 1734 2144 ieiunii

102 2161 158 2228 tus,
169 2155 351 2228 omniaque
364 2155 396 2211 in
407 2155 497 2212 veteri
510 2157 692 2213 Testamenta
700 2155 897 2226 dicantur,ad
939 2156 1072 2227 tempore
1094 2155 1253 2228 Epistolam
1273 2171 1290 2212 e
1309 2155 1400 2212 veteri
1419 2156 1603 2212 Testamenta
1617 2169 1735 2228 semper

100 2241 250 2300 Christum
267 2243 296 2296 et
313 2238 492 2296 Christianos
511 2238 669 2310 pertinent,
689 2253 778 2296 sensu
791 2238 838 2296 rel
851 2238 897 2296 lit-
940 2237 1271 2312 Evangelioapte,quasi
1286 2237 1425 2296 umbram
1435 2237 1564 2311 corpori,
1574 2237 1734 2308 imaginem

100 2324 202 2395 terali,
214 2323 265 2380 vel
281 2321 442 2394 allegorico
450 2341 459 2392 3
476 2324 565 2396 atque
585 2322 616 2378 in
634 2322 692 2380 hac
705 2324 790 2378 retus
802 2324 896 2380 Testa·
938 2323 1012 2393 typo
1026 2321 1265 2394 respondentem,
1276 2321 1399 2379 inducit.
1409 2321 1475 2379 Vidi
1484 2336 1541 2393 ego
1555 2321 1628 2378 olim
1638 2320 1733 2378 Eccle-

100 2416 236 2467 mentum
250 2423 330 2465 noro
343 2406 500 2478 antecellit,
509 2407 594 2480 quod
602 2411 686 2465 vetus
697 2406 809 2481 passim
822 2422 898 2481 prra-
939 2403 1040 2460 siastes
1062 2403 1202 2476 celebres,
1224 2420 1282 2479 pro
1304 2404 1447 2462 concione
1470 2405 1511 2460 ita
1532 2403 1734 2477 prioreparte

99 2498 142 2549 ter
153 2490 313 2549 litteralem
335 2505 456 2546 sensum
463 2532 473 2561 ,
492 2490 684 2562 allegoricum
698 2490 803 2560 habet,
818 2506 896 2564 saepe
938 2485 1112 2557 historiam,
1127 2491 1179 2544 aut
1192 2488 1267 2561 quid
1280 2487 1375 2546 simile
1397 2503 1413 2544 e
1432 2487 1522 2544 veteri
1539 2489 1733 2555 Testamenta,

100 2577 188 2634 etiam
202 2574 402 2646 anagogicum
415 2577 444 2630 et
457 2574 696 2647 tropologicum:
711 2589 825 2632 narum
836 2574 897 2632 lere
938 2571 1101 2644 posteriore
1115 2571 1229 2645 aliquid
1246 2586 1263 2629 e
1285 2587 1380 2642 aava,
1394 2569 1509 2644 populo
1531 2569 1734 2640 edisserentes,

102 2665 180 2718 ιιι-ιι
198 2657 370 2729 allegorico.
387 2675 402 2710 ι
421 2658 519 2714 Patres
535 2658 645 2728 nostri,
667 2658 709 2716 ait
728 2659 897 2732 Apostolus,
938 2668 1048 2726 magna
1061 2655 1166 2729 populi
1177 2655 1354 2730 frequentia,
1366 2655 1487 2728 plausu,
1500 2652 1609 2710 fructu.

102 2747 111 2801 l
126 2745 251 2802 Gorimi.
263 2759 292 2813 x,
304 2744 331 2811 l,
342 2757 446 2798 omncs
457 2740 514 2798 sub
525 2741 605 2799 nahe
615 2739 745 2813 inerunt,
754 2745 784 2798 et
792 2755 896 2800 amnes
976 2744 1105 2817 [lenique
1117 2759 1178 2802 nan
1191 2748 1307 2802 tantum
1320 2742 1460 2814 haeretici,
1470 2742 1524 2800 sed
1533 2745 1563 2799 et
1573 2741 1734 2800 orthodoxi

101 2843 182 2886 mare
203 2826 404 2894 transiemnt,
426 2828 455 2882 et
476 2839 580 2883 omnes
602 2824 634 2881 in
657 2827 735 2882 llose
757 2824 897 2899 baptizati
938 2826 993 2884 viri
1007 2843 1130 2899 gravae,
1144 2828 1241 2902 quiin
1260 2827 1401 2898 consiliis,
1416 2826 1524 2897 causis,
1539 2823 1735 2899 judiciisrer·

102 2919 181 2982 sant,
202 2911 235 2968 in
255 2908 337 2966 nube
358 2911 387 2964 et
400 2907 431 2966 in
445 2907 531 2979 mari,
545 2911 575 2965 et
586 2923 690 2965 amnes
703 2909 839 2966 eamdem
853 2925 898 2966 es-
938 2914 1051 2981 santur,
1066 2927 1163 2969 sacras
1176 2913 1294 2970 Litteras
1306 2916 1367 2970 tarn
1379 2909 1627 2983 antiquas,quam
1640 2922 1733 2964 novas

102 3011 167 3053 eam
186 2992 349 3068 spiritalem
363 2990 632 3061 manducaverunt,
649 2994 704 3048 eta.
719 2993 784 3049 llaec
797 2994 896 3050 autem
937 2993 1062 3052 volvunt
1075 2997 1231 3068 temntqne
1245 2993 1333 3051 veteri
1345 2992 1492 3066 exemplo.

100 3080 133 3136 in
150 3079 251 3151 ligura
271 3075 349 3133 iacta
366 3077 436 3132 sunt
455 3077 547 3132 nostri
560 3093 569 3130 τ
582 3075 690 3149 scripta
708 3079 777 3132 sunt
797 3081 896 3134 autam
973 3077 1070 3134 Rciert
1085 3078 1254 3134 l'ranciscus
1273 3076 1445 3145 petrarcha,
1463 3077 1530 3131 ante
1553 3075 1607 3131 aaa
1624 3087 1730 3144 annos,
1779 3097 1813 3139 aa,

101 3169 223 3237 propter
247 3175 322 3230 nos,
341 3159 374 3214 in
389 3174 467 3232 quas
484 3158 559 3216 fines
576 3159 754 3217 seculorum
772 3160 897 3218 devene-
938 3160 1111 3230 Rohertum,
1123 3160 1226 3218 Sicilia
1239 3175 1350 3231 regem,
1364 3159 1404 3216 ita
1416 3155 1528 3226 litteris,
1543 3155 1671 3213 maxime
1684 3172 1729 3213 sa·
1753 3155 1840 3200 lebedi

100 3253 180 3305 runt.
195 3267 210 3301 ι
227 3247 300 3304 llinc
312 3257 432 3300 rursum
443 3243 534 3312 idem,
547 3242 652 3301 vetans
664 3242 836 3300 Testamenti
852 3243 896 3300 in·
937 3244 1004 3315 cris,
1014 3243 1202 3314 delectatum,
1211 3243 1365 3314 utjuratns
1376 3240 1403 3297 ei
1413 3237 1540 3298 dixerit:
1555 3257 1570 3292 a
1583 3241 1653 3296 tura
1663 3238 1727 3306 tihi,
1742 3217 1851 3322 ξῗξΐῑζ

101 3330 294 3403 telligentiam
309 3343 328 3384 a
346 3325 454 3384 iudaeis
467 3325 617 3396 ablatam,
632 3327 672 3384 ad
685 3342 740 3384 nos
757 3326 895 3384 transisse
938 3327 1110 3397 Petrarcha,
1131 3325 1226 3383 multo
1251 3325 1399 3383 chariores
1420 3322 1495 3380 mihi
1517 3337 1580 3378 csse
1600 3321 1728 3392 litteras,
1751 3337 1845 3394 Scripta.

101 3416 197 3473 docet.
214 3433 228 3467 ι
243 3416 342 3487 Usque
353 3412 385 3468 in
398 3410 577 3468 hodiernum
588 3410 667 3468 diem
677 3451 688 3482 ,
697 3410 804 3483 inquit,
818 3409 896 3484 idip·
937 3425 1028 3484 qnam
1042 3425 1182 3481 regnum,
1195 3412 1223 3466 et
1236 3409 1261 3466 si
1274 3409 1415 3466 alterutro
1425 3405 1498 3464 mihi
1508 3405 1669 3462 carendum
1681 3405 1729 3476 sit,
1777 3408 1815 3442 ¹⁰·

101 3517 167 3556 sam
180 3498 320 3555 velamen
330 3495 362 3552 in
374 3494 499 3552 lectione
513 3493 618 3551 veteris
637 3493 815 3551 Testamenti
833 3509 895 3552 ma·
936 3492 1134 3567 equanimius
1146 3507 1195 3548 me
1209 3491 1387 3563 diademate,
1400 3504 1494 3564 quam
1507 3487 1609 3546 litteris
1624 3487 1730 3546 caritu-

1 3567 2 3582 ’
100 3589 150 3640 net
163 3597 226 3640 non
249 3578 431 3648 revelatum,
445 3576 529 3650 quod
543 3576 575 3633 in
589 3575 702 3633 Christo
718 3581 893 3644 evacuatur:
936 3593 1046 3634 rum.»

101 3667 151 3723 sed
165 3679 264 3739 usque
281 3664 315 3720 in
327 3661 507 3720 hodiernum
521 3659 613 3730 diem,
627 3675 697 3716 cum
711 3659 818 3731 legitur
836 3662 896 3718 tla-
972 3666 1080 3720 Auctor
1095 3665 1138 3718 est
1146 3659 1381 3729 panormitanus,
1391 3658 1546 3716 llionsum
1559 3660 1731 3730 aragonum
1743 3672 1835 3719 ιιιοιιι

100 3767 160 3820 sas,
187 3748 327 3805 velamen
350 3743 484 3819 positum
508 3746 665 3816 estsuper
690 3757 893 3814 corsorum»
936 3761 1035 3818 regem
1044 3744 1164 3817 gloriari
1174 3743 1305 3814 solitum,
1315 3759 1357 3814 se,
1365 3742 1469 3800 licetin
1477 3741 1582 3799 mediis
1590 3741 1732 3812 regnine-

99 3837 120 3892 ll
136 3835 199 3891 Gor.
212 3847 258 3902 ιιι,
271 3832 318 3887 ll.
937 3830 1034 3902 galiis,
1045 3831 1189 3902 quateret
1202 3827 1298 3885 decies
1312 3827 1450 3884 universa
1464 3824 1558 3883 Blhlia
1571 3840 1640 3881 cum
1653 3824 1732 3896 glas-

134 3922 168 3979 V.
184 3922 307 3988 Quinta,
321 3915 361 3973 ad
378 3913 551 3982 lectionum,
566 3912 811 3988 disputationum,
826 3931 896 3972 con·
937 3918 1046 3970 seruate
1060 3917 1088 3969 et
1102 3910 1320 3969 commentariis
1338 3909 1491 3967 evolvisse.
1506 3911 1570 3965 Nan
1591 3922 1661 3978 erga
1679 3922 1733 3966 no·

57 4023 62 4036 ·
100 4005 222 4063 cionnm
237 4001 356 4075 copiam
370 3995 502 4072 providit
517 3998 605 4068 lieus,
618 4001 653 4053 ut
670 3997 789 4054 eveteri
802 3999 897 4057 Testa·
936 4013 1007 4053 vum
1015 4038 1025 4067 ,
1043 3996 1067 4052 si
1085 3997 1147 4067 jam
1159 3995 1323 4068 principue,
1343 3991 1520 4062 consiliarii,
1543 3989 1654 4063 aliique
1676 3989 1732 4048 vlri

101 4094 213 4160 mento,
227 4091 341 4144 tantam
353 4083 530 4156 figurarum,
546 4081 761 4155 exemplorum,
782 4085 899 4140 senten·
936 4077 1069 4154 primarii
1082 4079 1193 4152 passim
1206 4077 1238 4133 in
1250 4077 1375 4147 mensis,
1391 4074 1544 4144 conviviis,
1556 4071 1731 4146 colloquiis,

100 4173 220 4242 tiaram,
235 4167 428 4229 oraculorum
437 4165 607 4224 varietatem
618 4171 716 4240 petere
730 4166 825 4236 liceat,
834 4183 897 4224 non
937 4164 1114 4238 questiones
1125 4178 1141 4220 e
1154 4162 1243 4218 veteri
1254 4167 1282 4218 et
1292 4174 1372 4218 novo
1382 4160 1564 4216 Testamenta
1573 4159 1730 4225 moveant;

99 4261 216 4314 antam
238 4253 279 4310 ad
301 4251 413 4320 fidem,
427 4249 480 4306 sed
500 4249 539 4306 ed
553 4265 673 4306 omnem
686 4250 817 4306 honestae
831 4249 897 4308 vitm
935 4248 990 4305 ubi
1011 4247 1192 4316 Theologas,
1213 4245 1238 4299 si
1261 4243 1360 4312 sileat,
1383 4240 1481 4298 inians
1503 4239 1558 4296 erit
1573 4255 1580 4294 ι
1595 4238 1621 4295 si
1634 4238 1732 4314 inepte

100 4337 352 4396 informationem.
376 4335 418 4390 lta
436 4332 567 4390 Christus
581 4349 685 4405 segnes
705 4335 745 4391 ad
764 4333 896 4406 vigiliam
936 4329 1129 4404 respondeat,
1144 4327 1285 4398 ignorans
1300 4328 1351 4382 aut
1364 4324 1490 4382 stolidus
1504 4321 1615 4380 audiet.

100 4422 205 4480 excitat
223 4417 364 4492 exemplo
379 4420 450 4486 Nae,
464 4421 493 4473 et
510 4416 644 4488 conjugis
662 4419 726 4488 Lot,
747 4419 811 4475 hue.
826 4432 896 4488 xvir,
972 4417 1017 4471 vi.
1032 4417 1125 4486 Atque
1135 4411 1204 4468 hinc
1217 4410 1311 4468 oritur
1321 4411 1403 4466 sexta
1415 4406 1525 4464 utilitas
1538 4423 1546 4462 ι
1558 4402 1732 4462 vetusenim
1811 4449 1818 4464 .

100 4511 132 4564 ³2
149 4526 156 4564 :
173 4527 189 4560 ι
204 4507 349 4562 hiemares
363 4505 470 4571 estote,
483 4501 535 4571 ait,
549 4499 651 4558 uxoris
664 4503 717 4559 hat
722 4519 731 4571 3
746 4521 761 4555 a
777 4516 897 4559 rursum
936 4500 1153 4556 Testamentum
1166 4494 1299 4569 praelusit
1309 4507 1404 4562 novo,
1416 4491 1519 4564 illique
1530 4488 1732 4546 testimonium
1806 4507 1815 4525 ·

1 4577 2 4588 ¹
101 4591 263 4649 obstinatas
288 4587 460 4644 tadaeomm
485 4587 598 4641 mentm
624 4583 828 4642 recordatione
846 4585 897 4640 So·
936 4578 1322 4656 perhibuit,perindeacS.
1336 4579 1463 4633 loannes
1477 4572 1605 4645 Baptista
1617 4570 1731 4629 christo

101 4675 274 4742 domorum,
286 4670 480 4727 Ninivitarum
494 4672 523 4726 et
537 4667 647 4739 regine
658 4667 753 4724 austri
768 4671 854 4724 terret
868 4669 898 4723 et
937 4663 1063 4723 homino
1080 4679 1088 4719 ι
1104 4662 1167 4736 ipse
1190 4660 1270 4719 enim
1290 4675 1375 4733 aeque
1398 4673 1432 4716 ac
1455 4659 1564 4726 lloses,
1587 4659 1615 4712 et
1636 4653 1732 4712 aaeoeri

100 4756 239 4831 percellit.
260 4753 306 4811 Sic
329 4753 490 4810 imitatores
512 4751 610 4808 divitis
632 4750 710 4808 illias
729 4750 761 4806 in
780 4747 895 4806 interno
936 4749 1104 4822 propheta,
1127 4743 1269 4818 «preivit
1282 4747 1349 4800 ante
1362 4740 1467 4798 iaciem
1481 4737 1613 4807 liornini,
1625 4752 1731 4811 parare

101 4842 215 4916 sepulti,
229 4855 269 4897 cx
282 4837 409 4895 ahrahae
426 4836 525 4894 verbis
541 4836 580 4893 ad
596 4835 798 4908 paenitentiam
811 4849 895 4891 revo-
936 4831 999 4888 rias
1024 4831 1101 4901 ejus,
1124 4829 1164 4885 ad
1189 4825 1322 4884 dandam
1343 4823 1495 4882 scientiam
1521 4820 1623 4878 salutis
1649 4820 1731 4894 plebi

101 4931 151 4993 cat,
166 4927 283 4993 dicens,
297 4924 363 4978 Luc.
377 4936 436 4990 ιιι,
445 4923 481 4978 27
496 4937 504 4976 ι
523 4919 663 4976 ellabant
676 4920 774 4975 llosen
786 4920 814 4974 ct
828 4919 896 4973 Pra-
937 4915 999 4986 eius
1007 4931 1017 4983 3
1031 4911 1199 4970 illuminare
1213 4925 1265 4966 eas
1281 4906 1333 4982 qui
1347 4907 1379 4964 in
1397 4903 1525 4965 tenebris
1539 4908 1569 4962 et
1577 4903 1609 4960 in
1622 4903 1732 4960 umhra

100 5011 215 5082 phetas,
237 5004 479 5064 audientium.»
493 5001 601 5061 Paulus
614 5001 748 5071 veracit,
763 5005 772 5058 l
789 5000 850 5057 Cor.
865 5015 894 5071 x,
937 4994 1040 5054 mortis
1063 4996 1181 5060 sedent,
1203 4993 1242 5050 ad
1266 4990 1437 5063 dirigendos
1458 4989 1549 5063 pedes
1568 4992 1685 5044 nostros
1699 4986 1732 5042 in

1 5139 2 5146 ,
100 5098 154 5150 oet
167 5096 199 5150 ll
218 5111 226 5149 :
246 5109 261 5144 ι
278 5089 386 5146 Omnia
401 5087 433 5143 in
449 5086 606 5157 figura,id
620 5085 707 5142 estin
724 5084 895 5157 exemplum
935 5081 1015 5138 viam
1029 5078 1121 5152 pacis.
1137 5097 1152 5131 ι
1170 5075 1259 5148 liujus
1270 5075 1313 5133 rei
1327 5073 1483 5147 symbolo,
1496 5070 1527 5128 in
1539 5068 1733 5140 transfigura-

1 5179 2 5220 ἲ
100 5177 199 5246 nostri,
215 5171 432 5244 contingebant
445 5170 520 5241 illis3
545 5173 578 5226 ut
595 5183 657 5225 non
676 5169 770 5224 simus
788 5181 895 5224 concu-
936 5163 1017 5220 tiana
1030 5159 1134 5219 Christi
1149 5161 1456 5233 apparueruntlloses
1469 5153 1603 5224 attilius,
1620 5155 1686 5210 tum
1699 5156 1733 5208 ut

100 5259 239 5332 piscentes
262 5256 433 5326 malorum,
456 5268 553 5327 neque
575 5250 782 5321 idololatrae,a
797 5265 895 5323 neque
936 5235 1732 5312 illitestimoniumdarent‚tumalloquerenturdeex-

99 5343 299 5412 lomiaatorcs,
309 5353 409 5412 neque
419 5337 534 5408 edaces,
545 5350 642 5410 neque
651 5337 894 5404 murmuratores,
936 5347 1035 5402 cessa,
1045 5345 1136 5402 quem
1150 5326 1350 5400 completurus
1359 5328 1421 5381 erat
1434 5323 1464 5380 in
1473 5320 1645 5379 Jerusalem.
1660 5317 1732 5388 Quis

99 5430 149 5484 ιιι
165 5426 214 5483 liei
233 5427 408 5490 irritatores,
424 5424 458 5477 ut
471 5433 628 5493 pereamus
642 5417 716 5475 sicut
729 5415 783 5487 illi,
798 5414 895 5488 quiin
937 5416 1016 5474 enim
1031 5413 1202 5470 credidisset
1216 5411 1346 5480 Christo,
1359 5409 1426 5483 quis
1438 5405 1607 5477 Evangelio,
1618 5403 1674 5460 nisi
1689 5405 1731 5459 tot
