4100 6024
671 344 846 408 ennomus
863 345 984 408 ΝΜ
1001 349 1206 412 scammum
1721 360 1752 418 tt

119 452 276 532 qmdplen
296 449 522 514 mamutius.
545 451 638 512 Porro
660 456 792 512 sennua
814 453 917 526 ignote
958 454 1065 516 bendis
1088 473 1255 532 omupans3
1275 457 1389 534 qulbus
1408 463 1439 518 et
1455 459 1564 520 absens
1579 463 1609 521 et
1624 473 1756 536 presem

119 539 220 612 signs,
239 539 282 598 ιιι
299 537 496 610 Augustinus,
519 551 586 610 oep.
600 550 631 593 xi
648 539 678 594 et
690 551 756 608 xrrr,
771 551 917 610 magnum
958 556 1027 598 aum
1040 543 1229 601 loonoolsstls
1251 543 1484 617 imperatoribus
1496 544 1688 606 Constantino
1700 545 1756 606 Co-

116 621 283 684 remsdium
300 623 347 680 est
363 619 536 691 linguarum
554 619 725 692 munitio.»
747 623 820 680 Sunt
836 621 916 680 enim
958 639 1126 699 pronymn,
1140 632 1170 684 st
1180 628 1274 684 Leone
1288 631 1406 700 isauro,
1420 626 1490 686 forti
1500 642 1597 700 egone
1611 632 1641 690 et
1652 627 1755 690 duello

117 706 260 782 mudum
277 703 387 775 rerba,
405 719 476 779 qun
494 703 527 760 in
543 719 633 761 usum
651 704 771 762 alterirm
787 705 915 778 lingum,
958 723 1149 780 congressus,
1162 709 1636 784 neruinjngnlsvit,etpslmstr
1645 715 1754 774 emens

115 807 171 867 per
188 789 461 865 interpretationum
484 788 609 846 bensire
630 803 694 848 non
718 793 863 863 posrnut3
888 793 917 848 et
956 788 1028 850 fidei
1041 794 1298 866 tropheonternss
1313 794 1463 852 memorie
1476 796 1667 856 masseresit.

116 880 150 934 nt
170 873 359 933 damnemus
385 872 424 930 ιιι
443 871 604 946 interpres,
623 887 679 930 neo
700 887 720 930 s
738 887 829 930 sensu
846 888 917 932 suo-
994 877 1035 934 Lx
1050 877 1170 950 Anglie,
1184 877 1255 935 rudi
1269 877 1471 936 venerabilem
1489 879 1597 938 &dam
1618 879 1752 940 iuliisto·
1811 895 1845 937 rr.

115 957 189 1017 teris
208 958 315 1017 derisu
337 955 455 1016 aberret
460 996 472 1051 .’
484 971 554 1029 qne
567 955 606 1051 sit
617 955 685 1052 ipsa
697 955 841 1014 unientis
853 971 917 1016 non
956 964 1004 1018 riu
1015 961 1188 1031 duplicares
1201 963 1297 1034 uligo,
1307 961 1363 1033 nit,
1375 964 1524 1036 septennis
1538 964 1751 1024 monasterium
1763 953 1858 1060 ffi-

117 1043 255 1115 apparet,
275 1040 332 1098 nisi
351 1054 384 1098 ιιι
397 1054 434 1100 es
446 1037 552 1112 lingue
565 1041 752 1112 impruetur,
766 1055 859 1114 ιιιιιιιιι
872 1040 917 1098 iu-
957 1045 1122 1117 ingressus,
1136 1045 1178 1104 ibi
1192 1049 1254 1104 tots
1265 1046 1327 1104 vita
1335 1061 1456 1104 omnem
1466 1047 1645 1108 meditandis
1658 1049 1752 1121 Serip-
1762 1075 1809 1121 ,m
1827 1019 1873 1120 ,22

115 1127 302 1198 mprentm.
329 1123 406 1182 luter
428 1121 489 1182 elis
514 1121 575 1182 boo
597 1119 683 1182 effert
708 1122 880 1196 exemplum
906 1141 914 1180 :
956 1128 1030 1186 turis
1044 1143 1168 1202 operam
1185 1129 1268 1199 dedi,
1288 1133 1377 1203 etque
1389 1129 1465 1188 iuter
1477 1129 1697 1192 observantiam
1707 1131 1752 1192 di·
1791 1136 1841 1181 duit

120 1208 255 1282 asparis
266 1207 445 1268 vinulentus
457 1220 520 1266 non
530 1205 648 1266 dubunt
660 1206 774 1266 redisse
794 1208 914 1278 altae.»
957 1211 1090 1285 snipline
1111 1212 1253 1284 regularis
1276 1217 1305 1270 et
1326 1213 1534 1287 quotidianum
1555 1213 1694 1276 oeutandi
1720 1216 1752 1278 tn
1787 1209 1852 1242 “⁰¹³

116 1291 242 1366 sopierat.
256 1306 298 1362 rr,
311 1293 345 1363 33
367 1291 502 1363 grmoiset
521 1289 603 1350 enlm
615 1289 774 1363 interpret,
789 1293 819 1348 st
829 1290 917 1365 qussi
958 1296 1081 1354 molesia
1095 1311 1212 1366 eurem,
1226 1311 1343 1369 semper
1361 1301 1413 1356 sut
1426 1297 1555 1368 discere,
1566 1302 1617 1358 aut
1630 1298 1753 1370 deesse,
1771 1257 1866 1364 Ἧι.

119 1379 237 1449 seius
248 1377 414 1448 murtrum,
428 1373 461 1433 id
474 1377 519 1434 est
529 1390 547 1434 s
557 1373 653 1432 ritulo
664 1373 855 1444 vitulamina,
867 1375 918 1434 de·
958 1382 1011 1438 eut
1029 1378 1157 1438 seribere
1174 1380 1261 1438 dulos
1281 1379 1415 1438 habui.»
1432 1380 1503 1438 ilino
1516 1380 1548 1438 in
1560 1396 1664 1440 omnes
1677 1393 1753 1455 pene

120 1459 216 1532 dum't3
240 1463 396 1533 purnium
415 1461 517 1518 entem
529 1463 600 1520 suut
612 1458 761 1529 dolones,
774 1458 835 1518 sive
848 1475 918 1534 pro·
959 1477 1049 1521 saeris
1067 1463 1223 1537 Scripturas
1244 1463 1354 1534 libras,
1367 1463 1453 1524 esde
1464 1469 1754 1526 extentaommente·
1842 1533 1846 1542 ,

119 1545 262 1621 paglnee,
280 1549 311 1602 et
326 1541 398 1606 aori
419 1543 532 1602 sursuli
553 1555 591 1600 ex
614 1542 722 1601 urbere
741 1543 872 1618 prinnini,
889 1546 918 1602 et
957 1545 1018 1618 ris,
1032 1547 1167 1620 edeuqus
1181 1545 1357 1608 neomorbo
1370 1547 1435 1620 ipse
1449 1547 1559 1608 destitit
1574 1565 1581 1604 ι
1596 1547 1754 1619 quinrero

119 1631 245 1688 interro
270 1625 405 1703 plantati.
428 1627 505 1685 Saue
527 1641 622 1700 quem
644 1624 780 1686 llrebroeis
797 1625 918 1684 usenb-
958 1630 1063 1688 uitims
1081 1629 1250 1688 infirmitate
1270 1630 1301 1687 in
1325 1629 1524 1702 evangelius.
1538 1626 1755 1690 loannislebo-

120 1729 179 1788 que
189 1709 350 1772 idiotismis
357 1709 452 1770 Letini
464 1708 619 1770 abundent
626 1709 744 1768 eodires
754 1711 841 1779 seori,
852 1711 918 1770 luae
958 1714 1051 1786 ravit,
1064 1717 1093 1770 et
1106 1728 1182 1786 pene
1195 1715 1327 1772 emmam
1339 1729 1445 1784 egene,
1460 1716 1493 1774 ut
1508 1712 1692 1784 absolveret,
1706 1729 1754 1777 eo-

120 1801 163 1856 est
174 1796 301 1866 obrius,
314 1799 348 1853 nt
360 1809 424 1854 non
438 1793 503 1854 sine
515 1807 606 1852 nausa
623 1792 704 1852 idem
719 1793 918 1864 Augustinus,
959 1796 1017 1854 rito
1026 1796 1142 1854 sariba:
1156 1795 1296 1869 siaeipe,
1308 1796 1359 1866 eit,
1373 1795 1534 1868 salemum,
1544 1801 1573 1854 st
1584 1795 1755 1858 testinantes

119 1883 140 1940 ll
152 1883 277 1939 listram
299 1894 329 1950 r,
348 1881 399 1949 itt,
421 1881 537 1951 septem
550 1876 673 1946 libellis,
687 1877 741 1951 qui
755 1877 918 1936 etiamnum
959 1879 1069 1949 scribe,
1084 1899 1098 1934 a
1115 1883 1144 1938 et
1154 1879 1294 1938 taudem:
1309 1881 1426 1950 «Bene,
1436 1879 1550 1953 iuquit,
1563 1894 1755 1942 sonsrsmma·

120 1971 233 2036 extent,
253 1962 400 2024 formulas
412 1961 569 2038 pbraslum
583 1975 673 2018 sarrae
686 1960 842 2032 Scripturas
855 1960 918 2018 ool·
959 1967 1023 2020 tum
1033 1966 1089 2033 est;
1100 1983 1115 2018 s
1126 1967 1155 2030 et
1168 1977 1321 2035 nynueum
1335 1975 1444 2023 oeneus
1459 1980 1468 2022 ι
1485 1962 1606 2022 «Gloria
1619 1963 1708 2033 Patri,
1721 1967 1752 2024 et

119 2050 224 2122 legims
247 2063 279 2106 se
302 2050 456 2106 memoret.
472 2045 560 2115 Quod
576 2043 707 2104 imitatus
726 2048 769 2102 est
782 2047 919 2116 pastura·
958 2047 1047 2117 Filio,
1060 2046 1220 2120 etspiritnt
1233 2048 1354 2116 saneto,
1369 2065 1384 2102 s
1400 2045 1600 2119 ptnoidlssime
1618 2045 1754 2120 spiritum

120 2133 193 2192 dum
208 2131 371 2190 duelies-ius
390 2128 595 2201 langdunensis
610 2127 664 2186 lib.
685 2129 725 2186 lle
737 2129 842 2186 innuis
862 2131 919 2200 spi·
958 2131 1056 2188 emisit
1076 2145 1132 2203 pro
1155 2127 1225 2188 iidei
1252 2128 1356 2188 latiore
1376 2128 1426 2188 liei
1447 2129 1561 2190 risione
1582 2127 1752 2201 beandum,

120 2219 285 2283 ιιιιιιιιιιιιι,
299 2217 329 2272 et
341 2217 410 2288 post
421 2227 492 2270 eum
505 2212 597 2271 boone
610 2211 701 2270 etiem
715 2211 825 2270 senum
836 2227 919 2272 oom-
959 2227 1039 2272 enno
1052 2231 1071 2270 n
1083 2217 1171 2287 partu
1184 2212 1311 2284 Virginis
1325 2213 1389 2272 iti.

120 2299 219 2378 plurm
229 2298 294 2358 ulii.
994 2300 1159 2358 Venerabili
1178 2301 1263 2358 bede
1283 2297 1408 2374 equalis
1424 2297 1630 2370 iuitdlbinut,
1644 2299 1752 2360 relil·
1797 2308 1873 2357 Διιιι-

152 2379 917 2454 s.tugustinoeouseutit8.clar5eostnmus,quendo
958 2384 1064 2443 ouinus
1083 2387 1218 2454 Flaccus,
1239 2384 1292 2458 qui
1305 2383 1401 2442 cunti
1421 2384 1516 2452 Magni
1528 2382 1576 2442 rel
1589 2388 1752 2458 preceptor
1763 2382 1813 2422 ⁸²¹⁸·

120 2469 152 2528 in
166 2465 467 2536 arremarenses,
480 2465 551 2523 uu.
565 2466 619 2536 tt,
640 2479 740 2537 neqm
753 2462 916 2536 eyltebem,
957 2466 1027 2539 tuit,
1040 2469 1088 2526 rel
1101 2469 1202 2542 potius
1214 2467 1386 2537 familiarisr
1400 2466 1449 2526 bio
1469 2465 1590 2529 liboreoi
1602 2467 1634 2526 in
1647 2467 1753 2538 uagus

121 2567 216 2626 mque
228 2551 385 2626 spinulum
398 2563 462 2607 esse
480 2549 512 2606 in
531 2548 622 2608 rearis
636 2548 767 2618 litteris,
786 2548 819 2606 in
831 2548 917 2620 aulus
958 2569 1056 2614 ssoras
1069 2553 1188 2614 littores
1200 2551 1302 2626 pelam
1314 2550 1461 2618 dooebetr
1474 2550 1555 2610 uude
1569 2550 1609 2608 ud
1621 2565 1690 2612 eum
1701 2566 1753 2610 au·

120 2635 277 2711 profundis
285 2649 350 2694 non
358 2635 447 2693 lsteat
454 2630 577 2707 mendis
585 2631 737 2706 quispiam
748 2631 917 2703 thesourus,
959 2635 1103 2696 mendum
1125 2653 1163 2697 ax
1175 2635 1267 2696 Frisie
1284 2637 1312 2696 S.
1327 2634 1481 2707 Ludgsrus
1499 2632 1665 2694 liboreoum
1683 2647 1754 2692 oon-

120 2720 308 2781 nandubitet
319 2733 449 2778 asserere
459 2735 468 2776 ι
479 2733 515 2776 so
525 2716 654 2792 proinde
667 2713 756 2776 nobis
768 2729 844 2788 opus
854 2727 917 2774 esse
959 2721 1061 2792 cessit,
1074 2725 1249 2794 tentumque
1262 2717 1401 2794 proterit,
1416 2722 1450 2778 ut
1460 2717 1501 2776 ad
1513 2731 1585 2774 suos
1602 2731 1735 2776 resersus
1743 2757 1754 2788 ,

121 2806 219 2866 didas
232 2805 338 2878 meua,
351 2809 380 2862 et
392 2807 426 2862 ut
436 2802 544 2877 Spiritu
553 2803 659 2862 saneto
670 2799 845 2871 mansuer,
855 2800 918 2860 elo·
958 2804 1120 2866 Frisiorum
1138 2803 1266 2879 apostoli
1281 2817 1391 2864 nomen
1409 2801 1558 2862 meruerit.
1572 2801 1668 2862 restes
1684 2803 1754 2861 suut

121 2890 306 2965 medisina
319 2888 474 2946 sdesmus.
958 2889 1368 2959 manumiserimus
1384 2883 1638 2955 virudinensi.

153 2975 290 3049 emplius
302 2973 392 3034 sudet
404 2971 561 3044 Gregorius
571 2971 733 3042 Memorat
745 2967 919 3029 ronutexst
993 2974 1082 3048 Apud
1102 2973 1219 3046 Belgas,
1239 2973 1270 3032 S.
1289 2967 1455 3032 eonitscius
1473 2984 1543 3028 oum
1556 2967 1633 3038 suis,
1648 2968 1787 3028 Christis.
1807 2981 1873 3030 usu.

121 3061 225 3117 nudor
242 3061 312 3116 rtet
323 3056 541 3144 enimtemque
554 3052 671 3124 abdita,
686 3051 720 3112 in
738 3053 918 3114 &tobielem
958 3057 1054 3129 legem
1073 3068 1261 3131 propagans,
1271 3055 1380 3128 Jupiter
1396 3053 1491 3112 saneti
1505 3052 1656 3124 evangelii
1670 3053 1752 3110 endi·
1768 3041 1847 3148 lgrtun

121 3145 344 3214 oommentens,
365 3141 397 3200 in
420 3138 529 3198 senatis
553 3136 759 3196 voluminibus
785 3138 919 3210 agnoscit
958 3157 1023 3202 aem
1043 3139 1326 3210 seaumdeisrebnt,
1340 3137 1416 3200 adso
1429 3143 1463 3194 ut
1481 3151 1551 3196 eum
1565 3135 1752 3194 neeinmnr-
1791 3115 1867 3212 ,ff

120 3225 274 3299 mysteria,
294 3222 640 3298 utetsererstqsmdem
658 3219 834 3280 mortalibus
847 3237 918 3280 nee·
957 3225 1036 3298 tyrio
1057 3223 1219 3295 dimiserita
1246 3222 1321 3296 quin
1346 3236 1417 3282 sero
1436 3235 1506 3278 oum
1528 3233 1608 3278 anno
1634 3219 1751 3276 Domini
1764 3225 1868 3276 urruns

121 3309 355 3380 dummseseta,
373 3305 739 3380 snbsomlsstibuspatere
752 3304 916 3380 spiritibus.
958 3312 1012 3368 755
1032 3309 1065 3368 in
1083 3310 1147 3382 ejus
1167 3310 1256 3382 eaput
1277 3302 1360 3366 l'risii
1382 3319 1483 3366 ensem
1503 3302 1673 3372 vibrarent,
1686 3302 1749 3376 ipse
1782 3299 1855 3391 '2⁶3'

9 3431 10 3444 ι
119 3392 361 3465 Ιιιιιιιιιιιιιιιιιι
374 3390 564 3464 &suarim
576 3388 917 3461 Augustiuum,dmbro·
956 3393 1039 3452 huno
1051 3393 1201 3463 audirem,
1216 3389 1302 3465 quest
1314 3388 1497 3462 spiritualem
1511 3387 1650 3460 elypeum
1668 3386 1749 3458 obje-

119 3478 211 3551 sium,
224 3477 405 3548 turbium,
423 3476 595 3548 origenem,
615 3474 843 3546 Hieronymum,
855 3475 917 3546 Cy-
957 3478 1009 3547 eit,
1024 3481 1053 3536 et
1066 3476 1172 3536 illustri
1186 3473 1348 3542 musonio,
1366 3471 1515 3530 bustense
1528 3475 1752 3543 aautoperme·

118 3561 231 3633 rillum,
239 3566 269 3619 et
278 3561 451 3619 universum
460 3563 631 3617 senatorum
643 3561 761 3616 Panum
775 3557 915 3627 abarum,
958 3559 1042 3618 dium
1055 3564 1150 3618 sentus
1164 3558 1202 3617 stt
1213 3557 1306 3627 liber,
1317 3551 1401 3616 datie
1413 3561 1515 3614 temen
1533 3553 1629 3612 littere
1641 3568 1678 3612 ee
1689 3567 1751 3612 seo·

9 3683 11 3720 ,
119 3648 179 3704 tem
200 3645 335 3719 impense
357 3643 448 3702 ssorls
468 3642 554 3700 libris
573 3645 675 3699 nostes
698 3645 728 3700 st
747 3639 812 3698 dies
834 3639 916 3698 insu·
956 3644 1037 3702 bane
1051 3644 1163 3702 ebolitu
1176 3647 1230 3702 est.

120 3726 514 3788 deneillirebimursosin
527 3721 917 3797 bsodisaipliuaprinelpss
992 3728 1079 3801 Apud
1094 3729 1221 3786 ereneus
1234 3727 1296 3786 lies
1316 3727 1345 3784 et
1363 3727 1525 3798 imperetur
1537 3720 1660 3782 Carolus
1674 3725 1753 3794 lisg-
1806 3737 1839 3779 ιι.

119 3812 308 3886 upumuss
326 3808 534 3879 oonsenssisse,
557 3822 611 3866 nea
631 3805 724 3864 elium
738 3806 917 3898 ensstudio-
957 3825 1034 3879 nus,
1058 3812 1120 3869 imo
1140 3809 1361 3880 termaximus,
1375 3807 1540 3868 eruditione
1553 3806 1676 3878 seilicet,
1690 3807 1752 3880 pie·
1782 3795 1857 3912 ffi

118 3910 186 3954 rum
205 3896 333 3964 borum,
352 3909 444 3968 φιιιιιι
463 3893 530 3949 vitm
551 3889 643 3948 finem
660 3889 787 3950 lenisset
800 3887 916 3948 lluabi·
957 3897 1015 3952 tute
1032 3895 1161 3952 eilande
1174 3893 1295 3962 belline,
1312 3907 1462 3950 saorsrurn
1476 3892 1648 3950 Litterarum
1667 3891 1751 3948 sobo-
1771 3920 1886 3966 „ww

119 3991 187 4040 mur
208 3977 421 4051 llieronymum
435 3973 574 4046 Gregorio
591 3972 771 4032 llasianreuo
785 3975 814 4032 et
827 3971 917 4046 niuy·
957 3975 1002 4036 las
1021 3981 1086 4036 tum
1106 3977 1193 4047 alibi,
1213 3981 1277 4036 tum
1300 3976 1415 4034 Parisiis
1429 3975 1522 4048 (sdeo
1536 3979 1620 4032 retus
1633 3978 1676 4033 est
1688 3973 1752 4032 lana
1765 3983 1790 4030 t.
1804 3983 1873 4040 scrip

120 4077 186 4134 ¹1¹⁰,
199 4060 391 4120 Afflbffltium
404 4059 521 4132 Βιὸῑῑῑῡι
535 4057 732 4129 Aussusstissuffl
746 4055 915 4126 Ambrosio,
958 4063 1121 4132 audemia,
1129 4076 1198 4134 qum
1208 4059 1390 4118 coloniensis
1398 4063 1442 4116 est
1451 4062 1555 4128 meter,
1566 4057 1753 4119 tarnatensis
1790 4048 1855 4090 ‘¹²⁸⁸’

120 4141 515 4218 numerumnunerum,
528 4141 665 4216 suosque
678 4139 740 4198 tuit
754 4143 917 4213 praeoopto·
959 4145 1046 4218 avia)
1059 4144 1192 4202 instituit.
1205 4143 1281 4212 Quin
1295 4147 1324 4200 et
1336 4140 1458 4200 Carolus
1472 4139 1552 4213 ipso,
1568 4141 1753 4212 eginhardus

9 4317 11 4402 l
119 4311 222 4382 elate,
246 4311 365 4370 suboles
377 4323 529 4368 sensarum
543 4308 716 4367 Litterarum
730 4307 864 4366 erectas?
876 4308 917 4366 ite
960 4313 1150 4384 liuentissime
1166 4308 1437 4368 emendantium
1450 4323 1522 4366 sero
1536 4307 1626 4368 saeris
1642 4307 1755 4368 Litteris

9 4447 10 4452 ,
119 4395 643 4465 menandrianorum
655 4391 853 4450 etl‘raesulum
864 4405 918 4464 pu·
962 4397 1079 4455 deditus
1091 4395 1161 4466 luit,
1174 4397 1209 4450 ut
1221 4394 1263 4450 eis
1277 4393 1453 4450 immortuus
1464 4391 1512 4449 sit.
1526 4395 1635 4450 Auctor
1648 4394 1692 4450 est
1703 4393 1760 4451 le'
1803 4415 1809 4420 ·

9 4495 11 4548 1
119 4483 213 4550 mute,
236 4478 350 4540 nemini
371 4477 499 4536 dubium
517 4479 562 4536 est
582 4475 641 4534 sels
653 4473 765 4532 esteris
779 4476 825 4532 sat
836 4473 917 4530 erin·
960 4497 1057 4554 genus
1069 4481 1100 4538 in
1118 4481 1183 4536 Vita
1194 4478 1335 4546 inmun,
1346 4475 1485 4533 carolum
1499 4473 1556 4533 sub
1571 4474 1756 4544 obitum,oo-

9 4559 11 4628 l
120 4568 316 4626 rumpebam
324 4563 556 4631 lucubrationes,
566 4575 636 4635 qum
644 4559 745 4620 multis
755 4563 917 4634 antequem
959 4569 1065 4622 renato
1085 4559 1424 4636 iqmsgrenibudovino
1437 4557 1516 4628 tilio,
1530 4561 1627 4616 totum
1640 4573 1671 4616 se
1686 4573 1754 4618 ore·

9 4647 11 4680 ³
120 4649 279 4722 l'luolouis
299 4647 475 4708 sobolnstios
493 4643 637 4706 methodo
659 4643 841 4713 traderetur,
864 4658 918 4700 sss-
958 4645 1108 4716 tionibus,
1124 4644 1320 4720 eleemosynis
1338 4647 1367 4702 ei
1389 4643 1479 4703 saeris
1496 4641 1607 4700 Litteris
1621 4640 1755 4713 dedisse,

121 4731 194 4790 aulis
205 4731 383 4802 elaborstm,
395 4743 473 4804 pene
485 4729 518 4788 in
529 4729 591 4788 hoo
610 4729 801 4799 argumento,
815 4724 849 4785 in
860 4725 917 4786 heo
960 4730 1069 4790 seilieet
1077 4735 1205 4805 quatuor
1218 4727 1377 4800 evangelis
1389 4727 1430 4786 ad
1440 4728 1537 4786 Graeeu
1547 4729 1576 4784 et
1590 4725 1663 4798 Syru
1675 4739 1756 4798 egre·

122 4817 490 4876 uuematerlarerssntur.
960 4815 1008 4888 gie
1031 4813 1158 4874 conexit
1179 4826 1270 4884 agens
1290 4826 1366 4886 pene
1390 4809 1522 4870 animem
1537 4825 1545 4865 ι
1563 4808 1669 4868 merito
1682 4824 1756 4880 ergo

32 4905 113 4981 rpus
153 4901 495 4977 constentinnpnliolim
508 4897 918 4960 eelebreluitmonastsriam
960 4897 1057 4956 Caroli
1079 4897 1174 4956 sodex
1192 4894 1329 4968 religiose
1350 4893 1544 4969 sqntsnrsnt,
1557 4897 1591 4952 ut
1602 4893 1666 4966 ipse
1678 4892 1756 4966 vidi,

39 4983 102 5080 ἦ
124 4987 205 5062 quod
216 4987 257 5046 ab
270 4991 408 5056 enotare,
427 4990 457 5044 et
475 5001 494 5044 e
513 4999 666 5043 sumerem
678 4981 866 5054 Litterarum,
883 4995 918 5040 eo
961 4986 1144 5050 asservatur,

123 5071 186 5130 riter
198 5069 382 5144 prrleetioris
391 5067 501 5140 studio,
512 5069 608 5128 studii
617 5066 860 5140 nomeusoeepit,
870 5065 919 5124 oul
997 5069 1092 5134 Quare
1106 5064 1191 5138 quod
1204 5063 1235 5120 in
1248 5064 1379 5121 concilio
1395 5059 1578 5123 Lateranensl
1592 5061 1649 5120 tub
1669 5065 1757 5126 luno-

40 5157 114 5208 Μ
123 5153 237 5229 pretuli
250 5156 279 5214 S.
295 5153 377 5212 Pleto
391 5169 400 5211 ι
414 5157 482 5228 post
501 5167 593 5228 quem
606 5151 778 5212 Theodorus
790 5150 919 5222 Studiis,
961 5149 1058 5210 renuo
1070 5150 1119 5218 lll,
1128 5149 1166 5208 de
1179 5147 1319 5206 oathsdra
1332 5159 1484 5206 usurarum
1501 5146 1675 5206 Litterarum
1688 5163 1756 5210 sen·

9 5297 10 5302 ,
29 5225 179 5326 {ments
197 5252 313 5298 sunum
332 5236 451 5296 nomini
463 5238 531 5306 80⁰,
543 5240 589 5294 tot
601 5233 714 5308 ingenii
725 5235 774 5294 sul
785 5238 815 5293 et
827 5234 920 5309 pieta·
962 5233 1053 5294 eitum
1067 5235 1123 5300 eet,
1137 5245 1201 5290 non
1214 5247 1308 5302 nova,
1319 5232 1374 5290 sed
1385 5233 1511 5290 veterem
1525 5223 1672 5288 mno'vans
1686 5247 1757 5290 aon·

9 5339 11 5386 ι
125 5321 174 5393 tb,
190 5338 208 5380 e
227 5321 322 5382 serris
340 5320 455 5380 Litteris
474 5319 595 5394 rebqsdt
613 5322 825 5389 monumenta,
845 5333 918 5378 suot
961 5315 1148 5378 suetudinem
1161 5314 1345 5389 firmansque
1364 5313 1504 5374 bebeuda
1516 5317 1561 5372 est
1573 5313 1696 5374 sanetis.
1710 5313 1757 5372 lli·

9 5399 10 5416 ¹
126 5403 919 5482 mendumeutwmmssmornmtbdesmi-
962 5395 1756 5473 mirum,timititemsodulaoursprariditetirt-
