4020 6026
1688 381 1755 439 nvn

128 493 219 552 neci.
225 493 268 564 lli,
278 491 457 562 Quaestxlll,
470 489 596 548 membr.
607 491 636 561 ³,
646 491 734 549 arti.
745 491 773 548 S.
781 489 935 561 ihomas,
964 489 1006 548 cis
1019 491 1177 549 momentis
1190 492 1347 564 operatur,
1366 487 1475 546 deinde
1493 501 1548 562 per
1563 489 1657 545 totam
1675 485 1755 545 diam

128 573 160 633 in
172 576 289 640 Sanno,
303 579 380 648 part.
393 575 416 646 l,
431 575 538 643 Quart.
552 575 666 641 hxlllv,
680 581 735 631 art.
749 575 778 644 2,
795 590 861 631 cam
872 588 920 631 re·
963 573 1104 650 quiescit,
1122 577 1175 650 qui
1190 574 1396 633 contusionem
1415 579 1494 632 creat
1511 575 1540 630 et
1556 571 1694 631 ordinem
1709 587 1757 648 re·

127 663 258 730 veretur,
270 663 299 716 et
310 674 365 715 nec
379 657 452 732 ipsi,
466 671 520 716 nec
531 657 648 728 virigari
663 657 803 716 doctrinae
813 657 920 732 proeju·
965 675 1054 732 gnare
1067 661 1141 730 vult,
1155 660 1208 732 qui
1218 664 1286 717 ante
1295 663 1394 716 ortum
1403 656 1577 716 animalium
1586 657 1758 715 lucamnes·

127 743 287 801 dicandum
300 745 407 800 censet.
422 745 457 800 At
469 740 501 798 in
513 756 602 815 opere
612 740 758 810 anteriori,
772 741 802 797 in
814 741 917 800 llsrnt.
965 745 1010 801 cio
1024 743 1214 818 quemfecit,
1234 748 1268 800 ut
1286 741 1347 800 iere
1360 743 1459 801 statim
1478 746 1630 801 evanescat
1646 745 1699 800 aut
1718 743 1758 801 ad

125 826 190 883 dist.
205 827 268 897 llll,
282 829 337 883 art.
352 828 382 895 Ξ,
395 826 435 884 ita
445 825 601 898 scripserat
615 840 623 880 r
639 823 842 896 «Augustinus
855 823 920 882 rult
964 831 1041 884 astra
1055 828 1158 900 fugiat,
1172 833 1340 900 terramque
1353 841 1455 885 recens
1466 831 1593 884 creatam
1604 825 1690 900 aquis
1700 826 1757 884 late

124 909 152 966 in
166 909 234 982 ipso
249 907 406 968 creationis
419 907 566 984 principio
575 910 722 983 quasdam
734 923 779 964 res
789 923 844 980 per
854 923 920 981 spe·
965 913 1108 984 contegit,
1126 917 1160 970 ut
1172 912 1397 985 quamprimum
1411 925 1448 969 ex
1462 909 1520 968 illis
1534 925 1600 967 eam
1614 910 1755 969 extrahat.

123 995 180 1052 cies
194 1009 266 1051 snas
284 992 434 1050 distinctas
451 992 541 1051 fuisse
557 992 589 1048 in
608 995 713 1050 natura
729 991 867 1066 propria,
887 995 920 1050 ut
999 998 1054 1054 vll.
1075 997 1153 1066 Quid
1170 1011 1207 1053 cx
1223 995 1270 1051 his
1288 993 1513 1052 concludimus?
1527 999 1627 1068 primo,
1641 993 1757 1068 vulgari

123 1081 285 1150 elementa,
302 1093 429 1152 corpora
443 1077 571 1136 coelestia
589 1079 618 1136 et
634 1075 813 1134 snbstantias
832 1075 919 1149 spiri·
962 1079 1193 1152 interpretationi
1206 1094 1274 1154 quae
1287 1079 1350 1137 dies
1364 1078 1503 1135 ltosaicos
1521 1079 1669 1137 naturales
1682 1079 1755 1148 dies,

105 1155 232 1233 'tuales3
255 1161 315 1220 alia
332 1176 405 1220 vero
423 1161 456 1219 in
467 1159 633 1219 rationibus
652 1157 844 1218 seminalibus
856 1163 920 1217 tan·
962 1165 1059 1221 verius
1077 1163 1177 1221 civiles
1196 1163 1447 1236 vigintiquatuor
1466 1162 1588 1220 omnino
1602 1163 1756 1235 horarum,

121 1249 201 1316 tum,
217 1251 252 1304 ut
266 1245 423 1314 animalia,
436 1244 552 1319 plantas
566 1246 595 1302 et
610 1243 747 1302 homines
761 1244 803 1315 (N.
819 1245 850 1300 h.
864 1258 919 1313 ego
963 1265 1025 1305 esse
1039 1245 1199 1318 contendit,
1213 1246 1415 1321 praeeuntibus
1428 1246 1591 1318 Augustino
1604 1251 1632 1305 et
1645 1247 1757 1306 Thoma

122 1333 195 1386 certe
210 1330 312 1387 minus
326 1328 470 1401 audebo),
484 1344 553 1402 quae
568 1327 668 1387 omnia
680 1327 874 1400 postmodum
889 1325 920 1383 in
962 1331 1086 1406 aliisque
1098 1331 1199 1390 mullis
1214 1330 1405 1402 doctoribus,
1422 1333 1486 1386 tuto
1500 1328 1576 1403 pede
1593 1328 1755 1390 valedicere

121 1414 234 1472 naturis
244 1415 376 1488 propriis
389 1413 536 1486 producta
549 1415 619 1470 sunt
627 1412 658 1469 in
670 1411 722 1468 illo
732 1426 832 1483 opere,
844 1425 918 1484 quo,
961 1430 1132 1488 possumus.
1147 1417 1281 1491 cumque
1294 1414 1380 1473 liceat
1389 1429 1444 1488 per
1453 1411 1612 1471 Ecclesiam
1623 1413 1755 1475 breviare

122 1501 188 1570 post
209 1499 363 1556 senarium
382 1497 503 1554 illorum
525 1495 663 1566 dierum,
685 1498 761 1552 Deus
782 1499 919 1552 naturam
963 1498 1025 1556 dies
1036 1499 1187 1570 llosaicos,
1195 1515 1307 1574 eosque
1320 1498 1445 1557 indiam
1454 1498 1756 1558 unumautinunum

123 1583 203 1656 prius
215 1583 371 1641 conditam
385 1581 587 1652 administrat,
607 1579 646 1638 de
660 1595 722 1654 quo
737 1593 826 1652 opere
838 1581 917 1636 icon.
961 1584 1102 1656 temporis
1116 1588 1303 1642 momentum
1315 1583 1487 1641 conuehere
1493 1600 1503 1654 3
1521 1581 1620 1639 licebit
1636 1583 1755 1656 pariter,

126 1681 186 1740 cap.
197 1679 234 1736 v,
253 1666 364 1723 dicitur
379 1683 387 1722 ι
402 1669 484 1724 Pater
501 1679 576 1723 nens
588 1663 762 1737 usquemodo
780 1669 918 1735 operata,
961 1665 1015 1723 ubi
1029 1667 1098 1725 satis
1112 1668 1213 1726 valida
1224 1667 1300 1726 ratio
1311 1666 1345 1724 id
1364 1665 1502 1737 suadeat,
1523 1664 1587 1724 dies
1604 1665 1673 1723 illos
1691 1664 1756 1726 lon-

129 1755 209 1821 rteqc
224 1765 337 1824 operm
351 1765 406 1808 nec
417 1751 448 1808 iu
460 1749 644 1809 distinctione
658 1763 758 1806 rerum
767 1747 919 1804 attenden-
961 1750 1057 1822 plores
1071 1767 1193 1824 ponere.
1207 1754 1346 1810 Praeterea
1358 1766 1396 1810 cx
1409 1749 1495 1809 dictis
1507 1753 1535 1809 et
1546 1751 1708 1826 prasertim
1719 1767 1756 1811 ex

132 1835 200 1892 dum
211 1849 271 1892 esse
285 1835 424 1893 ordinem
436 1833 592 1906 temporis,
611 1831 665 1890 sed
683 1837 793 1889 naturae
807 1834 836 1886 et
849 1830 920 1887 dcc·
961 1833 1093 1906 diligenti
1106 1835 1229 1894 lectione
1245 1836 1343 1910 operis
1358 1839 1397 1892 lie
1406 1835 1471 1894 den.
1486 1835 1524 1892 ad
1536 1835 1595 1901 tit,
1607 1835 1755 1913 precipue

131 1917 220 1976 aine.
238 1919 369 1989 Natura,
391 1919 466 1974 sicut
477 1931 570 1974 sonus
582 1916 723 1990 prrecedit
735 1918 854 1971 cantum
867 1929 919 1970 na·
960 1917 1014 1975 lib.
1025 1919 1069 1988 vt,
1084 1935 1149 1994 cap.
1163 1935 1203 1990 rr,
1215 1935 1245 1992 v,
1258 1935 1362 1990 vr,v11,
1377 1922 1510 1994 apparet,
1524 1920 1755 1991 etAugustinum

131 1997 919 2075 himsednontemporaetitaquanaturaliterpriora
960 2002 1756 2078 nonquamcumquetcmporissuccessionemincrea·

128 2089 205 2156 sunt,
218 2085 304 2159 prius
317 2084 395 2143 iacta
407 2085 627 2154 memorantur,
640 2083 715 2139 sicut
731 2087 808 2138 terra
820 2081 920 2154 prius·
960 2084 1049 2141 tionis
1063 2087 1203 2160 operibus
1221 2085 1345 2145 inficiari
1363 2087 1464 2161 (quod
1478 2103 1549 2145 sane
1563 2091 1639 2144 esset
1656 2086 1755 2148 lucem

126 2185 214 2242 pam
228 2167 383 2240 animalia,
395 2173 424 2226 et
436 2183 516 2243 aque
527 2168 703 2242 priusquam
715 2166 820 2240 pisces,
837 2168 864 2220 et
876 2163 919 2222 sio
961 2170 1116 2226 meridiani
1129 2170 1199 2228 solis
1212 2171 1402 2243 negare),sed
1412 2175 1496 2244 putat
1508 2169 1677 2245 ille,quaell
1688 2173 1754 2232 Gen.

51 2275 60 2284 ·
126 2253 160 2310 de
172 2253 249 2310 aliis.
266 2254 410 2312 Doctrinae
422 2269 494 2310 vero
507 2253 626 2322 ordine,
642 2252 716 2309 sicut
729 2253 808 2324 patet
821 2249 852 2306 in
865 2249 920 2306 do·
960 2267 1037 2309 vers.
1052 2257 1083 2324 5,
1096 2257 1266 2324 narrantur,
1280 2270 1383 2312 revera
1398 2254 1588 2313 «secundum
1602 2255 1755 2314 intervella

125 2333 919 2410 centibusgcometriam:quamvlscnimpartesfigurte
960 2338 1153 2408 temporumr
1169 2339 1299 2396 evenisse
1314 2357 1323 2395 r
1338 2354 1465 2412 quaeque
1478 2341 1507 2395 et
1517 2353 1597 2394 nunc
1610 2353 1646 2395 er
1659 2344 1755 2398 creata

123 2421 183 2478 sine
195 2421 304 2479 ordine
316 2420 459 2495 temporis
471 2420 600 2490 figuram
612 2418 804 2486 constituant,
820 2423 919 2474 tamen
962 2421 1084 2478 materia
1096 2422 1271 2494 gignuntur,
1289 2422 1333 2480 ati
1347 2423 1470 2486 semina,
1485 2421 1590 2494 stirpes
1600 2425 1628 2478 et
1645 2424 1755 2481 aalma·

122 2507 285 2578 mometria
294 2506 394 2577 docet,
406 2503 644 2564 constitutionem
655 2503 719 2560 fieri
729 2502 873 2560 trahendo
885 2501 921 2559 li·
960 2503 1016 2574 lia,
1032 2504 1063 2562 in
1082 2505 1227 2580 principio
1247 2520 1348 2563 rerum
1364 2505 1440 2563 iacta
1458 2503 1547 2562 luisse
1564 2509 1678 2564 tantum
1692 2523 1755 2565 care·

121 2605 207 2648 neam
215 2595 288 2666 post
296 2591 419 2660 lincam,
432 2589 527 2648 ethoc
536 2587 593 2648 tuit
601 2587 771 2661 exemplum
780 2586 917 2645 Platonis.
960 2591 1067 2655 saliter,
1076 2591 1265 2658 invisibiliter,
1276 2591 1477 2663 potentialiter,
1490 2589 1619 2661 promocio
1627 2593 1698 2661 iant
1710 2594 1757 2661 {u-

120 2680 161 2734 lta
173 2677 265 2734 ctiam
278 2681 308 2733 ct
320 2678 414 2734 tloses
431 2676 538 2734 rudem
557 2675 705 2749 populum
723 2673 760 2730 de
773 2669 925 2728 creatione
961 2679 1088 2731 turonen
1099 2676 1185 2742 racto.
1197 2675 1394 2745 «causaliter,
1408 2677 1479 2732 tunc
1496 2673 1606 2730 dictum
1619 2679 1676 2746 est,
1687 2689 1757 2749 pro-

122 2761 227 2820 muadi
239 2761 406 2830 instruens,
424 2775 478 2834 per
494 2765 592 2834 partes
610 2757 722 2827 divisit,
742 2771 810 2829 quaa
830 2753 919 2812 simul
962 2757 1080 2816 duxisse
1097 2761 1206 2816 terram
1223 2758 1347 2816 herbam
1364 2762 1393 2814 et
1412 2757 1545 2830 lignum,
1563 2757 1596 2815 id
1614 2763 1672 2831 est,
1687 2775 1758 2834 pro·

121 2844 196 2904 lecta
209 2850 291 2903 sunt.
306 2844 480 2904 Ambrosius
492 2858 563 2900 vero
576 2847 605 2898 'et
623 2842 671 2898 alii
689 2841 784 2897 Sancti
802 2841 920 2912 ponunt
962 2841 1089 2902 ducendi
1104 2842 1250 2918 accepisse
1262 2842 1438 2911 virtutemne
1454 2840 1496 2898 ait
1512 2841 1566 2898 lib.
1582 2844 1621 2912 v,
1635 2858 1700 2917 cap.
1714 2857 1755 2916 ιι,

123 2930 260 2988 ordinem
268 2929 413 3004 temporis
423 2926 752 2985 indistinctionererum
760 2925 918 2993 servatum,
960 2926 1032 2984 vide
1046 2928 1074 2985 et
1086 2925 1139 2986 lib.
1152 2927 1204 2994 Vi,
1225 2924 1455 3001 cap.v1,etlib.
1471 2926 1545 2995 vili,
1564 2941 1630 3000 cap.
1649 2943 1692 2986 nr.
1716 2929 1756 2986 lta

123 3019 150 3071 et
164 3014 229 3071 haee
243 3014 368 3088 quidem
387 3011 496 3087 positio
509 3015 554 3067 est
570 3009 767 3079 communior,
782 3012 811 3063 ct
824 3007 918 3077 magis
962 3025 1031 3068 oum
1044 3026 1203 3068 commune
1216 3008 1303 3070 salin
1313 3024 1393 3084 aqna
1405 3008 1611 3081 dissolvimus,
1627 3015 1656 3068 et
1668 3010 1756 3086 liqui·

123 3111 254 3156 consona
265 3097 385 3154 videtur
396 3097 499 3153 litterae
510 3098 657 3169 quantum
672 3093 710 3148 nd
721 3092 917 3166 superficiem,
962 3093 1035 3151 dum
1047 3094 1171 3152 sinimus
1184 3092 1277 3153 libere
1288 3107 1459 3168 evaporare,
1475 3097 1545 3149 tunc
1554 3092 1672 3151 cubicas
1686 3094 1755 3153 salis

124 3183 174 3240 sed
185 3183 270 3255 prior
283 3187 328 3240 est
339 3178 558 3245 rationabilior,
574 3182 607 3233 ,ct
625 3177 719 3248 magis
733 3175 771 3232 ab
784 3177 918 3233 irrisione
960 3179 1114 3251 crystallus
1125 3177 1632 3248 iacimus,sedfuturaslloctamen
1643 3181 1686 3236 est
1696 3179 1755 3236 die

127 3265 290 3325 infidelium
304 3267 332 3322 S.
347 3264 525 3338 scripturam
538 3260 716 3329 defendens,
734 3260 819 3333 qnod
830 3261 927 3318 valde·
961 3263 1099 3334 criminis,
1115 3261 1199 3336 quod
1210 3261 1339 3334 crystalli
1349 3260 1432 3331 fiant,
1447 3275 1620 3335 quanquam
1634 3262 1672 3319 de
1682 3262 1754 3336 sale,

126 3350 345 3408 observandum
358 3347 445 3405 docet
457 3346 655 3417 Augustinus,
669 3361 731 3416 sap.
747 3345 811 3402 Gen.
826 3343 879 3400 lib.
895 3344 918 3414 l,
960 3347 1044 3422 quod
1057 3346 1187 3404 solutum
1206 3350 1320 3416 manet,
1337 3345 1413 3402 nihil
1427 3344 1555 3419 amplius
1568 3344 1751 3415 cogitemus:

126 3439 156 3491 ut
165 3435 208 3491 sic
217 3434 372 3508 scripturae
385 3434 582 3504 exponantur,
596 3427 682 3502 quod
695 3426 734 3484 ab
747 3427 917 3484 infidelibus
959 3431 1036 3489 fiunt
1049 3431 1127 3488 enim
1138 3431 1246 3502 exlege
1258 3433 1370 3487 nature
1381 3443 1449 3503 qnae
1461 3429 1510 3486 nei
1522 3428 1571 3485 lex
1581 3432 1623 3485 est
1633 3446 1641 3486 ι
1652 3434 1753 3489 contra

126 3533 185 3575 non
194 3517 388 3587 irrideantur3
399 3520 428 3573 et
441 3515 504 3572 hren
514 3513 616 3587 opinio
625 3512 693 3587 plus
705 3511 777 3568 mihi
786 3511 915 3585 placet.»
963 3515 1130 3574 «creatoris
1143 3513 1273 3588 potentia
1286 3517 1315 3571 et
1328 3512 1537 3585 omnipotentis
1552 3517 1641 3588 atque
1657 3513 1752 3571 omni-

126 3601 222 3659 0bitcr
237 3601 533 3660 animadvertendum
549 3601 607 3668 est,
621 3597 728 3654 vidisse
743 3597 917 3670 Aquinatem
960 3600 1083 3658 tenentis
1101 3599 1194 3655 virtus
1214 3611 1304 3654 causa
1317 3596 1497 3654 subsistendi
1512 3600 1555 3653 est
1575 3598 1657 3656 omni
1675 3614 1754 3658 crea·

124 3687 154 3741 vi
166 3686 287 3758 ingenii,
302 3701 371 3759 quae
384 3697 503 3740 summa
514 3682 547 3739 in
561 3695 598 3740 eo
611 3679 676 3748 luit,
691 3679 779 3751 longe
792 3685 859 3737 ante
874 3696 918 3736 re·
959 3688 1032 3740 turre
1044 3701 1052 3738 ι
1064 3698 1131 3756 que
1144 3681 1237 3738 virtus
1250 3680 1289 3738 ab
1298 3681 1415 3754 eisque·
1428 3685 1525 3738 creata
1536 3686 1605 3738 sunt
1616 3681 1753 3755 regendis

126 3769 287 3827 cantiorum
308 3767 528 3825 observationes
547 3768 577 3822 et
596 3764 730 3832 inventa,
752 3778 813 3820 non
832 3762 918 3820 iacile
961 3768 985 3823 si
1000 3765 1161 3840 aliquando
1174 3769 1315 3835 cessaret,
1330 3763 1419 3821 simul
1433 3769 1462 3822 et
1475 3763 1596 3823 illorum
1609 3772 1753 3825 cessarent

126 3853 281 3911 hosaicam
294 3851 450 3911 creationis
468 3849 620 3907 historiam
639 3847 678 3904 ab
699 3845 863 3903 infidelium
880 3848 919 3903 ir-
961 3851 1081 3923 species,
1096 3849 1251 3922 omnisque
1261 3852 1367 3906 natura
1376 3847 1552 3906 concideret.
1565 3851 1664 3924 Neque
1674 3851 1753 3909 anim

126 3937 284 3995 visionibus
293 3934 416 3993 omnino
425 3931 555 4002 delendi,
564 3931 590 3988 si
599 3931 713 4001 vulgari
722 3929 917 4000 intelligentiae
960 3937 1035 3991 sient
1052 3937 1176 3990 structor
1194 3931 1304 3989 aedium
1323 3947 1392 3989 cum
1407 3932 1593 3990 lubricaverit
1609 3933 1750 4006 abscedit,

127 4023 342 4087 adhereamus,
357 4023 386 4076 et
399 4017 475 4075 illud
488 4017 519 4072 in
532 4015 636 4089 primis
647 4013 785 4072 habuisse
799 4030 919 4087 persua·
960 4024 1061 4092 atque,
1075 4019 1127 4074 illo
1140 4019 1270 4074 cessante
1283 4023 1311 4074 et
1323 4016 1509 4086 abscedente,
1520 4019 1576 4073 stat
1585 4032 1661 4092 opus
1672 4019 1750 4092 ejus;

128 4121 206 4174 sum,
226 4103 396 4179 facilitatem
411 4099 604 4159 detendendae
616 4098 655 4155 ab
668 4099 840 4169 hujusmodi
855 4098 918 4154 irri-
959 4103 1000 4159 ita
1011 4102 1141 4159 mundus
1154 4102 1202 4157 vel
1215 4100 1274 4156 ictu
1289 4099 1369 4158 oculi
1382 4103 1457 4159 stare
1470 4100 1587 4172 poterit,
1602 4101 1627 4158 si
1641 4102 1751 4160 cilicas

130 4189 257 4246 :onibus
269 4189 422 4261 scripturae
436 4199 498 4258 prm
511 4183 607 4240 oculis
619 4182 789 4241 habendam
802 4199 821 4238 a
833 4197 917 4240 sacro
959 4190 1090 4262 regimen
1103 4190 1149 4245 sui
1162 4187 1374 4256 subtraxerint>
1388 4186 1577 4258 Augustinus,
1590 4191 1629 4243 De
1640 4187 1704 4247 Gen.
1715 4189 1753 4246 ad

130 4272 290 4346 interprete,
304 4271 377 4328 dum
390 4267 534 4328 nonsatis
547 4267 704 4341 perspicua
718 4266 917 4338 lacapertrac·
960 4275 1005 4329 lit.
1019 4273 1073 4332 lib.
1087 4273 1135 4341 lV,
1150 4287 1216 4346 cap.
1231 4287 1281 4327 ιιι.
1297 4273 1361 4328 iam
1371 4287 1442 4328 vero
1455 4285 1569 4344 eaquae
1583 4270 1666 4329 initio
1679 4276 1752 4333 tem·

130 4365 185 4430 tat,
201 4376 251 4417 nac
267 4359 401 4417 Ecclesiae
416 4354 529 4430 judicio
548 4354 705 4412 declarata.
724 4353 846 4410 Videbat
859 4354 917 4411 ior·
959 4354 1752 4432 porumcaamliteretincrsihilitercreataiuerant,pos-

127 4448 202 4500 rasse
213 4443 257 4500 vir
270 4443 467 4510 acutissimus,
481 4436 566 4496 iacile
578 4435 720 4511 profanos
733 4437 868 4494 homines
881 4439 919 4494 in-
959 4444 1006 4496 tea
1020 4443 1101 4496 extra
1114 4453 1182 4495 suas
1192 4443 1332 4496 eausaset
1346 4437 1498 4495 visibiliter
1510 4453 1574 4496 esse
1587 4445 1752 4513 coeperuut,

127 4527 235 4586 risuros
256 4527 411 4585 historiam
430 4523 480 4580 nei
502 4522 621 4580 nomine
644 4521 827 4594 expositam,
849 4537 917 4594 quae
960 4521 1489 4595 nonquidem,juxtaAugustinum,
1503 4521 1606 4578 inillis
1620 4523 1751 4597 mysticis

127 4616 216 4670 Ιιειιιιι
233 4612 420 4685 repraesentat
436 4606 538 4663 omnia
556 4605 726 4662 immediate
745 4610 916 4677 operantem
960 4605 1066 4663 diebus
1079 4605 1130 4679 qui
1145 4605 1282 4662 anostris
1297 4605 1419 4662 omnino
1434 4605 1541 4662 diversi
1555 4611 1633 4677 sunt,
1647 4622 1752 4666 verum

128 4703 154 4753 et
165 4697 276 4770 pluries
288 4695 329 4752 ad
342 4707 431 4766 opuS,
444 4691 484 4748 ad
494 4690 586 4747 instar
596 4689 719 4745 humani
730 4687 858 4758 artificis,
873 4705 917 4745 re·
962 4704 1039 4764 aper
1049 4688 1222 4763 temporalia
1234 4688 1339 4761 spatia,
1350 4704 1404 4761 per
1412 4689 1483 4744 istos
1495 4690 1664 4747 notissimos
1676 4690 1751 4750 lucis

128 4779 274 4849 deantenr,
285 4778 337 4851 qui
349 4791 419 4833 cum
430 4773 674 4847 omnipotentiam
683 4787 768 4828 suam
776 4773 916 4845 praeclarc
959 4773 1120 4849 corporalis
1134 4773 1196 4829 dies
1210 4772 1263 4846 qui
1277 4773 1400 4831 circuitu
1414 4773 1486 4830 solis
1499 4773 1617 4846 finnt,r
1637 4775 1690 4834 lib.
1704 4778 1750 4848 lll,

129 4868 276 4922 ostendere
284 4867 395 4938 posset,
405 4861 430 4916 si
440 4857 675 4934 periectaomnia
684 4861 835 4913 momento
844 4862 916 4913 tern-
959 4873 1025 4930 cap.
1035 4873 1064 4914 v.
1075 4859 1222 4926 Quantum
1231 4872 1302 4914 vero
1310 4858 1453 4931 temporis
1461 4856 1512 4916 illa
1521 4863 1753 4936 temporaliaspa·

128 4951 204 5023 poris
217 4949 359 5016 alliceret,
373 4961 441 5001 cunr
455 4943 608 5000 ostendere
622 4956 743 5013 quoque
755 4948 855 5014 posset
869 4956 917 4997 sa·
960 4943 1001 4996 tia
1014 4940 1232 5014 occupaverint,
1247 4945 1322 5014 quot
1334 4940 1442 4999 fuerint
1451 4943 1482 4998 hi
1494 4943 1603 5000 soleres
1615 4945 1677 5002 dies
1686 4949 1751 5021 qui-

128 5036 264 5107 piantiam
284 5033 308 5088 si
330 5045 397 5103 quta
416 5043 469 5102 per
483 5025 630 5099 simplices
647 5040 680 5080 ac
699 5024 850 5080 ioecundas
865 5041 917 5081 na·
942 5024 1017 5084 ¹bus
1030 5026 1069 5082 ad
1082 5029 1181 5082 actum
1193 5040 1362 5100 processere
1377 5042 1443 5100 quse
1459 5031 1648 5099 potentialiter
1667 5038 1751 5092 antea

131 5119 288 5188 nreleges
302 5115 341 5171 ab
355 5115 421 5186 ipso
434 5110 603 5168 constitutas
616 5113 645 5164 et
656 5111 841 5164 conservatas
851 5121 917 5181 per·
960 5110 1151 5167 solummodo
1173 5109 1308 5182 fuerant,
1331 5113 1388 5168 hoc
1411 5127 1499 5168 neruo
1521 5113 1608 5170 nobis
1630 5117 1751 5188 revelat,

130 5201 175 5256 tici
187 5204 339 5276 poterant,
359 5197 405 5253 his
422 5195 495 5268 ipsis
506 5192 621 5264 legibus
635 5191 815 5265 perficienda
828 5192 916 5250 relin-
959 5196 1095 5269 adeoque
1107 5199 1206 5252 manet
1220 5195 1307 5252 nohis
1322 5201 1438 5270 tempus
1451 5196 1531 5253 istud
1544 5196 1751 5258 indetermina-

133 5290 225 5357 qucret
233 5327 242 5356 ,
255 5291 357 5340 tamen
371 5297 425 5336 neo
439 5276 683 5358 omnipotentiam
696 5279 777 5332 actus
792 5274 838 5331 sui
851 5277 916 5333 uni·
960 5279 1244 5353 tum,quodtantum
1253 5281 1750 5359 dilatareunicuiquelioebit,quan·

134 5373 198 5437 tate,
217 5383 271 5424 nec
289 5364 466 5437 sapientiam
483 5362 584 5433 legum
601 5375 724 5416 suarum
736 5358 849 5416 actione
863 5361 915 5418 de-
958 5363 1068 5420 tamid
1081 5363 1155 5419 ratio
1169 5362 1338 5420 iaciendum
1351 5367 1482 5422 suaserit.

137 5459 283 5523 manahat,
298 5453 394 5509 ileum
403 5448 457 5521 qui
465 5443 917 5520 unoquoquediennoautpau·
995 5449 1106 5503 Revera
1122 5445 1185 5502 hac
1206 5446 1347 5503 sententia
1364 5447 1548 5507 subobscura
1569 5455 1597 5508 ct
1615 5451 1750 5511 involuta
