4264 6038
272 223 327 314 t'es'
778 259 1020 314 connumaan
1038 263 1071 314 nr
1088 259 1328 326 centesiman.
1346 251 1391 316 tx.

264 349 266 356 ’
305 357 541 420 ltidetcalvtnus
560 359 610 416 bie
628 361 754 430 Papam,
769 350 854 432 qaod
868 375 904 418 ex
924 357 1063 418 maledic·
1105 335 1206 422 neb
1225 339 1326 422 ntu'as
1348 366 1403 422 nb*
1425 358 1505 430 iaptt
1530 357 1627 416 elohim
1647 356 1780 428 saepae,
1804 372 1833 428 g.
1862 343 1892 414 d.

270 440 351 502 bone
363 443 419 499 bac
431 441 532 498 Chemi
546 442 703 513 sumpserit
718 435 774 496 sibl
788 441 919 511 titulum,
931 461 946 495 a
957 445 1061 499 Servus
1109 461 1123 496 a
1138 443 1238 498 Dilatct
1254 445 1326 497 nens
1345 441 1508 498 dilatatum.
1525 459 1538 492 a
1553 439 1580 496 S.
1603 436 1781 509 Augustinus
1795 427 1895 507 vertit,

271 540 433 584 serrorum.
448 543 463 578 ι
480 524 536 581 Sed
550 525 640 592 errat;
659 527 814 580 nonenim
829 527 906 596 Papa
926 524 1061 581 absolute
1107 527 1241 594 latiarem
1257 525 1410 594 cajetanus
1424 527 1451 580 et
1466 521 1648 594 llugnbinus,
1667 521 1835 587 coardecoret,
1849 519 1896 578 uel

270 623 302 666 se
314 612 400 664 vocat
421 621 539 663 seruum
558 619 726 675 servornm,
750 605 818 674 sed,
838 609 870 662 ut
884 611 960 662 recte
980 611 1062 662 notat
1105 615 1246 664 ccrrastum
1258 609 1345 674 farciat
1363 609 1435 662 lteus
1448 607 1544 678 ipsum
1557 603 1669 676 taphet.

270 692 430 762 liupertns,
445 705 514 746 eum
528 688 641 756 addito,
658 689 791 745 «Servus
805 703 957 744 servorum
967 687 1030 756 ltei;
1045 705 1059 740 a
1141 693 1212 746 Nota
1229 690 1349 762 :taphet
1364 691 1468 762 (quem
1485 686 1609 746 Gentiles
1623 689 1729 743 vocant
1743 689 1895 761 inpetum)

270 773 361 844 idque
375 772 442 828 lacit
454 787 490 828 cs
503 771 553 843 pia
567 771 658 827 arairul
682 769 893 840 submissione3
917 785 976 826 non
990 785 1061 837 crgo
1107 771 1262 828 deducitur
1275 789 1293 828 a
1309 777 1374 834 nnn
1388 776 1474 841 pato,
1487 769 1518 825 id
1531 771 1574 825 est
1587 769 1728 840 suadere,
1743 770 1877 842 pellicere
1885 812 1895 841 ,

270 854 408 928 exirnpio
418 854 528 910 Clanum
539 854 594 908 hoc
604 867 712 908 nonacn
723 853 777 907 sibi
788 852 1060 924 surnpsitt‘onlilcx.
1106 851 1299 927 pr'rsuadere;
1319 855 1368 909 sed
1383 855 1412 908 in
1433 853 1521 921 hiphil
1542 851 1597 923 (uti
1610 849 1659 908 bic
1672 852 1730 924 est)
1751 854 1897 924 significat

147 948 259 1000 Nesse.
306 940 351 995 ee.
378 939 553 993 uaeramus
572 939 697 992 lterrrs'us
721 937 792 990 urus
813 936 878 991 Seu.
898 963 934 976 -
949 937 995 990 list
1009 935 1061 988 lae-
1106 937 1242 1005 dilatare,
1255 938 1296 992 uti
1309 933 1483 992 vertuntbie
1499 933 1702 1006 Septuaginta,
1724 935 1894 1006 Chaldaeus,

271 1020 371 1080 braica
390 1018 570 1090 metalepsim
585 1033 621 1074 ex
644 1023 841 1090 consequente
866 1019 942 1074 enim
957 1014 1061 1072 intelli·
1106 1024 1204 1075 noster
1217 1020 1376 1090 interpres,
1403 1015 1558 1085 VatabluS,
1577 1017 1732 1087 llercerus,
1748 1019 1894 1089 Pagninus

271 1106 350 1178 gitur
371 1103 560 1170 antecedens,
577 1105 650 1174 puta
669 1117 705 1156 ex
728 1099 933 1156 benedictione
956 1100 1002 1155 Dei
1018 1099 1062 1153 in·
1106 1101 1206 1158 etalii.
1221 1102 1324 1173 lupbct
1339 1115 1409 1170 crgo
1423 1114 1483 1154 non
1497 1103 1557 1156 tam
1568 1102 1724 1156 venustum
1745 1117 1836 1174 quam
1851 1101 1894 1160 di·
1915 1104 2001 1174 captae

272 1187 411 1260 telligitur
423 1187 489 1258 ipsa
502 1184 667 1242 benedictio
681 1185 746 1240 Sem
754 1201 762 1252 ;
778 1183 858 1238 bisce
871 1182 951 1238 enim
963 1180 1061 1237 verbis
1105 1181 1227 1240 letatum
1237 1183 1390 1254 significat.
1404 1185 1519 1238 Frustra
1527 1197 1597 1252 ergo
1607 1197 1638 1238 se
1647 1187 1784 1254 torquent
1794 1186 1893 1254 Graeci,
1907 1175 1963 1270 ⁸¹¹⁸,
1977 1167 2013 1211 '²'

152 1279 258 1328 moero·
271 1276 344 1342 Noe,
359 1271 402 1328 uti
415 1269 506 1326 Cbam
524 1267 689 1337 maledicit,
703 1267 743 1324 ita
765 1265 911 1322 benedicit
925 1280 985 1322 non
999 1269 1063 1320 tan·
1106 1265 1158 1339 qul
1173 1265 1276 1338 taphet
1295 1280 1403 1323 nomeu
1426 1264 1578 1320 Hebraeum
1595 1260 1744 1322 deducunt
1757 1281 1776 1322 a
1795 1269 1892 1324 Graeco
1906 1237 2013 1332 ιᾱῗῗηῃῖὶι

152 1343 192 1450 ᾖ
219 1343 335 1448 {istum
356 1357 464 1422 iteum,
486 1351 539 1408 sed
561 1349 648 1408 etiam
671 1352 736 1406 sem
763 1353 791 1405 et
812 1349 925 1420 taphet.
953 1348 1061 1403 Sensus
1107 1349 1206 1417 tesan,
1219 1347 1304 1404 idest
1326 1345 1439 1416 ledere,
1454 1349 1504 1403 eut
1519 1346 1558 1402 ab
1573 1349 1659 1410 testas,
1674 1345 1705 1404 id
1720 1351 1763 1404 est
1780 1351 1891 1420 mederi,
1906 1345 1964 1448 Ἕω
1979 1347 2012 1391 ‹u-

152 1465 178 1512 ῃ
193 1409 259 1512 ”gnrmt
270 1455 342 1511 ergo
355 1443 413 1508 est,
427 1453 455 1510 q.
470 1435 499 1492 d.
516 1439 590 1492 Deus
602 1436 683 1491 tanta
704 1433 908 1488 benedictione
923 1435 951 1486 et
964 1429 1061 1502 eopia,
1106 1435 1157 1486 aut
1179 1429 1218 1486 ab
1231 1433 1304 1483 aare
1315 1430 1355 1482 aet
1378 1433 1500 1498 sesama,
1514 1426 1546 1485 id
1559 1433 1601 1486 est
1614 1432 1734 1486 emr'ttere
1747 1437 1773 1486 et
1787 1436 1891 1504 votare,
1936 1407 2002 1449 '⁸²⁰²

271 1527 335 1582 tum
349 1521 485 1592 frugum,
499 1523 564 1576 tum
576 1515 743 1590 sapientie,
756 1514 887 1588 pictatis,
901 1513 1061 1584 religionis,
1106 1529 1133 1584 q.
1146 1513 1175 1567 d.
1192 1511 1308 1569 Emittat
1330 1515 1418 1582 Deus,
1432 1514 1461 1568 et
1483 1511 1583 1568 volare
1608 1509 1695 1568 iaciat
1716 1514 1818 1586 taphet
1839 1532 1893 1589 per

272 1605 372 1680 gratim
384 1608 413 1661 et
425 1602 521 1662 cultus
537 1600 584 1658 uei
603 1598 734 1656 cumulet
756 1599 838 1666 Sem,
854 1597 977 1668 ejusque
993 1609 1062 1668 pos·
1105 1593 1289 1652 latitudinem
1312 1599 1404 1651 terrae.
1427 1597 1491 1651 tam
1514 1609 1617 1650 sensus
1639 1597 1696 1664 est,
1709 1613 1737 1667 q.
1749 1597 1778 1654 d.
1791 1599 1895 1672 lapbet

271 1692 368 1759 teres,
380 1692 414 1746 ut
429 1684 565 1760 quisquis
577 1697 628 1739 eos
650 1679 770 1749 viderit,
793 1679 948 1736 benedicat
971 1681 1068 1738 iteum,
1105 1678 1259 1750 posteritas
1272 1677 1372 1734 dilatet
1384 1691 1432 1747 se,
1450 1678 1545 1750 sitque
1563 1675 1705 1751 plurima,
1719 1677 1759 1736 ita
1771 1684 1804 1737 ut
1818 1681 1894 1739 latis

271 1771 304 1830 in
316 1774 382 1831 sem
394 1785 524 1842 suosque
536 1769 596 1823 tam
611 1764 762 1821 liberalem
770 1803 780 1832 ,
795 1761 931 1834 dicatque
948 1779 955 1817 :
973 1764 1062 1817 liene·
1106 1759 1195 1816 sirrras
1208 1762 1236 1817 ct
1249 1759 1446 1833 amplissimas
1467 1765 1590 1832 occupet
1608 1760 1757 1832 regiones,
1772 1763 1846 1821 adeo
1862 1769 1895 1822 ut

272 1855 368 1916 dictus
381 1853 418 1910 eit
433 1854 522 1918 licus,
535 1849 588 1922 qui
610 1861 726 1918 semper
739 1849 782 1901 est
796 1847 870 1900 Deus
876 1883 886 1912 ,
902 1843 1060 1912 lierninus,
1106 1841 1253 1900 dillundat
1261 1845 1328 1900 sein
1339 1846 1445 1900 sortem
1454 1847 1482 1900 et
1490 1842 1700 1900 habitationem
1709 1850 1894 1917 posterorum

270 1942 355 2012 pater
367 1933 549 2009 acproeisor
562 1933 628 1988 scm
650 1931 773 2000 ejusque
794 1933 996 1999 posterorum,
1008 1925 1061 1998 qui
1105 1927 1182 1983 Sem.
1197 1925 1230 1983 ld
1251 1927 1291 1982 ita
1310 1927 1464 1998 contigisse
1486 1930 1565 1999 patet
1585 1942 1621 1982 es
1636 1942 1701 1999 cap.
1723 1942 1798 2000 seq,
1816 1935 1895 1990 etex

271 2035 388 2094 semper
401 2019 461 2075 suis
484 2013 632 2072 beneflciis
657 2011 799 2079 ostendit,
822 2010 905 2082 qarod
920 2008 957 2065 sit
971 2012 1061 2080 treus,
1105 2009 1133 2065 8.
1148 2007 1324 2082 llieronymo
1335 2008 1382 2065 bic
1401 2009 1430 2065 ln
1452 2009 1551 2076 eroest.
1567 2009 1651 2076 aeae,
1665 2015 1752 2084 atque
1766 2028 1803 2068 ex
1816 2017 1894 2072 tose-

161 2117 165 2128 ·
271 2107 352 2162 tutor
365 2107 393 2158 et
406 2103 524 2157 curator
537 2099 602 2153 Sem
616 2097 644 2152 et
657 2109 791 2150 suorum.
808 2098 847 2150 ltu
866 2093 1061 2165 lipomanus,
1106 2091 1167 2164 piro
1183 2091 1235 2148 lib.
1251 2093 1259 2146 l
1274 2094 1369 2162 Antio.
1385 2105 1423 2147 vr.
1439 2093 1479 2146 Ex
1498 2091 1608 2164 quibus
1622 2097 1735 2149 constat
1759 2101 1893 2166 posteros

270 2185 424 2255 Gujetanua
446 2185 474 2238 et
496 2179 556 2235 alii.
581 2179 644 2234 llaec
666 2175 832 2234 benedictio
854 2175 1001 2249 completa
1019 2179 1062 2232 est
1105 2175 1208 2245 laplrrt
1222 2189 1379 2246 occupasse
1395 2177 1556 2246 Europam,
1571 2177 1599 2231 et
1615 2181 1725 2247 partem
1741 2177 1812 2232 aste
1826 2179 1894 2252 Sep-

270 2268 302 2328 ia
315 2265 437 2332 ludaeis,
452 2263 504 2336 qui
519 2261 575 2318 orti
588 2265 657 2316 sunt
670 2275 705 2316 cs
728 2261 804 2315 Sem.
832 2260 910 2316 ltlsee
932 2259 980 2314 bic
993 2273 1061 2314 curn
1105 2256 1308 2312 tentrionalern
1323 2255 1362 2312 ad
1373 2257 1514 2313 occasum
1528 2263 1712 2328 vergentem,
1726 2275 1744 2314 a
1756 2263 1851 2316 lauro
1866 2266 1894 2319 et
1932 2252 1981 2322 ⁸5¹³

269 2353 347 2419 Noe,
362 2347 514 2406 adomnia
531 2344 610 2400 bona
624 2347 653 2399 ct
668 2342 777 2411 inuste,
790 2354 944 2413 erumpere
957 2340 989 2405 iu
999 2339 1062 2396 luu-
1106 2346 1218 2396 Amano
1232 2345 1331 2396 monte
1349 2341 1497 2414 usquead
1522 2342 1654 2411 l'unairn3
1678 2347 1810 2414 posteros
1823 2361 1892 2402 uero
1915 2315 2001 2418 ⁸0⁸ss}

272 2437 341 2494 deur
355 2439 383 2490 et
396 2429 628 2488 benedictionem
644 2427 701 2482 bct.
1106 2421 1195 2478 Cbam
1210 2437 1369 2494 occupasse
1384 2428 1495 2494 partem
1522 2423 1737 2481 tier-idionalem
1752 2425 1838 2494 asiae,
1853 2428 1892 2485 ab
1906 2436 2009 2489 elasam,

68 2521 72 2529 “
165 2529 247 2580 nmen
308 2507 1060 2583 tloruliter,rectenotott'ererins,licetestoetic.tn,
1105 2498 2001 2582 arnanoetTauro,scilicetalleg-ptum,otpertum¹²1³het

153 2589 504 2660 1’θΜΨΟῚιονοιηὴοηιιιι
520 2599 576 2650 ttae
596 2589 727 2664 promitti
747 2587 815 2644 filiis
833 2587 934 2656 bonis,
947 2589 999 2660 qai
1011 2603 1062 2660 pa·
1105 2587 1411 2660 eramusmaerore
1432 2585 1573 2656 alricum
1589 2595 1721 2662 posteros
1734 2607 1804 2648 vero
1827 2595 1891 2651 Sem
1906 2559 2012 2676 ξὲζξζῗ

153 2653 218 2761 {1⁰:¹¹¹
237 2653 260 2746 αἶ
272 2691 368 2744 rentes
382 2684 539 2739 honorent.
560 2679 681 2732 Pramum
694 2676 752 2739 est,
772 2687 859 2744 opes,
872 2675 935 2728 tum
948 2677 1062 2743 tempo·
1106 2683 1263 2743 occupasse
1279 2671 1350 2726 asim
1364 2675 1477 2743 partam
1492 2671 1734 2743 Orientalcm,'ab
1749 2675 1893 2748 Euphrate
1938 2677 1981 2722 m.

173 2726 251 2821 ticeps·
274 2770 365 2835 rates,
380 2771 442 2823 tum
463 2757 627 2834 spirituales
642 2773 650 2812 ε
667 2773 681 2807 c
696 2756 786 2822 Sicut,
801 2754 855 2822 ait,
875 2755 929 2827 qui
946 2755 1060 2811 tbcsau⁴
1105 2755 1253 2826 usquead
1268 2755 1398 2810 indicum
1412 2755 1576 2811 Oceanum:
1590 2757 1657 2812 vide
1675 2757 1771 2814 ariam
1785 2763 1892 2818 aronta-

153 2831 260 2904 bonam-
273 2854 357 2922 rizot,
372 2851 410 2906 itu
424 2845 474 2920 qut
488 2839 661 2900 lrouorisrcet
683 2841 805 2894 matrem
827 2851 921 2892 saturn.
937 2855 951 2887 a
965 2837 1062 2894 Sema-
1105 2852 1178 2892 num
1190 2837 1220 2892 in
1234 2852 1288 2892 suo
1303 2838 1461 2908 Apparatu,
1476 2837 1508 2893 ln
1526 2837 1648 2910 l'haleg,
1661 2839 1720 2896 sire
1734 2839 1772 2897 de
1789 2841 1892 2898 Primis

172 2896 241 2940 m
274 2937 355 3004 derra,
369 2929 451 3006 quud
466 2926 529 2984 talis
551 2922 629 2978 lilius
648 2920 718 2976 lctis
742 2920 796 2975 erit
816 2919 848 2977 in
871 2919 932 2976 suis
953 2921 1061 2992 pariter
1105 2919 1234 2989 gentium
1246 2920 1419 2990 originibus.

274 3019 343 3078 litiis
365 3031 372 3072 r
399 3007 485 3078 sorti
509 3006 635 3064 bonorat
656 3007 785 3075 patrem,
800 3004 1012 3075 jucundabitur
1029 3006 1061 3063 in
1140 3001 1317 3071 allegorice,
1339 3005 1367 3059 ct
1389 3003 1535 3076 precipue
1559 3005 1750 3077 prophetatur
1769 3003 1816 3063 bic
1844 3009 1893 3066 Ec·
1912 3003 2002 3073 eropus-

273 3099 350 3158 uitta.
363 3115 377 3152 a
391 3094 523 3153 Tertiraa,
533 3087 616 3160 quod
631 3102 731 3158 preces
744 3088 806 3154 ejus
820 3088 956 3143 exaudiet
968 3091 1060 3146 lteusr
1105 3085 1193 3142 clesiu
1206 3085 1339 3142 Gentium
1352 3085 1520 3156 dilatanda,
1534 3088 1730 3145 coadunanda
1741 3089 1848 3145 ludaeis
1863 3092 1891 3146 in
1906 3063 2013 3169 ¹225&

275 3197 291 3236 e
313 3181 342 3238 la
363 3175 411 3238 die
433 3171 572 3228 orationis
592 3183 653 3226 sure
672 3169 855 3225 exaudietur.
871 3189 885 3220 s
909 3170 1059 3238 erartum,
1105 3167 1218 3225 Christo
1227 3171 1255 3224 et
1269 3169 1502 3238 Christianism03
1518 3185 1588 3228 nam
1601 3173 1746 3244 extupbet
1760 3173 1815 3228 orti
1825 3181 1893 3230 sunt
1905 3183 2012 3230 &aarum

273 3259 355 3338 ettad
371 3257 522 3326 longaevus
532 3252 586 3309 erit
602 3269 609 3307 ι
623 3271 638 3304 a
651 3253 705 3319 Qui
720 3252 846 3308 honorat
860 3259 988 3324 patrem,
1001 3243 1062 3312 vita
1105 3251 1244 3320 Gentilem
1257 3267 1293 3310 ex
1303 3255 1369 3310 Seru
1381 3269 1450 3309 vero
1462 3254 1518 3310 orti
1532 3259 1600 3312 sunt
1609 3255 1700 3311 ludaei
1714 3259 1742 3312 et
1752 3255 1891 3326 Christus,
1906 3246 1938 3291 Μ
1955 3250 2011 3292 enta

1907 3381 1932 3414 01

2122 3023 2127 3096 l

271 3339 528 3410 strattongroro.»
541 3335 780 3408 variarumquod
795 3335 928 3391 stabilem
942 3336 1062 3394 babebit
1106 3335 1158 3408 qui
1182 3335 1270 3406 primi
1293 3335 1462 3392 babuerunt
1482 3335 1529 3393 ltci
1551 3336 1709 3409 templum,
1732 3337 1845 3395 cultum
1866 3314 2013 3416 ct⁰s¹²⁸¹ffi
2125 3417 2126 3422 η

272 3423 414 3486 inutilium
440 3423 469 3478 et
494 3418 718 3491 posteritatem:
739 3437 756 3471 s
779 3417 943 3474 Benedictio
971 3419 1061 3490 patrie
1106 3417 1278 3488 Ecclesiam,
1301 3417 1332 3474 in
1349 3433 1441 3491 quum
1468 3419 1574 3477 deinde
1598 3419 1721 3478 Gentiles
1748 3423 1895 3482 transtulit
1929 3435 1989 3492 phar.

272 3506 371 3568 firmet
384 3507 491 3564 domos
509 3501 650 3560 fitiorum.
664 3519 679 3554 e
693 3497 822 3566 Sectam,
837 3503 921 3574 quod
933 3501 1061 3574 eritglo-
1105 3501 1250 3570 Christus,
1270 3515 1308 3558 ex
1329 3501 1461 3574 utrisque
1482 3500 1590 3558 iaciens
1608 3519 1698 3561 unam
1722 3503 1894 3578 Ecclesiam,

272 3591 391 3654 ribaus:
412 3607 427 3640 s
447 3589 488 3643 Ex
509 3586 622 3642 honore
647 3585 739 3656 putris
762 3584 856 3654 gloria
877 3583 945 3654 lilii;
960 3604 975 3638 a
1000 3585 1061 3641 sire
1105 3587 1227 3659 ejusque
1239 3583 1463 3658 amplitudinem
1478 3591 1506 3642 et
1518 3591 1606 3659 caput
1618 3603 1655 3643 ex
1669 3588 1749 3658 Sem,
1763 3588 1795 3644 id
1809 3594 1894 3647 estex

272 3672 344 3748 quia
355 3673 439 3744 pater
450 3669 612 3726 honoratus
625 3665 721 3722 reddit
733 3665 811 3721 filies
825 3665 985 3736 gloriosos,
1001 3668 1063 3725 sire
1105 3667 1264 3724 ierusalem
1283 3672 1312 3724 et
1331 3669 1456 3738 tudaeis,
1477 3667 1508 3724 in
1525 3670 1642 3741 taphet,
1657 3668 1689 3726 id
1707 3673 1751 3727 est
1770 3673 1894 3730 Romam

272 3755 356 3830 quod
368 3753 447 3810 filius
463 3751 613 3806 honorans
629 3752 741 3819 putrem
763 3753 915 3819 comparat
928 3749 984 3803 eibi
998 3747 1062 3820 glo·
1105 3751 1145 3808 ad
1158 3749 1282 3808 Gentiles
1303 3751 1459 3807 transtulit.
1473 3754 1514 3808 lte
1531 3753 1559 3809 S.
1582 3753 1791 3826 Hieronymus,
1806 3755 1894 3829 Chry·

271 3835 347 3897 rium
369 3834 449 3908 apud
468 3847 581 3889 omnes.
601 3831 765 3901 Septimum,
779 3831 862 3903 quod
878 3831 908 3886 in
926 3835 1062 3903 tempore
1106 3839 1264 3899 sostomus,
1274 3833 1343 3888 dom.
1351 3835 1432 3899 litet
1442 3836 1597 3906 Repertus,
1607 3834 1660 3890 lib.
1673 3837 1715 3904 tv,
1724 3851 1894 3908 cap.xaxrx;

271 3915 468 3980 bibuletionis
482 3915 521 3972 ab
536 3929 571 3972 ee
584 3913 757 3970 liberabitur
771 3929 790 3969 a
804 3916 862 3969 [teo
878 3931 885 3970 :
903 3933 917 3966 a
932 3914 1061 3971 Eleemo·
1106 3915 1186 3972 unde
1198 3931 1235 3971 ex
1248 3912 1368 3971 ltebraeo
1380 3916 1421 3973 sic
1433 3915 1567 3990 apposite
1579 3922 1688 3985 vertas,
1698 3921 1839 3991 petraeae,
1848 3923 1895 3980 rol

272 4015 347 4075 syna
369 3998 461 4071 patris
473 4013 536 4055 non
557 3998 611 4054 erit
626 3997 656 4053 in
678 3996 844 4064 oblivione,
859 3999 888 4052 et
901 3997 931 4052 iu
952 3997 999 4053 die
1013 3997 1062 4054 tri·
1105 3997 1267 4071 persuadeat
1282 4001 1351 4053 deas
1363 3998 1474 4069 tuptreto
1491 3997 1646 4070 (Gentibus
1661 4009 1698 4056 ex
1723 4003 1826 4075 taphet
1839 4003 1896 4061 ori·

271 4081 431 4144 bulotionis
445 4096 560 4138 memor
574 4079 628 4136 erit
641 4079 693 4134 tui.
710 4096 725 4131 c
743 4079 883 4144 Octavum,
898 4079 982 4151 qrrod
995 4095 1061 4152 pee-
1106 4081 1208 4150 undis)
1218 4085 1250 4135 ut
1264 4081 1409 4136 habitetis
1427 4081 1606 4138 tabernacutis
1626 4082 1788 4157 Sem,puta
1801 4087 1832 4144 in
1845 4091 1895 4144 Ec·

272 4169 336 4227 eata
348 4165 376 4221 ei
388 4164 570 4220 remittentur
585 4179 592 4218 c
608 4183 622 4215 a
635 4163 713 4218 Sicut
726 4162 756 4216 in
768 4174 872 4217 sereno
886 4161 1008 4232 glacies,
1023 4163 1063 4220 ita
1106 4163 1193 4219 elesia
1207 4162 1325 4231 Christi,
1340 4162 1392 4234 qui
1405 4179 1441 4219 ex
1451 4163 1558 4219 ludaeis
1570 4168 1598 4220 ct
1610 4167 1675 4222 Sem
1687 4171 1730 4222 est
1740 4169 1895 4226 oriundus.

272 4248 423 4305 solventur
436 4251 554 4318 peccata
570 4251 629 4301 tua.
645 4266 658 4296 a
674 4247 796 4312 Nonum,
810 4245 895 4316 quod
907 4261 926 4300 a
941 4246 997 4302 lieo
1012 4245 1063 4302 be*
1108 4247 1154 4300 Est
1168 4244 1214 4300 hic
1229 4260 1299 4314 crgo
1320 4243 1473 4317 prophetia
1494 4245 1572 4302 clara
1596 4245 1632 4303 de
1657 4250 1812 4306 vocatione
1825 4253 1897 4310 Geu-

271 4329 432 4396 nedicetur,
445 4329 531 4384 idest
551 4329 632 4384 omni
652 4328 802 4383 bonorum
822 4328 908 4399 eopia
930 4329 1063 4386 cunrado·
1106 4327 1179 4382 tium
1203 4327 1241 4382 ad
1264 4327 1419 4384 christum.
1444 4327 1596 4385 llrbneum
1621 4329 1700 4387 eninr
1721 4339 1787 4396 nnn
1812 4342 1895 4408 pato,

271 4409 374 4471 bitur:
392 4428 407 4464 c
429 4411 564 4476 tlonora,
585 4409 696 4479 inquit,
720 4413 833 4480 patrem
851 4413 952 4478 tuum,
969 4414 1000 4466 ut
1014 4427 1064 4468 su-
1105 4408 1225 4482 proprie
1237 4409 1381 4478 significat
1395 4410 1524 4481 allicere,
1540 4413 1684 4485 blandiri,
1708 4419 1894 4488 persuadere.

271 4493 422 4568 perveniat
446 4491 497 4548 tibi
522 4490 687 4546 benedictio
707 4507 726 4546 a
752 4493 825 4559 ltcc,
845 4495 875 4546 et
895 4489 1062 4551 benedictio
1142 4493 1181 4548 Er
1202 4507 1319 4547 rraurrsr
1335 4508 1361 4547 m
1383 4509 1589 4552 raesnareums
1609 4499 1725 4553 Sma—
1738 4500 1850 4572 Aliqui,
1866 4506 1898 4559 ut

272 4575 351 4634 illius
364 4574 395 4630 in
411 4573 570 4630 novissimo
585 4576 739 4627 aaronem.»
1105 4575 1318 4643 theodoretus,
1340 4577 1484 4647 tyranus,
1508 4577 1676 4648 abulensis,
1700 4581 1747 4636 bic
1763 4590 1898 4655 repetunt

153 4663 258 4720 teser.
307 4660 352 4716 bl.
369 4661 490 4714 bremam
504 4657 577 4712 urus
590 4659 704 4711 tarnsr.
718 4683 754 4698 -
764 4658 794 4711 ln
807 4655 926 4714 hebraeo
937 4659 1063 4731 pulchra
1106 4672 1234 4724 nomen,
1249 4659 1430 4729 astrapaea,
1447 4661 1498 4714 sed
1514 4663 1594 4725 lteris,
1607 4679 1633 4732 q.
1654 4661 1682 4718 d.
1698 4666 1771 4720 ltcus
1787 4665 1898 4724 habitet

272 4743 316 4802 est
339 4740 445 4798 allusio
471 4753 507 4796 cx
530 4743 629 4810 etymo
655 4738 789 4794 nominis
806 4741 924 4812 taphet,
954 4744 1062 4800 scilieet
1105 4739 1136 4796 in
1151 4738 1346 4796 tabernaculis
1367 4743 1448 4811 Sem;
1463 4743 1502 4799 ita
1525 4743 1633 4799 lactum
1657 4751 1700 4801 cst
1716 4764 1723 4802 ε
1739 4763 1807 4804 nam
1823 4751 1898 4809 intur

1105 4824 1242 4892 Semitas,
1263 4829 1335 4896 puta
1354 4826 1487 4895 ludaeos,
1507 4827 1647 4884 habitavit
1664 4833 1737 4886 ltcus
1755 4833 1785 4888 in
1803 4833 1900 4892 taber·

270 4896 345 4954 tionis
366 4895 434 4949 cont.
457 4895 627 4958 mnormant,
652 4895 822 4948 Introduction
845 4898 862 4948 ὰ
883 4898 1008 4952 clauom
1029 4901 1063 4953 cle
1105 4906 1212 4962 noculo
1232 4913 1260 4963 et
1276 4907 1396 4981 templo.
1423 4909 1548 4966 Rursum
1564 4925 1599 4968 cx
1617 4913 1729 4970 Sentitis
1748 4922 1834 4974 nattis
1856 4922 1900 4976 cst

270 4967 348 5020 ΓΜ
359 4966 585 5062 widinfflsspag·
599 4970 654 5059 ω’
665 4969 709 5014 ‘²²⁰
722 4972 924 5060 Q'J‘W‘m’ss
935 4970 1060 5052 Miigffins
1105 4990 1234 5047 cbristus
1249 4991 1323 5047 licus
1339 5009 1345 5047 :
1360 5009 1395 5049 ex
1410 4991 1444 5048 iis¹
1458 4993 1537 5048 eninr
1552 4995 1680 5052 Verbum
1698 5015 1766 5056 caro
1788 4999 1899 5060 lactum

270 5033 1059 5103 opcltpag.ettseq.Forsanetlauruscemalertrctlonrsquast
1282 5074 1286 5083 -
1342 5075 1347 5086 ·
1377 5075 1383 5086 -
1485 5075 1490 5087 ·
1637 5083 1647 5098 ,
1863 5085 1868 5097 .

269 5111 343 5159 enm
356 5105 501 5157 admonitus
514 5105 646 5169 limitabat,
656 5113 757 5169 recepto
771 5105 914 5159 Asdrubalis
924 5109 1009 5159 taetris
1018 5122 1059 5160 ce·
1104 5077 1162 5143 ⁶⁵¹⁰
1176 5077 1205 5130 et
1217 5073 1362 5131 hamma
1375 5091 1405 5131 ¹⁰
1421 5074 1517 5132 ΜΒ·
1534 5078 1614 5136 unde
1627 5080 1783 5140 mmmm
1796 5089 1898 5156 verm>

269 5175 323 5240 912,
340 5175 487 5226 ,Romanas
502 5181 635 5238 truncato,
646 5174 797 5228 aalma,
809 5175 892 5228 rmus
902 5191 909 5229 ς
921 5193 937 5226 «
946 5179 1060 5243 pm„
1104 5161 1131 5214 et
1144 5156 1246 5213 lectitet
1259 5157 1394 5214 ctr'utattes
1407 5161 1437 5214 ta
1450 5159 1708 5221 teberrracuttasem.
1725 5166 1898 5228 Chaldaeum
1961 5165 2018 5228 osta

269 5243 400 5299 loctunam
414 5241 617 5309 meamet·
1104 5240 1183 5307 mim
1203 5247 1299 5306 aaran
1315 5243 1423 5312 tectim
1442 5241 1588 5338 siguificat
1600 5250 1749 5326 requiem,
1763 5265 1827 5329 quo
1843 5271 1897 5315 no·
1922 5235 2019 5294 esna„
