4118 6042
280 251 333 308 376
378 249 381 262 '
779 237 1020 298 cottttett'ttntl
1038 237 1071 292 tn
1090 235 1242 303 EXODUM,
1260 249 1322 292 etr.
1342 235 1409 292 xvt.

282 353 413 426 suntad
427 373 614 422 mensuram
628 369 743 439 gomor
759 372 768 413 ε
789 369 849 413 neo
861 346 921 438 qui
934 345 1010 436 plus
1023 343 1214 431 collegerat,
1234 341 1350 409 habuit
1361 339 1505 432 amplius
1520 365 1528 407 :
1547 363 1608 409 nec
1621 341 1682 432 qui
1695 342 1823 410 minus
1836 362 1930 430 para-

281 470 385 544 verat,
400 457 520 550 reperit
533 457 663 542 minus;
679 454 736 522 scd
748 453 977 542 singulijuxta
989 451 1023 519 id
1037 450 1126 542 quod
1139 451 1233 518 edere
1247 455 1407 540 poterant,
1426 456 1724 537 congregaverunt.
1745 448 1807 516 ts.
1826 446 1936 514 Dixit·

281 589 347 658 qne
360 565 489 656 Moyses
500 563 542 632 ad
556 585 611 632 eos
626 586 635 628 :
656 561 779 630 Nullus
792 561 959 650 relinquat
972 579 1012 626 ex
1026 581 1064 625 eo
1077 557 1113 625 io
1128 579 1234 624 mane.
1257 556 1312 624 20.
1333 555 1398 635 Qui
1412 578 1480 623 non
1493 557 1673 624 audierunt
1685 578 1792 639 enm,
1811 553 1876 620 sed
1889 552 1938 620 di·

282 671 443 740 miserunt
462 669 598 762 qnidam
621 691 662 736 ex
683 667 731 735 eis
750 689 855 758 usque
876 688 987 750 mene,
1010 671 1043 730 et
1063 671 1183 732 scatere
1200 663 1297 753 erepit
1314 661 1500 746 vermibus,
1523 669 1623 752 atque
1641 661 1887 746 computruit,
1909 667 1939 724 et

281 765 386 846 iratus
398 784 446 846 est
459 783 573 844 contra
586 797 640 844 eos
653 773 792 864 Moyses.
809 773 863 840 11.
880 771 1205 860 Colligebantautem
1220 789 1316 836 mane
1327 767 1467 854 singuli,
1482 777 1646 859 quantum
1661 768 1828 836 sufficere
1844 773 1938 857 pote·

281 894 333 954 rat
345 885 387 954 ad
401 883 598 952 vescendum
612 907 620 948 ε
637 903 779 970 cumque
794 878 981 946 incaluisset
994 878 1059 958 sol,
1076 876 1278 967 liquefiebat.
1294 875 1349 942 22.
1365 875 1405 941 In
1418 874 1471 941 die
1484 885 1594 942 autem
1608 883 1701 942 sexta
1714 876 1941 961 collegerunt

281 991 371 1060 cibos
383 989 549 1082 duplices,
564 987 676 1070 idest,
692 986 758 1052 duo
773 1006 889 1072 gomor
904 1005 961 1074 per
974 984 1123 1070 singulos
1135 983 1285 1050 homines
1301 1006 1308 1046 :
1328 987 1491 1048 venerunt
1504 991 1614 1048 auteur
1629 1003 1749 1049 omnes
1763 978 1942 1071 principes

283 1095 524 1180 multitudinis,
543 1103 575 1161 et
592 1099 812 1161 narraverunt
829 1089 945 1180 Moysi.
968 1089 1022 1158 23.
1042 1089 1107 1169 Qut
1120 1089 1166 1155 ait
1179 1089 1247 1155 eis:
1267 1089 1336 1156 lloc
1354 1097 1402 1154 est
1419 1087 1508 1178 quod
1526 1088 1657 1156 locutus
1669 1097 1721 1155 est
1733 1085 1939 1154 Dominus:

282 1203 426 1295 Requies
439 1201 566 1270 sabbati
578 1189 778 1268 sanctificato
791 1205 840 1264 est
852 1196 994 1264 Domino
1007 1217 1091 1279 eras,
1112 1194 1343 1285 quodcumque
1363 1193 1565 1284 operandum
1579 1203 1644 1278 est,
1664 1187 1788 1277 facite,
1812 1201 1850 1260 et
1863 1213 1940 1282 quae
2021 1257 2022 1262 ,

282 1309 453 1401 coquenda
465 1314 543 1375 sunt
556 1306 705 1398 coquite;
721 1303 883 1394 quidquid
899 1309 1009 1370 autem
1024 1301 1191 1391 reliquum
1204 1302 1319 1385 luerit,
1336 1301 1482 1390 reponite
1496 1324 1600 1392 usque
1614 1301 1650 1368 in
1665 1324 1784 1369 mane.
1805 1301 1868 1367 24.
1883 1299 1943 1366 Fe-
2021 1287 2022 1290 ¹

283 1423 465 1505 noruntque
479 1413 525 1480 ita
537 1422 575 1480 ut
588 1418 784 1503 praeceperat
797 1409 942 1496 Moyses,
958 1417 990 1474 et
1003 1430 1070 1474 non
1084 1409 1303 1506 computruit,
1323 1431 1431 1496 neque
1449 1408 1569 1474 vermis
1583 1407 1747 1476 inventus
1763 1416 1822 1474 est
1836 1407 1878 1473 in
1891 1429 1940 1474 eo.
2021 1399 2022 1408 ³

285 1523 340 1591 25.
360 1521 515 1611 Dixitque
529 1519 680 1608 Moyses:
701 1515 867 1585 Comedite
885 1512 970 1581 illud
989 1513 1103 1597 hodie,
1125 1513 1204 1603 quia
1223 1513 1395 1580 sabbatum
1415 1521 1463 1580 est
1479 1513 1629 1597 Domini,
1649 1536 1719 1581 non
1734 1513 1943 1581 invenietur

285 1628 383 1697 hodie
405 1629 441 1695 in
464 1648 554 1716 agro.
579 1625 634 1692 26.
658 1623 721 1692 Sex
744 1622 860 1689 diebus
881 1620 1045 1708 colligite,
1070 1621 1106 1686 in
1128 1619 1180 1686 die
1202 1628 1312 1686 autern
1337 1619 1474 1707 septimo
1500 1619 1674 1686 sabbatum
1697 1628 1750 1687 est
1774 1619 1941 1704 Domini,

286 1735 406 1803 idcirco
426 1756 494 1801 non
515 1717 971 1816 transmarinasque
992 1727 1130 1816 septima
1149 1725 1238 1809 dies,
1260 1734 1292 1791 et
1311 1725 1430 1812 egressi
1448 1725 1488 1790 de
1505 1727 1629 1816 populo
1651 1734 1689 1792 nt
1706 1727 1941 1814 colligerent,
2020 1807 2021 1816 ἦ

286 1864 354 1910 non
375 1842 586 1909 invenerunt.
609 1837 664 1904 28.
689 1835 779 1902 Dixit
798 1841 906 1901 autern
929 1831 1091 1900 Dominus
1108 1832 1149 1898 ad
1170 1831 1330 1921 Moysen:
1353 1831 1531 1921 Usquequo
1551 1854 1618 1898 non
1638 1832 1746 1900 vultis
1765 1832 1944 1900 custodire
2020 1843 2022 1920 l

287 1947 440 2018 mandata
453 1968 538 2030 mee,
553 1951 585 2010 et
598 1944 705 2030 legem
719 1945 852 2008 meam?
868 1939 1043 2008 revinas
1057 1938 1145 2029 quod
1158 1938 1321 2004 Dominus
1335 1936 1460 2004 dederit
1473 1937 1566 2005 vobis
1579 1939 1773 2024 sabbatum,
1790 1947 1830 2008 et
1844 1962 1944 2031 prop
2020 1939 2022 1998 l

287 2065 337 2122 ter
356 2053 418 2121 hoe
438 2052 490 2120 die
511 2058 601 2118 sexta
623 2047 739 2115 tribuit
762 2046 856 2115 vobis
878 2046 966 2113 cibos
986 2045 1131 2135 duplices
1153 2069 1159 2110 :
1186 2050 1316 2110 maneat
1336 2043 1564 2133 unusquisque
1583 2044 1672 2134 apud
1691 2045 1941 2135 semetipsum,

287 2159 402 2228 nullus
415 2157 602 2246 egrediatur
614 2155 653 2222 de
667 2155 739 2221 loeo
752 2175 812 2221 suo
825 2152 878 2220 die
891 2153 1040 2243 septimo.
1058 2151 1112 2220 30.
1129 2151 1169 2217 Et
1178 2149 1390 2217 sabbatizavit
1404 2148 1545 2240 populus
1558 2150 1611 2217 die
1621 2152 1779 2242 septimo.
1798 2151 1863 2220 31.
1877 2154 1944 2243 Ap

287 2265 489 2357 pellavitque
502 2262 621 2330 domus
634 2259 734 2328 lsrael
748 2281 868 2326 nomen
883 2259 954 2348 ejus
967 2259 1044 2326 Mau
1061 2283 1070 2325 ε
1092 2258 1181 2349 quod
1199 2265 1268 2324 erat
1281 2257 1376 2346 quasi
1389 2277 1500 2324 semen
1517 2258 1681 2325 coriandri
1695 2258 1843 2342 album,
1866 2282 1944 2348 gus-

288 2379 408 2462 tusque
421 2369 493 2458 ejus
508 2367 603 2458 quasi
616 2365 734 2433 similae
746 2388 823 2432 cum
838 2364 946 2432 melle.
963 2364 1017 2433 32.
1034 2363 1124 2430 Dixit
1137 2372 1247 2431 autem
1261 2363 1388 2453 Moyses
1405 2388 1412 2430 :
1432 2362 1496 2432 Iste
1509 2373 1557 2431 est
1570 2387 1677 2432 sermo
1691 2389 1802 2456 quern
1817 2388 1943 2456 praece·
2020 2321 2022 2396 l

287 2478 337 2568 pit
351 2475 532 2544 Dominus:
549 2472 653 2562 Imple
666 2494 783 2560 gomor
795 2495 836 2538 ex
846 2494 884 2538 eo
892 2523 901 2556 ,
917 2481 949 2538 et
961 2470 1165 2538 custodiatur
1177 2471 1213 2537 in
1226 2471 1355 2538 futuras
1365 2479 1451 2537 retro
1461 2472 1686 2558 generationes
1699 2523 1708 2556 ,
1723 2481 1768 2539 ut
1778 2472 1944 2542 noverint
2020 2463 2022 2550 l

289 2603 426 2673 panem,
448 2602 516 2670 quo
535 2579 604 2646 alui
624 2600 684 2646 vos
703 2578 740 2644 in
759 2577 952 2662 solitudine,
975 2575 1108 2667 quando
1128 2576 1237 2642 educti
1257 2575 1334 2644 estis
1353 2574 1394 2643 de
1414 2583 1502 2643 terra
1519 2577 1669 2668 AEgypti.
1692 2577 1752 2646 33.
1773 2578 1941 2670 Dixitque
2020 2573 2022 2632 ἶ

289 2687 418 2778 Moyses
428 2685 469 2753 ad
479 2687 590 2753 Aaron
604 2708 612 2750 ι
628 2683 730 2751 Sume
744 2706 801 2751 vas
814 2706 933 2767 unum,
948 2691 981 2750 et
994 2683 1087 2749 mitte
1100 2682 1147 2749 ibi
1161 2683 1251 2767 blan,
1266 2691 1430 2772 quantum
1442 2691 1546 2772 potest
1559 2705 1673 2774 capere
1684 2705 1831 2772 gomor;
1844 2693 1881 2753 et
1890 2707 1942 2754 re·

157 2793 170 2806 “
200 2841 205 2846 -
289 2816 374 2884 pone
387 2814 496 2860 eoram
509 2790 666 2871 Domino,
687 2789 728 2857 ad
746 2789 944 2856 servandum
963 2790 999 2856 in
1016 2790 1243 2876 generationes
1259 2798 1397 2874 vestras,
1416 2789 1470 2857 31.
1493 2789 1576 2857 sieut
1594 2790 1752 2881 praecepit
1768 2791 1941 2860 Dominus

289 2899 407 2990 Moysi.
424 2897 604 2988 Posuitqne
618 2895 703 2964 illud
717 2897 829 2964 Aaron
843 2895 878 2962 in
894 2896 1104 2962 tabernaculo
1118 2895 1363 2965 reservandum.
1380 2897 1435 2964 35.
1450 2895 1529 2963 Filii
1541 2906 1651 2964 autem
1664 2897 1771 2965 Israel
1784 2899 1939 2966 comede-

291 3012 371 3072 runt
386 3004 464 3072 Man
482 3003 702 3094 quadraginta
720 3003 833 3085 aunis,
854 3001 957 3069 donee
974 3001 1126 3070 venirent
1142 3003 1177 3068 in
1196 3010 1317 3070 terram
1335 3001 1570 3070 habitabilem:
1592 3002 1654 3070 hoe
1671 3003 1749 3072 cibo
1768 3004 1850 3072 aliti
1862 3013 1937 3074 sunt

290 3133 464 3204 usquequo
478 3116 651 3198 tangerent
664 3107 746 3174 fines
760 3116 856 3176 terrae
869 3106 1036 3175 Chanaan.
1053 3107 1107 3176 36.
1124 3109 1247 3178 Gomon
1260 3117 1371 3176 antem
1384 3109 1511 3176 decima
1524 3131 1599 3200 pars
1611 3117 1660 3178 est
1672 3109 1767 3200 ephi.
2021 3097 2022 3172 l

259 3334 265 3347 ·
328 3297 1088 3355 1.111110111111111111011110111111111.1111-
1132 3312 1178 3352 ses
1194 3294 1328 3364 lunares3
1345 3294 1456 3352 lunaris
1469 3297 1567 3352 antem
1586 3295 1695 3352 mensis
1709 3296 1808 3354 habet
1824 3299 1934 3357 araas

292 3397 401 3440 serron
414 3383 471 3438 Sin.
482 3383 569 3436 -Est
582 3380 645 3435 hmo
656 3383 759 3435 octava
770 3379 883 3435 mansio
898 3379 1088 3436 llebraeorunr
1132 3395 1201 3435 cum
1216 3379 1340 3434 dimidio
1354 3397 1360 3433 :
1376 3379 1455 3436 uude
1467 3379 1579 3436 Hebraei
1593 3380 1690 3453 primo
1705 3383 1808 3438 mensi
1825 3385 1934 3442 dabant

293 3468 325 3524 in
339 3468 475 3535 desorto;
489 3479 561 3522 nam
575 3463 718 3535 septima,
733 3479 802 3535 qnae
815 3461 870 3518 tuit
883 3462 922 3518 ad
937 3476 1017 3518 mare
1032 3463 1090 3517 ltu-
1132 3464 1167 3518 19
1179 3463 1256 3532 dies;
1267 3462 1398 3518 seeundo
1410 3477 1480 3520 vero
1495 3463 1589 3519 mensi
1602 3463 1716 3521 dabant
1726 3465 1794 3522 dies
1806 3470 1858 3538 ³0,
1869 3469 1934 3542 quia

294 3547 399 3618 brom,
414 3546 523 3604 reflexo
542 3547 581 3602 ad
602 3546 677 3600 illud
691 3545 808 3613 itinere,
823 3549 855 3600 nt
875 3549 954 3618 patet
975 3546 1087 3602 Numer.
1133 3547 1194 3602 duo
1208 3545 1324 3602 dimidii
1338 3547 1418 3615 dics,
1433 3547 1486 3619 qui
1500 3551 1627 3620 utroque
1641 3548 1699 3604 hoc
1714 3565 1824 3608 mense
1839 3568 1932 3609 exerc·

294 3646 395 3700 111111,
406 3631 451 3698 10,
465 3628 513 3684 hie
522 3628 674 3696 omittitur,
685 3628 756 3698 quia
768 3627 841 3682 nihil
850 3628 999 3698 peculiare
1012 3628 1043 3684 in
1055 3644 1089 3684 ea
1133 3633 1254 3700 verant,
1268 3627 1415 3689 faciebant
1428 3645 1522 3684 unum
1538 3630 1631 3699 diem,
1647 3636 1721 3703 puta
1733 3632 1931 3692 tricesimum.

294 3712 425 3784 contigit.
1133 3715 1196 3768 tam
1210 3712 1234 3766 si
1248 3713 1362 3784 primus
1377 3713 1486 3768 mensis
1498 3712 1627 3770 habebat
1639 3717 1675 3771 29
1689 3715 1766 3787 dios3
1782 3733 1859 3790 ergo
1872 3735 1890 3776 a
1902 3722 1932 3776 rs

330 3798 390 3853 1100
407 3795 556 3850 desertum
579 3792 629 3850 Sin
649 3795 692 3848 est
712 3791 787 3849 inter
805 3808 886 3848 mare
906 3792 1038 3850 Rubrum
1061 3797 1090 3850 et
1134 3797 1181 3852 die
1196 3796 1235 3852 ad
1247 3799 1282 3852 ⁶29
1296 3801 1324 3851 ct
1335 3796 1472 3852 ultimum
1484 3800 1598 3853 sunttb
1612 3797 1676 3854 dies
1688 3817 1696 3854 :
1710 3799 1759 3855 his
1776 3803 1861 3859 adde
1875 3803 1932 3859 dies

294 3884 428 3938 montem
452 3877 547 3948 Sinai,
567 3881 669 3950 estque
692 3877 842 3933 diversum
866 3875 1017 3932 adeserto
1041 3878 1090 3934 Sin
1133 3883 1169 3937 11
1190 3880 1298 3936 mensis
1318 3881 1453 3949 secundi,
1472 3882 1591 3953 precise
1614 3884 1771 3954 pervenies
1795 3887 1841 3943 ad
1859 3887 1932 3943 diem

297 3963 395 4037 (qnod
411 3965 440 4018 et
454 3961 546 4018 Gades
561 3960 695 4033 dicitur),
712 3961 749 4018 de
764 3975 826 4032 quo
846 3961 927 4016 Nam.
942 3975 1000 4030 111,
1015 3965 1047 4030 1,
1062 3966 1090 4018 01
1134 3964 1326 4032 tricesimum,
1343 3980 1403 4036 quo
1423 3963 1535 4022 ltebraei
1548 3973 1748 4038 pervenerunt
1763 3969 1797 4025 in
1817 3971 1871 4028 Sin
1885 3973 1932 4026 :et

296 4063 362 4121 cap.
377 4061 475 4116 11111,
490 4061 565 4102 vers.
580 4043 677 4115 3,11)1
691 4049 809 4102 mortua
825 4047 869 4098 est
882 4045 985 4114 ittarta,
1000 4049 1027 4100 et
1041 4063 1090 4118 pe
1135 4049 1285 4121 postridie,
1296 4054 1368 4120 puta
1381 4047 1528 4104 tricesimo
1540 4051 1638 4123 primo
1653 4052 1713 4122 die,
1724 4053 1819 4126 eoepit
1833 4054 1930 4128 pluere

295 4135 342 4188 tra
360 4145 499 4204 pereussa
515 4131 624 4184 altose
640 4128 722 4184 dedit
736 4144 830 4201 aquas
845 4145 851 4182 :
868 4144 938 4184 nam
955 4135 1090 4185 nostruin
1136 4147 1259 4201 nrauna,
1274 4137 1306 4187 nt
1319 4135 1399 4204 patet
1418 4147 1494 4188 vers.
1516 4135 1534 4189 8
1550 4138 1579 4190 et
1595 4135 1641 4190 12.
1663 4137 1706 4192 lta
1723 4137 1894 4195 torniellus
1905 4141 1931 4195 et

296 4215 346 4274 Sin
364 4214 412 4272 hie
432 4229 485 4288 per
508 4213 629 4276 samech,
651 4211 726 4267 illud
744 4227 814 4268 vero
832 4212 863 4266 in
882 4213 1014 4268 ilumeris
1037 4229 1090 4284 per
1135 4215 1293 4287 tosoplrus,
1308 4218 1341 4270 ut
1354 4215 1465 4288 patebit
1477 4231 1554 4273 vers.
1570 4220 1598 4274 2.

296 4299 374 4355 trade
383 4297 520 4355 scribitur
527 4295 579 4365 ;in
588 4293 641 4350 illo
649 4291 862 4366 fuittrigesima
872 4294 1088 4362 tertiamansio,
1170 4301 1198 4354 2.
1217 4301 1256 4353 Er
1271 4312 1454 4355 1111111111
1474 4313 1776 4362 0111110111111110
1797 4283 1995 4364 1111101111·ιι

297 4381 328 4438 in
341 4381 478 4438 hoevero
492 4383 607 4435 octava.
1135 4384 1252 4452 lenaei,
1263 4411 1299 4423 -
1311 4398 1378 4437 cum
1397 4383 1460 4453 J'atn
1480 4382 1576 4442 farina
1594 4385 1734 4458 subacta,
1749 4387 1812 4446 sive
1833 4395 1930 4463 pasta,

333 4462 383 4520 Sin
396 4461 533 4519 hebreice
548 4461 652 4518 odium
666 4465 766 4533 sonat,
780 4467 809 4520 et
822 4463 986 4538 symbolice
1000 4463 1091 4534 signi·
1136 4483 1228 4538 qnam
1249 4481 1285 4521 ex
1307 4468 1432 4538 AEgypto
1452 4467 1595 4538 tulerant,
1614 4469 1767 4543 deficeret3
1782 4473 1840 4531 illa
1859 4473 1932 4531 enim

298 4546 383 4617 fleat,
405 4543 490 4619 quod
511 4559 580 4601 eum
601 4547 693 4601 Deum
717 4551 872 4603 vocantem
894 4547 924 4602 ln
943 4548 1092 4603 desertum
1137 4550 1254 4605 duravit
1267 4549 1307 4606 ad
1320 4549 1439 4619 triginta
1451 4550 1530 4620 dies,
1545 4551 1585 4608 ait
1599 4554 1755 4628 tosephus.

299 4631 462 4709 sequimur,
478 4647 495 4690 e
515 4630 631 4687 mundo
644 4635 798 4702 exeuntes,
812 4633 925 4702 grande
944 4633 1047 4690 odium
1061 4633 1092 4688 in
1172 4635 1199 4688 3.
1215 4633 1323 4688 1111111
1339 4646 1759 4695 101111111111111111111
1774 4623 1997 4712 noum-⁹⁵²

299 4733 354 4775 nos
371 4715 551 4774 concitemus
568 4713 695 4782 inimici,
710 4719 782 4787 puta
796 4714 905 4772 diaboli
924 4719 953 4771 et
968 4717 1094 4772 munda·
1138 4715 1246 4771 scilieet
1260 4720 1353 4771 morte
1372 4716 1393 4772 a'
1408 4717 1532 4774 Domino
1546 4717 1695 4791 irrogata,
1709 4721 1772 4780 sive
1790 4725 1932 4781 naturali·

299 4816 408 4858 norum
419 4799 587 4857 hominum.
599 4800 642 4856 lta
651 4801 678 4854 S.
689 4799 884 4870 Hieronymus
894 4800 931 4853 od
943 4799 1092 4856 Fabiolam.
1138 4804 1192 4868 tor,
1206 4800 1267 4854 sive
1280 4799 1419 4856 violente.

335 4887 445 4954 Qurnro
458 4899 563 4942 urcino
575 4899 622 4942 111
636 4898 744 4951 nensis,
754 4887 871 4956 -puta
883 4883 1031 4952 trigesimo
1047 4887 1094 4942 die
1175 4885 1293 4951 011110
1307 4899 1466 4941 1111111111
1480 4901 1667 4949 1111101111
1681 4906 1818 4948 11111111.
1838 4924 1877 4936 -
1887 4892 1936 4951 Alli

300 4968 339 5028 ab
351 4985 470 5041 egressu
481 4985 518 5026 ex
530 4972 669 5042 AEgypt03
683 4967 792 5038 egressi
807 4966 885 5022 enirn
901 4972 969 5023 sunt
980 4968 1095 5025 decimo
1139 4973 1271 5038 vortunt,
1283 4970 1367 5038 jueta
1377 4971 1445 5025 ollas
1460 4973 1720 5037 carniumsmetins
1734 4981 1839 5032 noster
1854 4979 1936 5032 luter·

301 5053 405 5130 quinto
427 5053 474 5110 die
496 5054 605 5110 mensis
623 5052 713 5125 primi
735 5069 742 5108 ε
762 5050 878 5106 decimo
900 5065 971 5106 vero
990 5053 1094 5124 quinto
1140 5069 1210 5126 pres
1222 5053 1321 5122 vertit,
1336 5068 1417 5124 saper
1429 5055 1507 5110 ollas.
1523 5055 1607 5112 Notat
1624 5057 1672 5114 hio
1685 5059 1838 5132 Scriptura
1855 5077 1938 5131 vora·

302 5137 349 5194 die
371 5135 479 5193 mensis
493 5135 615 5193 secundi
629 5137 696 5208 (qui
714 5135 770 5192 liar
792 5134 916 5204 dieitur,
931 5138 959 5190 et
975 5152 1097 5208 respon-
1141 5153 1206 5194 cem
1223 5135 1384 5207 ingluviem
1398 5153 1503 5194 crassa
1525 5139 1637 5211 plebis,
1657 5143 1757 5214 quod,
1772 5147 1806 5198 ut
1829 5139 1942 5218 pecora
1954 5139 2000 5208 ὃ*

303 5221 351 5279 det
364 5225 467 5277 nostro
478 5220 586 5292 partim
600 5218 697 5292 aprili,
710 5219 818 5292 partim
831 5217 926 5290 maio)
941 5217 973 5275 in
984 5219 1033 5275 Sin
1046 5237 1096 5276 vc-
1141 5220 1251 5292 herbis,
1261 5221 1302 5277 ita
1312 5221 1343 5276 hi
1355 5220 1421 5278 ollis
1430 5221 1644 5282 incumberent.
1655 5227 1771 5287 Intuere
1780 5227 1831 5284 hie
1840 5245 1940 5286 exem·
1952 5209 2003 5310 5

302 5307 419 5362 nerunt.
441 5303 496 5359 Pro
514 5317 575 5376 quo
590 5307 661 5358 nota
670 5344 679 5373 ,
698 5301 837 5359 Hebraeos
856 5301 994 5362 habuisse
1017 5323 1097 5362 oron·
1141 5309 1225 5378 plum
1241 5308 1267 5362 et
1281 5304 1399 5361 schema
1412 5307 1639 5379 apostatantium
1653 5326 1660 5363 τ
1673 5312 1861 5381 primereine
1877 5319 1939 5370 ten·
