4100 6024
490 458 492 472 Ι
706 371 884 432 Ειιιοιιιιιιι
900 371 1021 432 seuam
1038 370 1243 431 mmerunn.
1771 379 1791 435 D

154 493 172 530 ι
183 475 297 548 Priora,
309 475 361 547 ait,
374 489 444 551 qne
456 473 598 550 scripsisti
612 473 645 532 in
653 474 756 549 palam
766 491 857 550 ponc,
871 478 900 534 et
911 476 952 534 lc·
997 477 1137 536 dimrmm
1148 477 1244 548 magis
1263 491 1298 536 ea
1309 475 1421 536 ειιειιιιι
1440 473 1622 548 lacundiam,
1638 478 1725 554 quasi
1738 493 1791 539 na·

151 562 225 632 gent
238 559 323 631 digni
338 563 368 618 et
377 558 494 631 indigni
506 576 514 616 e
528 557 710 618 novissimos
722 563 821 618 autem
834 561 952 634 septua-
995 560 1133 632 nirdam,
1148 561 1296 636 nobisque
1315 562 1504 635 congenitam
1516 563 1754 637 spondebimus?

150 643 236 716 ginta
257 641 465 713 conservabis,
486 647 520 700 ιιι
536 641 637 700 eredes
650 658 703 701 eos
716 643 900 718 sapientibus
913 643 951 702 de
1030 647 1120 706 llulto
1134 647 1216 706 aliter
1230 647 1445 706 Ecclesiasticus
1462 647 1625 722 sapientem
1644 650 1788 724 pingens,
1848 656 1882 701 ii·

150 725 269 799 populo
282 729 353 796 tuo;
371 727 404 784 in
416 726 462 784 his
477 727 558 784 enim
572 730 616 784 eet
636 740 715 784 vane
734 726 908 799 intellectus,
923 730 952 785 et
995 727 1248 800 indefessumejus
1258 729 1391 787 studium
1402 745 1472 786 cum
1479 729 1530 802 pia
1540 744 1627 802 prece
1637 730 1787 805 deposcite

152 811 304 885 sapientire
325 812 412 882 lons,
432 817 461 870 et
472 811 600 870 scientia
613 811 736 883 flumen,
756 816 785 871 et
797 813 853 871 ieci
865 813 947 870 eice
998 813 1203 886 «sapientiam
1222 813 1358 870 omnium
1377 812 1570 886 antiquorum
1591 814 1726 888 exquiret
1743 833 1790 874 se-

189 897 286 964 Quare
300 898 393 953 iioses
404 895 578 965 identidem,
590 896 622 954 in
635 897 863 955 Deuteronomio
876 911 951 971 pra·
994 895 1089 969 piens,
1103 903 1132 953 et
1146 896 1178 954 iu
1192 894 1469 970 Prophetistvel,ut
1482 897 1787 971 accessissemus,

151 979 266 1051 sertim
280 994 369 1038 omne
381 979 488 1054 popuii
501 977 678 1052 ambiguum
695 982 725 1037 et
737 978 855 1036 difficile
874 979 951 1038 circa
994 978 1333 1052 trprcpbettie)vnenbit,
1344 977 1544 1038 narrationem
1555 979 1787 1057 (gracetetpeeeg

152 1063 252 1136 legem
274 1063 442 1136 judicium,
463 1062 503 1120 ed
524 1062 690 1120 sacerdotes
713 1061 815 1120 referri
837 1063 948 1131 voluite
995 1067 1209 1130 ειιειιειιοιιεηι,
1226 1063 1461 1136 explorationes)
1475 1061 1608 1122 virorum
1621 1065 1788 1126 nominato·

153 1161 242 1216 nam,
254 1150 288 1204 ut
301 1146 343 1204 ait
355 1145 523 1217 ltclacbias,
539 1159 574 1213 ιι,
591 1147 609 1201 'i
627 1163 635 1201 ι
656 1144 776 1224 «tabia
788 1145 949 1204 sacerdotis
994 1161 1063 1205 rum
1072 1147 1268 1218 conservabit,
1282 1151 1310 1204 et
1323 1147 1355 1204 in
1362 1148 1517 1219 versutias,
1527 1165 1648 1221 αιιειιειι,
1659 1151 1787 1224 parabo-

153 1233 323 1290 custodient
332 1231 496 1302 scientiam,
511 1230 645 1302 etlegem
655 1230 948 1306 (dubiautiquelegis
994 1229 1092 1288 larum
1105 1231 1193 1289 simui
1208 1229 1351 1300 introibit,
1366 1230 1482 1289 occulta
1494 1231 1723 1307 proverbiorum
1734 1249 1786 1292 ex·

153 1315 191 1374 de
203 1315 318 1390 quibus
331 1319 375 1372 est
386 1315 531 1388 questio,
551 1313 634 1371 aits.
649 1314 830 1386 Bernartius)
851 1315 949 1388 requi·
994 1315 1101 1387 quiret,
1115 1318 1144 1372 et
1160 1314 1191 1372 in
1207 1313 1389 1372 absconditis
1403 1313 1615 1388 parabolarum
1632 1332 1786 1376 conversa·

149 1405 218 1460 rent
229 1415 269 1458 cx
285 1415 337 1458 ore
353 1400 426 1470 ejus.
442 1419 456 1451 e
470 1401 536 1466 Qua
548 1397 587 1455 de
600 1412 690 1454 cause
701 1401 729 1454 ει
740 1397 872 1455 ebidiam
884 1398 948 1469 ejus
993 1397 1091 1469 bitur3
1105 1397 1216 1472 aperiet
1226 1413 1357 1456 ossuum
1367 1397 1556 1469 inoratione,
1568 1402 1661 1474 etpro
1672 1401 1785 1460 delictis

148 1481 356 1544 sacerdotibus
377 1481 520 1539 Dominus
539 1481 572 1538 in
587 1482 708 1537 natrice
728 1480 879 1551 indicens,
896 1495 948 1538 eos
994 1481 1055 1540 suis
1068 1481 1283 1556 deprecabitur.
1299 1481 1327 1540 si
1347 1481 1427 1539 enim
1440 1482 1582 1540 Dominus
1595 1497 1722 1556 magnus
1732 1501 1786 1544 vo·

148 1583 217 1642 cap.
234 1583 255 1624 x
268 1567 349 1624 bisce
367 1565 526 1639 compellat
541 1581 549 1620 ι
567 1565 631 1620 eui
647 1563 781 1622 babeatis
796 1563 947 1622 scientiam
992 1564 1089 1634 luerit,
1104 1565 1209 1640 spiritu
1220 1564 1419 1636 intelligentie
1433 1564 1560 1640 replebit
1571 1564 1667 1636 illum,
1679 1573 1709 1625 et
1720 1567 1784 1642 ipsa

148 1651 338 1711 discernendi
347 1652 424 1708 inter
432 1651 565 1706 sanctum
574 1649 604 1704 et
613 1646 784 1720 profanum,
798 1646 875 1704 inter
882 1648 948 1721 pcl-
991 1651 1135 1722 tanquam
1156 1649 1267 1707 imbres
1289 1648 1384 1705 mittet
1403 1645 1524 1722 eloquia
1541 1648 1690 1723 sapientie
1710 1665 1783 1725 sua,

146 1736 247 1796 lutum
253 1733 451 1804 et'mundum,
462 1730 651 1805 doceatisque
659 1729 738 1788 fllios
747 1730 834 1788 lsrael
846 1731 947 1790 omnia
991 1730 1054 1804 ipse
1067 1731 1168 1806 palam
1180 1731 1266 1790 iaciat
1277 1730 1465 1804 disciplinam
1473 1731 1615 1790 docmina
1628 1745 1701 1804 snae,
1713 1736 1743 1792 et
1752 1733 1785 1793 in

146 1820 282 1893 legitima
293 1833 381 1887 mea,
399 1831 466 1890 quea
485 1815 603 1874 locutus
617 1817 660 1872 est
673 1812 816 1871 Dominus
837 1815 877 1871 ed
894 1829 946 1874 eos
990 1815 1055 1888 lege
1068 1816 1236 1874 testamenti
1250 1813 1365 1873 Domini
1375 1811 1594 1886 gloriabitur.»

145 1919 203 1980 per
215 1917 341 1962 manum
352 1900 449 1958 iiosis.
464 1918 480 1952 e
496 1902 589 1970 Atque
604 1899 638 1954 ut
649 1897 740 1969 hujus
750 1912 829 1953 eura
842 1898 947 1956 admo-
1025 1903 1140 1959 veteres
1153 1901 1324 1959 iudaeorum
1337 1898 1465 1957 Rabbini
1478 1898 1533 1958 toti
1546 1899 1675 1958 arentin
1693 1902 1784 1960 sacris

145 1991 232 2046 umet
242 1985 416 2060 pontificem
427 1981 477 2040 vel
490 1980 630 2050 maxime,
645 1981 676 2037 in
689 1980 832 2054 pectorali
847 1981 946 2055 ponti·
989 1983 1116 2056 litteris3
1137 1983 1267 2056 indeque
1289 1990 1410 2046 minati
1431 1984 1582 2055 raptarier,
1594 1989 1742 2058 γρῳμτιῑς
1755 1992 1784 2045 ει

145 2069 244 2128 ιιεειιε
258 2069 306 2126 sui
328 2067 494 2126 docuinam
514 2069 543 2123 et
563 2064 731 2136 veritatem,
753 2063 821 2134 vel,
841 2068 874 2122 ut
894 2065 946 2123 be-
989 2067 1097 2125 Scriba
1112 2071 1181 2125 sunt
1197 2065 1267 2125 dicti
1276 2084 1286 2138 3
1300 2070 1370 2140 post
1383 2064 1532 2126 Christum
1545 2080 1616 2125 vero
1629 2081 1719 2126 nemo
1732 2083 1783 2129 ue-

145 2154 248 2213 breice
261 2157 315 2224 est,
332 2159 449 2216 :inan
461 2158 552 2214 nirata
564 2153 636 2207 ειιιιι
648 2152 820 2215 εειιιειιιιιει,
834 2147 946 2208 illumi·
989 2152 1042 2211 scit
1054 2148 1782 2225 uebreorumaebbinosnoneuudqucmeccrem

146 2238 301 2297 nationem
317 2239 348 2295 et
367 2235 578 2308 integritatem,
590 2232 653 2290 duo
673 2231 741 2290 vitae
754 2231 945 2290 sacerdotalis
989 2236 1169 2311 scripturam
1180 2247 1313 2305 versare,
1327 2235 1433 2292 catera
1450 2248 1572 2292 amusos
1586 2247 1659 2291 esse.
1672 2234 1782 2294 Scitum

148 2321 270 2392 decore,
282 2319 368 2379 certis
380 2322 482 2376 nocta
489 2315 636 2392 symbolis
646 2320 772 2389 gestare,
783 2329 944 2390 coramque
988 2322 1032 2379 est
1043 2319 1120 2378 illud
1130 2317 1269 2388 Rabbini,
1279 2317 1333 2392 qui
1346 2331 1365 2375 a
1378 2319 1485 2392 nepote
1495 2315 1684 2376 scientiarum
1691 2319 1781 2378 avido

149 2400 945 2564 ffldtttbiffiitlblptfflmm
987 2398 1781 2559 atttetttstnntu‘eit‘ietni

454 2529 464 2559 ι
1468 2525 1478 2554 ⁹
1769 2527 1781 2560 ι

149 2589 233 2650 pars,
245 2573 397 2644 divinum,
411 2572 549 2646 inquam
563 2568 641 2628 iliud
653 2568 777 2643 Spiritus
789 2568 885 2628 Sancti
897 2583 945 2628 or·
987 2571 1085 2642 licere,
1098 2569 1191 2630 modo
1205 2569 1238 2628 id
1249 2583 1304 2626 nec
1317 2565 1494 2638 disiecerat,
1507 2581 1563 2624 nec
1573 2571 1659 2626 nocte
1670 2585 1677 2624 ι
1690 2569 1781 2643 scrip-

148 2673 264 2733 ganum
271 2699 283 2730 ,
300 2671 351 2714 eas
369 2657 402 2714 in
414 2655 450 2713 iis
462 2654 535 2729 ipsis
553 2651 696 2712 sublimes
710 2657 740 2712 et
759 2665 883 2711 arcanas
900 2653 944 2709 ta-
987 2654 1146 2714 tamenim
1158 2667 1232 2724 esse,
1244 2652 1276 2710 in
1290 2651 1354 2724 lege
1367 2649 1485 2710 Domini
1498 2649 1706 2710 meditandum
1716 2667 1780 2711 esse

147 2743 259 2802 nebras
274 2754 455 2814 agnoscens,
469 2737 646 2797 creberrime
659 2733 726 2795 aliis
741 2734 867 2808 aliisque
879 2748 945 2792 ver-
987 2738 1035 2797 die
1048 2753 1084 2797 ac
1097 2740 1193 2796 noete.

146 2826 196 2885 bis
209 2829 286 2896 orat,
299 2827 345 2882 Pe.
359 2837 445 2882 ervire
458 2840 466 2879 ι
479 2821 609 2880 «Revela
617 2819 722 2879 oculos
732 2833 827 2888 meos,
837 2821 865 2876 et
873 2834 944 2876 con·
1022 2823 1067 2883 nd
1080 2837 1193 2882 novum
1206 2835 1368 2896 pergemus
1380 2819 1452 2879 novi
1470 2817 1590 2878 foederis
1601 2820 1779 2881 mammen.

146 2908 288 2968 sidcrabo
302 2905 450 2966 mirabilia
458 2906 496 2963 de
504 2906 568 2978 lege
580 2907 665 2975 tua,e
679 2901 732 2962 ubi
741 2900 878 2960 hebraice
888 2907 942 2974 est,
985 2910 1051 2966 mm
1065 2925 1073 2964 e
1087 2907 1116 2966 S.
1131 2908 1231 2965 Petrus
1245 2919 1314 2963 cum
1327 2902 1520 2980 epistolarum
1534 2905 1563 2962 S.
1578 2904 1661 2963 Pauli
1673 2907 1778 2964 memi-

147 3002 269 3059 tiniam
279 3001 325 3063 ’nn
336 2971 375 3056 ιιι
387 2993 434 3063 eci
447 2992 510 3046 oroi
521 2985 838 3059 monitiqdavolvaab
848 2985 943 3044 oculis
986 2991 1088 3062 nisset,
1101 2988 1265 3063 subiungit,
1283 2988 1316 3046 in
1332 2987 1369 3044 iis
1384 2987 1524 3060 quiedam
1538 3001 1600 3044 esse
1616 3005 1632 3040 ι
1649 2987 1779 3047 difficilia

145 3080 222 3137 meis
236 3076 380 3152 (velamen
389 3072 522 3146 caliginis
531 3071 663 3144 scilicet),
673 3076 704 3129 et
715 3070 794 3128 clare
805 3069 944 3130 intuebor
985 3073 1151 3145 intellectu,
1172 3087 1241 3148 quea
1258 3071 1371 3130 indocti
1392 3073 1421 3127 et
1437 3069 1589 3128 instabiles
1606 3071 1778 3146 depravant,

145 3161 298 3220 mirabilia
311 3158 386 3231 legis
398 3161 469 3216 tua.
486 3156 543 3214 est
555 3158 654 3214 tantus
667 3155 833 3228 prophete,
845 3155 943 3229 inquit
986 3160 1062 3217 sicut
1069 3161 1098 3217 ει
1110 3160 1229 3216 meres
1239 3157 1412 3231 Scripturas,
1422 3156 1463 3213 ad
1472 3171 1559 3214 suam
1570 3157 1705 3230 ipsorum
1713 3173 1779 3232 per·

145 3248 174 3305 S.
188 3247 386 3318 Hieronymus
396 3242 435 3300 ud
447 3242 604 3306 Pacatianae,
616 3236 754 3298 tenebras
768 3237 943 3312 ignorantiae
985 3243 1140 3314 ditionem,
1153 3261 1169 3297 e
1185 3245 1266 3315 epist.
1282 3242 1315 3312 li,
1329 3257 1395 3315 cap.
1410 3255 1460 3312 ¹¹13
1475 3245 1504 3298 ει
1520 3241 1649 3299 anterius
1663 3258 1729 3317 cap.
1743 3259 1754 3300 1
1769 3261 1778 3302 ε

145 3329 314 3399 confitetur,
328 3342 389 3402 qua
401 3341 458 3385 uos
477 3329 565 3400 putas
577 3323 738 3398 parvulos,
752 3326 783 3381 et
794 3337 871 3397 pene
884 3323 943 3380 lae·
988 3327 1118 3386 comnis
1132 3325 1289 3403 prophetia
1304 3325 1457 3399 Scripturas
1470 3325 1593 3399 propria
1606 3326 1779 3400 interprete-

144 3419 241 3472 tnntes
253 3411 376 3470 inscitie
389 3413 482 3469 nocte·
490 3407 690 3467 circumdari?
708 3406 768 3464 ilco
781 3409 882 3464 eutem
893 3421 943 3466 ve·
984 3410 1064 3470 tione
1078 3425 1140 3471 non
1151 3409 1202 3482 flr;
1216 3408 1371 3468 nonenim
1384 3407 1536 3466 voluntate
1548 3409 1681 3468 bumana
1689 3409 1778 3470 allate

144 3497 248 3556 lemen
258 3511 322 3555 uon
336 3495 435 3552 solnm
447 3494 480 3551 in
493 3491 567 3552 iacie
580 3492 678 3561 blesis,
693 3490 746 3549 sed
758 3492 788 3548 et
804 3489 837 3546 in
849 3492 943 3549 livan·
985 3500 1030 3555 est
1045 3493 1209 3570 aliquando
1228 3492 1397 3568 prophetia,
1420 3493 1473 3550 sed
1490 3492 1599 3566 Spiritu
1616 3493 1720 3552 Sancto
1733 3493 1779 3550 in·

144 3581 258 3654 geticus
279 3583 310 3638 et
331 3577 479 3652 apostolis
493 3578 627 3651 positum
642 3577 702 3646 est;
721 3576 750 3633 et
763 3573 821 3631 nisi
841 3578 944 3648 aperta
986 3578 1087 3656 spirati
1100 3579 1191 3639 locuti
1203 3583 1273 3637 sunt
1285 3577 1377 3636 saneti
1394 3577 1445 3633 Dei
1459 3575 1635 3635 homines.»

143 3666 256 3728 luerint
267 3664 406 3721 universa
419 3676 489 3735 quae
506 3661 615 3734 scripta
628 3661 707 3729 sunt,
720 3656 759 3715 ab
777 3671 814 3714 eo
826 3658 880 3731 qui
891 3657 943 3717 ha·
1020 3660 1539 3738 ujuegermenesofficioetmertyrii
1550 3660 1778 3732 laurea,S.Pau-

142 3749 325 3808 betclavem
342 3746 453 3816 David,
473 3744 527 3819 qui
544 3743 639 3817 aperit
658 3745 688 3800 tii
709 3755 798 3800 nemo
820 3740 942 3814 claudit,
985 3750 1049 3821 lus,
1073 3763 1136 3810 non
1158 3747 1300 3806 naturalis
1320 3745 1431 3818 ingenii
1453 3745 1547 3816 vires,
1573 3745 1626 3802 sed
1645 3746 1779 3817 eiusdem

142 3831 260 3892 claudit
271 3835 302 3889 ει
313 3845 403 3889 ιιειιιο
413 3830 518 3904 aperit,
532 3825 617 3885 nullo
634 3823 694 3884 alic
707 3827 855 3884 reserante
869 3839 943 3900 pan·
985 3833 1110 3908 spiritus
1129 3831 1292 3905 mannum
1316 3829 1478 3887 divisiones
1504 3833 1673 3903 nuncupat,
1694 3830 1779 3904 quod

143 3918 295 3976 dentur.»
988 3934 1004 3971 ι
1025 3915 1076 3974 alii
1097 3929 1152 3990 per
1172 3913 1418 3988 Spiritumldetur
1436 3928 1534 3970 sermo
1554 3913 1780 3986 sapientie‚a1ii

179 3998 421 4059 Auditteremias
433 4012 523 4073 capr
538 4013 547 4054 ι
562 3995 765 4070 «Priusquam
782 3998 812 4054 te
828 3995 942 4054 torma·
985 4013 1084 4058 sermo
1097 3997 1236 4068 scientie,
1250 3996 1333 4054 altari
1343 3996 1429 4067 fides,
1443 3996 1493 4054 alii
1505 3996 1600 4067 gratie
1608 3997 1778 4068 sanitatum,

141 4101 210 4146 rem
221 4085 256 4143 in
265 4090 363 4154 utero,
376 4083 448 4142 novi
460 4085 498 4151 te,
511 4085 540 4140 et
552 4083 713 4154 antequam
725 4079 820 4137 exires
830 4080 867 4138 de
878 4080 943 4139 vul·
985 4084 1036 4143 alii
1049 4083 1183 4158 operatio
1197 4083 1351 4151 virtutum,
1366 4080 1417 4137 alii
1430 4080 1598 4154 prophetia,
1608 4080 1659 4138 alii
1672 4080 1780 4138 discre-

140 4186 194 4241 va,
207 4165 390 4228 sanctificavi
398 4171 439 4238 te,
448 4169 477 4223 et
489 4164 665 4240 prophetam
677 4163 708 4220 in
718 4162 860 4236 gentibus
873 4163 942 4222 dedi
984 4165 1026 4224 tio
1040 4166 1209 4241 spirituum,
1217 4163 1266 4221 alii
1276 4178 1384 4236 genera
1396 4163 1577 4236 linguarum,
1588 4163 1639 4224 alii
1650 4163 1779 4238 denique

142 4259 173 4312 ιε
178 4273 189 4326 3
206 4274 222 4306 ι
237 4257 381 4310 ettamen
393 4250 540 4308 exclamat
554 4266 563 4305 ι
578 4252 628 4304 ιιι
642 4264 661 4305 ε
674 4262 703 4319 a,
717 4246 841 4306 Domine
854 4248 941 4319 Deus,
984 4249 1186 4324 interpretatio
1199 4263 1407 4316 sermonum»
1423 4251 1434 4305 ι
1448 4248 1570 4306 donati.
1584 4265 1637 4322 ιιι,
1650 4249 1779 4323 ideoque

143 4353 212 4396 acce
221 4336 323 4394 noecio
336 4334 432 4408 loqui,
443 4333 516 4406 quia
526 4346 603 4407 puer
615 4346 671 4404 ego
685 4344 791 4388 sum.»
984 4335 1119 4409 posuisse
1134 4335 1225 4390 Deum
1242 4331 1272 4388 in
1294 4331 1421 4388 Ecclesia
1438 4332 1586 4405 quosdam
1605 4333 1778 4405 Apostolos,

179 4421 286 4492 isaim,
308 4434 375 4492 cap.
397 4431 444 4487 vv,
466 4415 619 4489 Seraphim
637 4413 678 4472 ad
699 4428 730 4470 se
751 4412 942 4473 advolantem
986 4417 1060 4477 alios
1074 4417 1244 4492 Prophetas,
1257 4415 1332 4475 alios
1347 4417 1494 4474 Doctores.
1505 4415 1678 4497 alibivero,
1693 4433 1724 4476 se
1738 4419 1778 4476 ad

143 4506 277 4580 aspexit,
289 4501 466 4576 calamoque
479 4499 573 4571 ignito
582 4513 618 4558 os
629 4496 858 4556 vaticinatorum
871 4495 942 4557 ada·
984 4503 1078 4577 pedes
1088 4499 1255 4560 Gemaliclis
1269 4501 1364 4571 legem
1375 4499 1514 4556 edoctum
1526 4499 1691 4572 gloriatur3
1706 4499 1778 4558 alibi

143 4591 318 4665 parientem.
961 4605 966 4613 ·
984 4587 1117 4643 Pastores
1131 4588 1160 4642 et
1172 4583 1334 4658 Episcopos
1346 4586 1456 4653 mouet,
1471 4585 1505 4640 ut
1515 4599 1546 4641 se
1560 4588 1697 4656 prestent
1708 4599 1778 4657 ope-

178 4671 328 4743 meamea
351 4683 418 4742 cap.
441 4681 475 4738 u,
490 4665 614 4724 intuitus
634 4665 762 4740 speciem
779 4663 943 4739 quadrifidi
984 4669 1079 4728 rarios
1089 4666 1323 4738 inconfusibiles,
1334 4670 1411 4723 recte
1424 4669 1581 4725 tractantes
1589 4667 1715 4725 verbum
1728 4683 1777 4724 ve-

145 4756 293 4826 animalis,
312 4751 475 4827 gloriaque
490 4748 624 4821 Domini,
637 4763 752 4823 pronus
765 4747 845 4805 eadit
857 4747 888 4805 in
900 4747 942 4808 ia·
984 4753 1088 4824 ritntis,
1101 4757 1135 4809 ut
1152 4751 1268 4825 possint
1287 4750 1438 4809 exhortari
1460 4750 1491 4807 in
1506 4750 1639 4809 doctriua
1652 4765 1735 4821 sana,
1749 4754 1777 4807 et

146 4842 229 4911 cmm,
246 4841 422 4910 erectusque
440 4851 460 4893 a
482 4833 588 4909 spiritu
603 4832 679 4904 silet,
693 4831 767 4890 dum
780 4831 890 4905 pariter
908 4847 942 4892 cs
985 4853 1036 4899 eos
1056 4837 1110 4912 qui
1131 4835 1336 4894 contradicunt
1356 4851 1479 4908 arguere
1489 4855 1498 4909 ;
1514 4836 1568 4894 sed
1585 4836 1660 4910 quid
1679 4851 1777 4894 mora-

145 4925 171 4981 ei
183 4923 348 4998 pandetur.
983 4925 1076 4982 muri

177 5009 281 5069 Daniel
300 5023 351 5080 vn,
365 5010 394 5078 8,
407 5004 535 5065 verbum
554 5004 607 5061 Dei
620 5004 652 5062 in
670 5003 759 5062 corde
780 5008 941 5076 censervet,
1018 5005 1182 5064 Audiamus
1210 5005 1357 5063 Christum
1381 5023 1390 5063 ι
1418 5024 1434 5059 ι
1457 5005 1643 5077 smutandni,
1667 5006 1775 5080 inquit,

146 5095 197 5153 sed
210 5089 444 5165 cogitationibus
463 5088 676 5162 conturbatur,
686 5093 715 5146 et
731 5086 821 5146 iacies
840 5089 867 5145 ei
885 5089 942 5146 im·
982 5089 1183 5164 scripturam»
1200 5089 1275 5163 quin
1286 5104 1359 5145 vero
1372 5088 1472 5147 dotem
1484 5091 1572 5160 banc,
1588 5091 1631 5148 uti
1649 5092 1677 5148 ει
1689 5091 1777 5148 ιιιειι-

146 5181 293 5245 mutatur,
308 5177 468 5248 stupetque
481 5173 521 5230 ad
537 5173 700 5244 visionem,
717 5187 753 5230 eo
768 5172 853 5248 quod
868 5172 943 5229 desit
984 5174 1179 5246 maturgiam,
1193 5171 1465 5247 miraculorumque
1479 5174 1706 5245 omnigenorum
1723 5187 1778 5246 po-

146 5261 303 5334 interpres3
327 5261 357 5315 et
377 5272 435 5316 nos
456 5257 631 5315 eorumdem
647 5255 874 5329 vaticiniorum
889 5271 943 5331 pa·
983 5262 1133 5330 testatem,
1157 5257 1292 5316 Ecclesia
1315 5273 1376 5312 suae
1398 5259 1572 5314 testamento
1594 5256 1777 5329 consignavit

146 5341 327 5414 mboierum,
341 5341 547 5413 aenigmatum,
563 5345 591 5398 et
605 5340 815 5415 symbolorum
832 5339 942 5400 ibcilio-
983 5341 1253 5416 Christus‚quando
1264 5341 1295 5397 in
1307 5340 1415 5396 eaelum
1424 5355 1599 5398 ascensurus
1612 5340 1777 5397 valedicens

146 5439 210 5481 rem
221 5425 295 5500 ipsis
313 5439 421 5484 eorum
434 5422 629 5497 scriptoribus
641 5424 877 5498 intelligentiam,
890 5431 942 5484 aut
984 5429 1142 5503 apostolis,
1163 5423 1279 5502 aperuit
1299 5422 1358 5481 illis
1377 5437 1508 5496 sensum,
1530 5427 1563 5480 ut
1584 5422 1777 5495 intelligerent
