4236 6040
201 321 207 334 ,
291 263 346 324 tm
773 257 1015 316 cotttthttffltte
1031 257 1066 314 lii
1083 255 1243 326 saresta,
1261 269 1324 314 car.
1342 255 1430 313 llll.

291 383 354 428 oon
365 365 422 426 iutt
432 363 619 440 exspectatio,
633 364 686 422 sed
698 361 849 434 flagellum
862 362 998 420 omnium
1010 377 1081 434 gen·
1124 359 1280 418 dictionem
1294 359 1413 434 proprie
1426 357 1526 417 solum
1537 357 1644 416 tudam
1657 357 1798 431 spectare,
1811 353 1913 429 quoad

291 451 383 520 tium,
400 448 528 507 maxime
540 445 720 504 iudeorum.
736 445 843 502 Omnes
864 461 936 516 ergo
950 444 1079 515 tlebroei,
1123 443 1206 514 regni
1228 443 1362 514 initium,
1381 441 1627 516 propagationem
1649 443 1678 497 et
1697 439 1799 496 tinem.
1820 438 1912 512 Coepit

292 533 456 600 Chaldaus,
470 529 559 587 Graeci
577 532 606 585 et
618 527 711 585 Latini
725 543 779 600 par
789 529 862 594 Silo,
876 529 936 584 sive
949 529 1080 598 legatum
1123 527 1204 584 enirn
1213 541 1338 598 νοςννοννν
1344 526 1420 583 tuda
1430 525 1462 582 in
1472 523 1591 594 havide,
1602 525 1801 596 propagatum
1808 525 1851 579 est
1858 537 1914 596 per

291 615 386 686 hunc,
400 612 568 684 intelligunt
580 610 721 682 hiesdem,
735 611 796 667 sive
809 611 964 669 Christum.
1124 611 1241 668 havidis
1253 613 1402 684 posteros,
1416 613 1445 667 et
1460 609 1563 666 finitur
1575 608 1607 665 in
1628 607 1740 664 Christo
1759 626 1767 664 ν
1781 625 1912 683 quorum

325 701 420 756 itote:
435 695 516 752 Hisce
528 692 626 751 verbis
641 711 649 750 :
665 712 680 746 e
692 695 756 751 Non
769 693 893 762 deliciet,
904 698 970 763 etc,
985 694 1081 750 donec
1123 698 1247 768 uterque
1261 694 1380 768 proprie
1392 697 1531 751 natusest
1540 691 1674 762 exluda3
1688 691 1764 749 inter
1775 692 1839 750 hoec
1851 693 1912 754 duo

291 781 389 839 veniat
410 778 463 852 qui
485 776 646 836 mittendus
669 780 728 847 est,
750 795 765 830 ν
786 775 927 848 implicite
947 775 1081 849 praedicit
1124 780 1253 835 extrema
1266 776 1359 850 aliqui
1373 775 1508 846 aliunde,
1521 779 1596 848 puta
1608 790 1647 832 ex
1659 775 1741 840 lavi,
1755 777 1912 836 itachahaei

290 862 399 934 tacoh,
416 859 500 935 quod
521 875 559 917 ex
574 860 652 917 tuda
672 863 808 917 nascetur
827 858 967 917 Christus.
989 857 1080 917 Jacob
1124 859 1245 930 scilicet,
1259 859 1475 929 immiscentur,
1492 859 1545 933 qui
1563 873 1632 916 cum
1647 859 1724 916 tuda
1744 865 1826 918 erant
1845 879 1913 936 per-

292 947 370 1004 enim
382 943 442 1015 hic,
454 943 498 1002 uti
513 941 637 1014 singulis
650 941 719 998 tiliis
733 942 887 1014 propriam
901 942 1081 1000 benedictio·
1123 943 1225 1012 mixti,
1243 943 1317 1000 sicut
1331 943 1425 1000 tritico
1447 941 1593 1000 nonnulla
1612 957 1705 1012 mana
1726 942 1831 1002 hordei
1842 934 1913 1019 'par-

167 1035 172 1044 '
292 1027 509 1099 nem,itatudrc
521 1025 669 1084 Christum
678 1024 841 1098 Christique
850 1027 1080 1096 generationem,
1123 1026 1297 1096 miscentur3
1320 1025 1495 1082 sedhorum
1508 1024 1709 1084 nonhabetur
1729 1025 1803 1083 ratio
1825 1030 1912 1088 thoec

291 1111 377 1186 quasi
394 1109 534 1169 eximiam
546 1107 782 1167 benedictionem
794 1109 932 1179 assignat.
951 1109 992 1166 lta
1004 1109 1081 1166 hano
1123 1109 1202 1166 enim
1214 1113 1318 1184 utpote
1330 1124 1438 1182 pauca,
1446 1109 1478 1165 in
1490 1113 1572 1167 tanto
1580 1109 1702 1166 cumulo
1716 1125 1778 1169 non
1788 1127 1913 1187 compu-

291 1193 478 1269 prophetiam
497 1191 701 1250 intellexerunt
724 1205 827 1249 omnes
849 1191 977 1262 llehrasi3
1000 1193 1081 1250 unde
1121 1195 1231 1250 tantur.

294 1277 399 1336 Paulus
413 1276 450 1333 od
460 1275 594 1339 Hetroeos,
608 1289 659 1343 ru,
667 1275 703 1330 tt
718 1291 725 1328 :
744 1273 960 1345 «Manifestum,
973 1275 1080 1348 inquit,
1158 1275 1334 1347 Respondeo
1344 1275 1469 1345 seeundo,
1482 1274 1579 1332 verius
1593 1291 1656 1334 esso
1669 1291 1723 1350 per
1732 1279 1839 1337 tudam
1850 1280 1910 1353 hic,

291 1361 375 1436 quod
387 1373 426 1418 ex
436 1358 513 1416 tuda
526 1361 607 1415 ortus
621 1357 658 1413 sit
671 1357 813 1414 Dominus
833 1361 941 1414 noster.
957 1377 972 1412 e
1123 1373 1207 1430 aeque
1221 1357 1411 1424 alliciatur,
1428 1360 1479 1427 tt,
1498 1357 1618 1431 proprie
1637 1359 1736 1416 solum
1755 1361 1862 1420 tudam
1881 1368 1911 1420 et

174 1453 277 1510 otiam.
326 1439 600 1516 hioes2Apostolus
612 1438 725 1497 ibidem
735 1440 843 1513 prohat
856 1440 1003 1498 Christum
1017 1457 1079 1498 esse
1122 1441 1258 1510 ludaeos,
1279 1455 1340 1498 non
1362 1445 1461 1498 autem
1480 1441 1592 1498 Levitae
1606 1443 1834 1514 comprehendi,
1847 1445 1911 1503 sive

291 1525 474 1586 sacerdotem
499 1524 662 1582 secundum
690 1523 827 1581 ordinem
852 1524 1079 1593 Melchisedech,
1122 1525 1206 1594 regni
1214 1525 1341 1591 initium,
1354 1525 1414 1581 sive
1425 1525 1569 1595 medium,
1579 1525 1639 1581 sive
1648 1523 1755 1595 finem,
1768 1527 1912 1602 sirequid

291 1627 353 1670 non
366 1613 465 1668 autam
477 1608 563 1679 Levi,
583 1622 669 1664 exeo
682 1607 766 1680 quod
780 1611 867 1664 natus
882 1607 919 1663 sit
935 1623 974 1664 ex
985 1607 1079 1676 tuda,
1123 1605 1205 1664 aliud
1218 1611 1346 1680 spectes,
1367 1621 1403 1664 eo
1416 1607 1510 1665 modo
1523 1610 1552 1664 ct
1564 1623 1652 1664 sensu
1669 1623 1761 1681 quem
1773 1609 1911 1682 superius

291 1710 353 1753 non
366 1709 403 1752 ex
415 1691 483 1752 tevi
498 1709 506 1748 ε
521 1706 592 1764 ergo
606 1690 731 1765 opponit
742 1690 850 1747 ludam
862 1690 977 1749 etheri.
989 1689 1079 1748 iacob
1122 1691 1282 1761 posteriore
1296 1690 1381 1760 loco,
1395 1693 1469 1762 puta
1487 1689 1573 1747 titulo
1587 1691 1736 1762 secundo,
1749 1691 1907 1764 assignavi.

291 1792 360 1836 rero
379 1777 427 1834 hic
447 1789 508 1833 non
530 1773 666 1848 opponit,
688 1772 740 1830 sed
755 1773 979 1846 comprehendit
992 1772 1058 1830 Levi
1067 1811 1079 1842 ,
1122 1772 1206 1830 Falsa
1224 1776 1267 1829 est
1281 1787 1351 1844 ergo
1371 1772 1461 1828 altera
1477 1787 1548 1846 pars
1565 1774 1761 1831 antecedentis
1778 1775 1811 1830 in
1824 1791 1912 1848 argn-

291 1863 363 1933 puta
377 1857 569 1928 ltachabreos,
589 1853 648 1914 sub
660 1855 751 1926 luda,
766 1853 809 1912 uti
823 1855 885 1912 dixi
899 1853 1035 1927 superius
1049 1853 1081 1910 in
1122 1859 1222 1913 mento
1240 1854 1301 1911 sire
1318 1853 1484 1925 objectione
1503 1856 1670 1928 proposita3
1694 1857 1831 1931 adeoque
1851 1859 1911 1916 hoc

291 1941 496 2016 tituloprimo.
1122 1941 1330 2009 argumentum
1343 1938 1471 1996 maxime
1481 1939 1650 2010 persuadet,
1663 1939 1771 1996 ludam
1783 1940 1832 1998 hie
1840 1957 1912 2015 pro·

325 2026 500 2100 Respondes
511 2027 612 2096 priam,
625 2023 668 2094 id,
680 2024 765 2096 juxta
779 2023 823 2082 ihi
836 2023 924 2095 dicta,
937 2023 1080 2096 probahi-
1121 2023 1183 2096 pris
1191 2022 1282 2094 accipi
1291 2023 1398 2080 dehere
1404 2038 1460 2096 pro
1469 2023 1539 2080 eolis
1547 2023 1667 2093 ludaeis,
1676 2025 1802 2082 exclusis
1807 2025 1911 2085 Levitis

290 2110 355 2168 liter
373 2123 478 2166 verum
496 2121 559 2166 esse
572 2122 610 2164 ex
622 2121 658 2164 ea
670 2111 771 2179 parte,
790 2122 852 2180 qun
866 2105 957 2165 Jacob
979 2105 1081 2163 asserit
1122 2107 1339 2176 attrectasse,
1349 2107 1391 2164 uti
1400 2107 1535 2179 superius
1543 2107 1616 2164 dixi.
1629 2109 1693 2165 ileo
1701 2123 1772 2180 ergo
1780 2110 1912 2168 secunde

290 2207 426 2266 expressa
449 2205 511 2249 non
538 2188 721 2247 deiecturum
748 2193 897 2263 sceptrum
921 2190 958 2246 de
985 2189 1080 2258 tuda,
1121 2191 1275 2264 responsio
1288 2190 1385 2248 solida
1398 2194 1441 2248 est
1454 2193 1632 2262 etgenuina.

291 2275 385 2333 donec
397 2273 495 2332 veniat
507 2272 637 2329 Christus
651 2289 659 2327 ε
674 2275 746 2329 tunc
758 2273 837 2330 enlm
847 2270 905 2329 suh
915 2271 1080 2328 tudocom·
1157 2275 1196 2331 Er
1207 2289 1278 2333 rese.
1289 2305 1326 2318 -
1337 2275 1405 2341 Silo,
1417 2277 1490 2347 pute
1503 2274 1628 2331 llessias.

288 2356 432 2431 prehendi
452 2358 579 2429 possunt
595 2353 709 2412 levite.
730 2355 862 2427 idipsum
881 2368 952 2411 vero
970 2353 1079 2410 falsum
1156 2360 1224 2415 Esrr
1238 2371 1423 2416 sxsmcrtrro
1437 2371 1572 2416 οννννυνν.
1586 2359 1778 2432 -lmpcrite,
1792 2360 1867 2419 ialso
1882 2365 1910 2423 et

288 2443 331 2497 est
343 2455 381 2497 ex
393 2455 429 2496 ea
441 2440 539 2512 perte,
552 2451 614 2508 que
626 2435 766 2508 implicite
778 2436 870 2494 Jacob
886 2435 966 2492 hisce
980 2435 1078 2493 verbis
1119 2439 1321 2500 fraudulenter
1333 2440 1426 2499 iudei
1439 2445 1574 2512 vertum,
1587 2445 1646 2513 ipre
1660 2442 1782 2516 (scilicet
1799 2445 1908 2517 David,

289 2521 443 2592 iisssslflcii,
454 2518 574 2578 “ludi
582 2519 764 2576 nasciturum
777 2533 839 2574 0⁵⁵³
852 2517 1008 2576 Christum·
1019 2519 1078 2576 1100
1121 2540 1190 2582 cum
1201 2525 1250 2582 hic
1263 2541 1325 2584 non
1338 2527 1376 2582 de
1389 2526 1509 2596 hadde,
1522 2525 1554 2582 in
1567 2541 1629 2598 quo
1640 2541 1702 2584 non
1717 2526 1821 2585 deiecit
1828 2568 1840 2599 ,
1854 2529 1908 2587 scd

289 2603 354 2677 ipso
369 2603 448 2662 enim
462 2616 523 2675 quo
542 2600 632 2660 Jacob
651 2600 727 2658 inter
745 2599 823 2658 filios
840 2601 897 2658 Soli
911 2601 994 2660 Judoe
1008 2600 1079 2659 assi·
1120 2606 1227 2682 incepit
1254 2612 1401 2683 sceptrum
1423 2610 1498 2667 luda
1508 2651 1518 2680 ,
1540 2625 1645 2666 verum
1667 2610 1705 2667 de
1724 2611 1826 2668 llessia
1846 2612 1908 2669 sive

289 2690 359 2757 gnat
370 2685 527 2756 Christum,
540 2685 609 2742 satis
621 2683 766 2756 significat
779 2700 815 2741 ex
830 2685 895 2744 solo
909 2684 1001 2755 tuda,
1016 2699 1079 2742 non
1119 2689 1233 2750 Christo
1245 2693 1364 2765 agatur)
1379 2694 1515 2760 custodit,
1528 2696 1698 2764 confringet,
1717 2694 1765 2752 vel
1779 2695 1908 2752 obtundet

289 2785 326 2827 ax
346 2769 415 2827 Levi
435 2769 536 2826 aliisve
557 2767 739 2826 nasciturum
753 2781 822 2824 asse
840 2765 997 2825 Christum.
1020 2768 1079 2825 llac
1120 2773 1226 2832 tientes,

289 2851 427 2946 etiamne
441 2849 627 2942 ramerudis
644 2852 671 2904 e
683 2855 711 2906 et
731 2849 790 2906 aee
803 2848 836 2906 ce
848 2851 949 2918 temet
963 2850 1031 2920 eius,
1047 2854 1080 2908 ut
1156 2859 1236 2916 unde
1246 2860 1337 2917 noa:
1352 2857 1490 2917 hebreice
1502 2874 1559 2932 pro
1572 2863 1736 2930 exspectatio
1749 2865 1791 2918 est
1804 2869 1908 2940 ν-νψν
1921 2867 2029 2938 ortan-

290 2933 398 2992 scrlreet
419 2936 500 2991 notet
515 2932 662 2990 Christum
680 2931 788 2989 ducem
809 2945 846 2989 ax
865 2931 977 2990 temore
995 2933 1079 2990 iudea
1119 2943 1250 3008 irritetur,
1271 2942 1355 3016 quod
1372 2945 1478 3013 primo,
1497 2941 1590 3014 aliqui
1608 2943 1758 3001 deducunt
1776 2945 1907 3004 oradioe
1925 2927 2029 3034 em

289 3017 480 3076 nasciturum.
489 3013 700 3089 ltsprophetiae
708 3014 797 3087 huius
804 3017 833 3072 et
840 3013 943 3073 iacobi
950 3019 1079 3073 mentem
1120 3033 1202 3105 ΠΡ)
1214 3027 1294 3092 napa,
1307 3025 1391 3100 quod
1403 3026 1434 3082 in
1444 3025 1504 3082 piel
1513 3025 1603 3083 hebet
1616 3034 1708 3110 ...m
1721 3029 1810 3094 nm,
1819 3029 1910 3100 signi·
1920 2995 2026 3106 immi..

289 3101 493 3158 intellexerunt
516 3103 545 3157 et
569 3097 753 3172 explicarunt
771 3113 875 3157 omnes
895 3097 1017 3156 liebroei.
1046 3100 1079 3156 ln
1119 3107 1246 3182 fientque
1255 3109 1452 3178 innocentem,
1464 3109 1612 3165 mundum
1623 3113 1770 3183 etpurum
1778 3109 1906 3184 efficere3
1958 3113 1991 3184 rto

288 3185 449 3261 prophetiis
467 3183 547 3242 enim
560 3183 655 3242 mma
673 3185 742 3242 sunt
755 3182 898 3252 obseura,
911 3181 1080 3240 indistinete
1119 3193 1200 3249 unde
1212 3193 1329 3249 vertunt
1341 3190 1669 3265 perceceperat
1681 3193 1787 3265 cente,
1799 3196 1910 3255 scilieet
1935 3173 2015 3217 ΡΜ

288 3273 316 3326 ei
335 3269 510 3339 convolute,
526 3283 594 3342 (11¹ae
607 3283 660 3340 Pffl'
673 3270 770 3341 lillis
784 3265 902 3336 evolvi,
915 3266 1077 3338 distingui,
1119 3291 1138 3332 a
1151 3274 1276 3347 peccatis
1289 3288 1406 3344 eorum;
1421 3276 1454 3332 ut
1462 3274 1522 3331 huc
1534 3274 1648 3333 alludat
1655 3277 1782 3349 Gabriel,
1792 3295 1861 3337 eum
1871 3281 1908 3338 de

288 3352 582 3426 secernietexplicari
591 3351 710 3409 debent.
724 3351 1076 3423 Exludaenimpraeciso,
1118 3358 1232 3417 Christo
1246 3357 1393 3414 nascituro
1405 3355 1477 3416 dicit
1491 3375 1499 3413 :
1517 3361 1611 3432 «lpse
1625 3359 1741 3418 salvum
1757 3360 1842 3420 faciet
1853 3379 1908 3436 po-

288 3452 350 3494 non
369 3453 407 3494 ex
420 3435 487 3492 heri
500 3437 603 3492 natum
623 3448 686 3490 esse
700 3432 866 3501 Christum,
890 3436 971 3506 patet
984 3449 1020 3490 ax
1041 3448 1077 3492 eo
1118 3440 1226 3513 pulum
1236 3455 1326 3498 suum
1338 3455 1357 3498 a
1368 3440 1495 3514 peccetis
1505 3455 1619 3512 eorum,
1633 3461 1649 3497 s
1665 3445 1765 3500 licttlt.
1780 3461 1801 3502 r.

288 3520 371 3592 quod
383 3517 513 3574 Christus
526 3520 612 3574 natus
629 3515 666 3571 sit
680 3529 717 3572 ex
730 3515 839 3571 [tavida
862 3531 869 3570 :
892 3515 984 3572 David
997 3515 1077 3573 enim
1154 3525 1289 3591 seeundo,
1304 3523 1353 3582 alii
1370 3525 1487 3581 iieietei
1506 3524 1658 3582 deducunt
1678 3528 1808 3584 erediee
1830 3537 1908 3612 Πρν
1921 3535 2026 3580 Quare

287 3599 342 3655 luit
354 3613 391 3655 ex
405 3612 511 3669 genere
530 3595 652 3653 attribu
669 3596 754 3652 luds.
772 3595 875 3653 [laridi
897 3599 996 3653 autem
1008 3613 1077 3671 pro·
1118 3605 1907 3685 iacia,quamArahesmagisquamllehrceiusurpant,

288 3681 411 3738 missum
431 3695 494 3737 0⁸⁵⁰
515 3679 661 3736 Christum
681 3693 769 3736 nimi>
789 3678 916 3750 ignorat.
940 3681 973 3736 ld
998 3679 1077 3738 essim
1117 3689 1321 3764 significatque
1333 3690 1449 3748 obedire.
1464 3691 1544 3748 Unde
1563 3689 1695 3763 llimehi,
1715 3694 1866 3766 Pagninus
1880 3700 1908 3754 et

287 3766 366 3838 Ρᾶῑθῖ
380 3763 403 3820 1¹
417 3763 483 3834 hep.
496 3777 547 3833 VH,
561 3776 636 3818 leis·
647 3761 683 3816 ¹²
695 3763 723 3815 0²
735 3761 780 3818 13·
1117 3773 1907 3850 Chaldaeusvertunt‚ipsiohedt'entpopultrettonathan,

323 3852 429 3908 Sensus
441 3865 512 3922 ergo
525 3848 614 3920 huius
627 3846 684 3904 loci
696 3849 758 3916 est,
771 3847 857 3920 quasi
872 3849 949 3906 dicat
960 3849 1050 3908 iacob
1068 3869 1075 3906 :
1117 3860 1175 3928 ipsi
1186 3860 1304 3914 servient
1314 3859 1442 3913 uniuerso
1453 3873 1538 3928 regno
1549 3863 1629 3915 terro
1640 3860 1689 3932 (i).

287 3933 480 4004 Tibi,oluda,
493 3933 610 4006 tuisque
618 3929 744 4004 posteris
755 3933 897 4002 consigno
911 3945 1036 4003 regnum
1050 3938 1078 3991 et
1156 3941 1256 4005 Tertio,
1270 3938 1320 3994 alii
1332 3940 1448 3996 tirtehot
1460 3955 1514 4013 per
1531 3943 1705 4000 metathesin
1721 3944 1874 4004 deducunt
1890 3962 1908 4006 a
1922 3949 2003 4000 rien

288 4017 486 4093 principatum
500 4017 575 4074 intel·
586 4014 703 4111 sitires,
717 4013 863 4110 illumque
877 4031 913 4072 ΕΣ
928 4016 1030 4073 Rubssss
1046 4017 1078 4074 in
1117 4025 1215 4082 radice
1225 4003 1337 4105 ΠΗΠΡ
1347 4025 1456 4094 tetitta,
1469 4023 1501 4080 id
1512 4027 1556 4081 est
1564 4026 1696 4097 ecclesia,
1706 4031 1907 4102 congregatio,

290 4106 316 4159 ⁸0
334 4097 493 4170 tlflssflfimi
509 4099 864 4169 h⁸01¹¹m¹l⁰mffll¹0sses
886 4103 935 4170 ui,
956 4115 1024 4156 cum
1046 4101 1077 4157 in
1118 4108 1286 4180 aggregatio
1308 4126 1315 4163 :
1337 4107 1465 4166 adelitia
1483 4107 1563 4166 enim
1585 4125 1639 4182 per
1656 4115 1867 4187 anastrophen,
1883 4116 1909 4173 si

288 4183 397 4280 Dividi
416 4182 537 4277 weris
561 4181 691 4239 Obiisserfl
714 4195 857 4252 regnum,
879 4182 955 4240 illud
973 4183 1006 4276 iu
1026 4187 1076 4241 tuo
1117 4175 1908 4278 videlicetretrogradoordinelegis,fit.··tprt‘rtcte1ce,

288 4267 516 4342 stirpeobtrnaas
525 4279 577 4338 per
586 4266 751 4335 troannos,
760 4264 902 4358 usquead
910 4266 1075 4324 sedectam:
1118 4276 1201 4348 quod
1209 4275 1446 4348 aggregationem
1454 4273 1628 4346 signifioat‚1
1635 4279 1699 4349 aeq.
1710 4283 1907 4351 nmmo,

288 4350 357 4408 inde
371 4367 440 4408 vero
461 4349 551 4408 duces
565 4347 700 4405 obtineas
718 4351 827 4420 parttm
846 4363 883 4405 ex
901 4352 954 4406 tua
966 4349 1076 4422 stirpe,
1118 4357 1209 4416 Simili
1233 4357 1385 4416 metathesi
1404 4358 1522 4416 ridetur
1543 4359 1592 4416 hic
1614 4361 1728 4419 ttctetat
1750 4363 1909 4438 (absorpta

288 4435 396 4507 partim
409 4429 628 4491 exltachaboeis
642 4429 695 4503 qui
707 4433 766 4488 tuae
780 4430 862 4504 stirpi
873 4431 1036 4490 inserentur
1050 4438 1078 4490 et
1118 4441 1212 4498 littera
1236 4443 1324 4498 iamed
1348 4457 1403 4515 pei-
1425 4447 1570 4515 punoium
1596 4442 1698 4514 (tapes,
1724 4445 1851 4504 infixum
1877 4447 1909 4504 in

288 4517 576 4610 incorporabuntur,
604 4515 700 4571 donec
726 4513 825 4571 veniat
849 4515 994 4584 Christus,
1024 4517 1078 4590 qui
1116 4525 1211 4584 littera
1224 4525 1304 4597 iupa)
1313 4527 1446 4599 positum
1458 4541 1513 4599 pio
1527 4508 1651 4609 ηῃρῆν
1661 4530 1783 4597 sirmii,
1795 4534 1824 4588 gt
1834 4533 1909 4590 frige.

287 4614 413 4672 regnum
436 4599 553 4658 Davidrs
575 4602 721 4692 tuumque
738 4597 910 4692 ‘collapsum
932 4600 1076 4671 restituet,
1118 4609 1165 4664 iai
1178 4623 1235 4681 pro
1247 4609 1366 4675 teletas,
1376 4610 1424 4668 vel
1436 4610 1557 4675 mactat,
1567 4609 1598 4666 id
1611 4613 1654 4666 est
1665 4613 1796 4683 ecclesia,
1806 4629 1909 4687 aggre-

287 4683 422 4757 ttludque
435 4681 588 4754 augustius
609 4685 637 4736 et
654 4681 783 4736 drvtnrus
797 4680 920 4752 efficiet,
941 4682 981 4740 ita
999 4684 1077 4740 utin
1118 4691 1208 4762 gatio.
1220 4693 1423 4750 Underertunt
1432 4692 1500 4766 ipsi,
1508 4699 1535 4749 et
1543 4696 1597 4750 erit
1605 4698 1662 4765 ipsi
1668 4700 1851 4768 cmtpreqote‘e,
1861 4698 1909 4755 vel

288 4763 1075 4858 Chrisioprimumqtfflsimoharsshdregssarssincipias:
1118 4774 1872 4850 ccclestheatt'um.ltaVatahlus,larrius,Forsterus.

287 4865 322 4905 nc
335 4849 461 4921 proinde
474 4849 587 4906 ratione
600 4848 705 4905 Christi
717 4861 754 4904 ex
773 4850 800 4902 te
814 4847 971 4918 nascituri,
987 4864 1077 4922 quem
1153 4857 1242 4915 Addit
1254 4859 1415 4928 rorsterus,
1425 4859 1541 4916 itrtelot
1554 4874 1611 4932 pro
1627 4861 1740 4917 illicitat
1752 4867 1781 4919 et
1797 4864 1909 4920 tumtur

288 4931 373 5005 quasi
387 4931 477 4990 finem
497 4935 526 4989 0²
545 4946 670 5004 ⁵⁰⁰P1¹ffl
687 4933 804 5003 ⁵P00l0i
827 4929 950 4988 inlessd⁰
967 4935 996 4987 ei
1008 4947 1078 5004 PFO-
1117 4942 1262 5013 positum,
1276 4955 1364 5014 posse
1381 4941 1474 5014 accipi
1487 4957 1542 5016 pro
1557 4942 1715 5015 concione,
1727 4944 1788 5003 sive
1799 4947 1910 5020 praedi·

287 5009 386 5086 mitto,
396 5016 524 5074 maxime
535 5016 593 5073 hoc
601 5029 728 5086 regnum
735 5012 800 5083 tihi,
811 5029 829 5070 o
840 5013 926 5085 tuda,
936 5015 1077 5086 promitto
1119 5023 1232 5082 catione
1250 5040 1258 5079 ν
1274 5025 1415 5081 alahclct
1434 5025 1515 5083 enim
1527 5023 1561 5080 tit
1575 5025 1690 5095 cohelet,
1707 5027 1800 5086 idest
1815 5029 1909 5089 eccle·

287 5103 315 5155 et
327 5099 456 5170 assigno.
468 5099 566 5156 Ethoc
576 5095 711 5170 estquod
725 5096 875 5169 Prophetae
888 5097 998 5169 possim
1009 5113 1078 5171 pro-

287 5181 419 5279 mittunt,
442 5182 550 5241 seilicet
568 5181 715 5239 Christum
734 5181 934 5238 restituturum
952 5197 1077 5253 regnum
1150 5209 1186 5274 (t)
1198 5211 1237 5262 11,
1246 5211 1361 5264 hodierni
1372 5211 1427 5265 iere
1437 5225 1538 5279 omna,
1551 5215 1694 5283 siquitem,
1708 5215 1807 5285 wlner,
1817 5220 1910 5272 pm.

288 5266 405 5325 [laudes
418 5269 446 5325 et
458 5267 544 5324 luda.
558 5265 666 5322 Exhoc
675 5267 979 5338 sensuapparethanc
989 5270 1078 5329 hene·
1119 5286 1253 5348 mutieres,
1267 5281 1402 5347 occentus,
1415 5285 1444 5334 Ρ.
1461 5285 1600 5353 Petrinus,
1611 5295 1661 5340 ste.

2053 2773 2058 2784 ’
2097 2857 2103 2992 t
