4182 6044
356 408 360 416 „
708 329 957 390 conuertuntur
974 333 1008 390 nv
1026 333 1180 404 monuit,
1198 349 1262 395 cir.
1283 337 1326 396 Xl.
1791 339 1840 400 82!

194 433 449 506 muscetanum
463 449 537 510 qno,
552 439 654 510 utpote
665 437 834 508 coniuncto,
849 453 927 494 unus
938 453 990 495 an·
1068 441 1260 514 'tropologice
1274 442 1302 499 S.
1316 439 1508 512 Augustinus,
1514 439 1545 498 fn
1557 439 1611 500 lib.
1621 443 1660 500 lte
1670 441 1831 502 eumericu-
1851 452 1950 510 druto.

194 518 296 592 gelus,
310 535 372 577 una
394 523 480 578 nocte
502 521 610 578 occidit
627 523 680 578 tet
698 521 791 578 millia
800 562 810 591 ,
825 522 859 580 tv
877 525 989 593 Regum,
1035 526 1078 580 tie
1091 524 1178 580 decem
1192 531 1320 598 precept.
1340 541 1400 581 eam
1413 525 1501 582 decem
1518 527 1609 597 pingis
1623 529 1757 598 AEpyptt:
1776 527 1830 596 Qui
1859 515 1952 620 m·

195 617 261 676 eap.
285 618 345 660 xrx.
370 604 451 660 Unde
473 604 602 660 t‘ererius
624 603 819 676 probabiliter
840 609 938 679 putat,
958 606 991 664 in
1034 613 1175 680 peccant,
1188 608 1242 678 ait,
1256 612 1359 666 contra
1373 609 1522 666 decimum
1535 613 1831 684 preceptummNon
1844 587 1941 682 2120&OE

84 681 88 688 '
196 686 329 762 qnalibet
340 687 455 742 civitate
468 686 558 742 fuisse
573 703 666 744 unum
681 690 837 760 angelum,
850 691 903 763 qui
916 689 991 746 ocei-
1035 692 1237 764 concupisces,
1252 711 1267 744 a
1281 708 1334 765 per
1349 691 1483 762 fraudes,
1499 692 1618 765 rupinas
1638 693 1770 766 aliasque
1788 693 1832 750 iu·
1860 697 1933 753 vui?

196 771 271 828 derit
283 769 481 843 primogenita
494 771 710 844 AEgyptiorum.
928 793 936 809 ·
1032 773 1177 845 justitias,
1194 775 1224 831 hi
1241 775 1406 848 puniuntur
1428 779 1524 832 morte
1547 776 1831 851 primogenitorum,
1844 757 1923 866 ξζξξη

78 861 175 932 uotum
232 857 350 924 Qtvaeres
370 855 500 924 secundo,
515 855 569 929 qui
589 855 790 928 intelligantur
811 856 860 916 bie
878 858 992 934 primo·
1036 859 1186 932 quianon
1205 859 1416 932 relinquuntur
1436 857 1566 916 breredes
1587 857 1739 918 bonorum
1755 859 1832 918 malo

71 921 183 1028 hssmu'r‘*
195 938 306 1010 genitif
328 938 504 1011 Respondeo
519 955 527 993 r
543 955 647 996 omnes
669 940 730 1010 illi,
745 941 798 1014 qui
818 942 916 1015 primo
930 943 992 1000 nati
1036 945 1208 1014 partorum,
1231 959 1266 1000 ae
1285 958 1347 1000 uon
1360 958 1429 1000 raro
1447 957 1551 1000 eorum
1569 941 1623 999 filii
1642 946 1670 999 et
1689 943 1832 1014 heredes,

89 1043 169 1100 primo.
196 1025 278 1079 erant
288 1037 323 1080 ex
337 1023 397 1078 suis
409 1021 592 1094 parentibus,
604 1023 665 1079 sivo
674 1023 818 1082 baberent
830 1024 920 1096 filios,
930 1026 991 1084 sive
1036 1024 1126 1082 etiam
1146 1026 1350 1104 primogeniti,
1363 1025 1559 1095 emoriuntur3
1575 1041 1644 1082 nam
1659 1024 1737 1083 male
1748 1029 1833 1098 parta

83 1103 169 1160 senii?
196 1119 273 1174 non,
287 1108 315 1162 et
326 1103 387 1162 sive
400 1105 530 1162 viverent
543 1121 648 1162 eorum
661 1113 810 1180 parentes,
832 1108 893 1165 sive
910 1124 972 1166 non
980 1128 989 1180 ;
1037 1108 1114 1164 melo
1129 1108 1317 1181 ditabuntur,
1331 1114 1359 1168 et
1374 1109 1436 1167 ude
1449 1109 1527 1167 male
1541 1107 1673 1182 quaesitis
1685 1123 1748 1166 non
1760 1123 1832 1182 gau·

196 1205 287 1264 quare
302 1203 406 1246 omnes
425 1187 650 1260 patresfamilias
664 1192 717 1265 qui
739 1196 823 1250 erant
842 1193 992 1266 primoge·
1037 1189 1199 1248 dettertius
1212 1193 1336 1251 heres.»

196 1273 259 1342 niti,
274 1272 322 1330 hic
333 1272 399 1330 cresi
412 1277 494 1342 sunt,
507 1289 624 1329 rursum
636 1289 741 1348 eorum
755 1281 902 1349 parentes,
917 1277 992 1350 quin
1071 1275 1206 1343 Secunde,
1220 1277 1418 1350 primogenita
1427 1277 1635 1352 AEgyptiorum
1648 1281 1717 1334 sunt
1727 1275 1832 1336 diabo-
1844 1281 1949 1334 summ.

196 1361 224 1412 et
236 1355 309 1427 filii,
327 1355 353 1412 si
370 1361 454 1414 erant
466 1357 666 1429 primogeniti.
683 1359 780 1429 Unde,
793 1359 864 1434 quia
879 1361 992 1420 Pharao
1035 1357 1084 1416 lus
1105 1364 1135 1417 et
1157 1359 1256 1430 angeli
1276 1361 1355 1431 ejus,
1376 1377 1454 1433 quos
1473 1361 1604 1418 Christus
1626 1361 1757 1420 adventu
1776 1377 1832 1419 suo

195 1439 243 1496 hic
256 1437 387 1498 nonfuit
400 1455 508 1511 caesus,
528 1441 598 1498 hinc
612 1442 720 1515 liquet,
735 1459 805 1501 eum
825 1459 887 1502 non
901 1443 991 1502 fuisse
1035 1442 1175 1516 perdidit.
1191 1447 1318 1501 ltursurn
1332 1448 1403 1501 sunt
1412 1443 1613 1501 haeresiarchae
1626 1445 1655 1500 et
1666 1444 1832 1502 inventores

195 1523 992 1602 primogenitum,sedprimogenitomortuo,vclpree-
1033 1524 1178 1584 falsarum
1199 1527 1393 1599 religionum,
1415 1543 1492 1600 quas
1511 1525 1616 1583 Christi
1635 1525 1741 1584 veritas
1763 1542 1833 1585 cum

196 1606 280 1666 terito
305 1607 336 1664 in
359 1623 485 1678 reguum
511 1611 694 1666 successisse.
722 1609 811 1668 Addit
835 1611 991 1668 abulensis
1036 1611 1097 1666 suis
1107 1611 1252 1682 extinguit
1265 1609 1498 1668 auctoribus.lta
1512 1609 1663 1681 Origenes,
1677 1611 1706 1667 S.
1720 1617 1834 1684 augus·

196 1690 409 1764 primogenitos
422 1691 470 1748 hic
483 1692 606 1763 intelligi
620 1698 681 1749 taur
694 1693 920 1766 fcruinasquam
930 1711 992 1752 ma·
1036 1694 1132 1765 tinus,
1150 1711 1287 1752 sermone
1301 1699 1335 1754 87
1352 1698 1389 1751 tte
1404 1696 1540 1766 Tempore.

195 1789 252 1844 res,
264 1774 356 1848 idque
369 1773 430 1832 sive
440 1775 630 1847 primogeniti
638 1780 734 1832 essent
744 1783 876 1850 respectu
885 1779 993 1836 utrius·
1074 1781 1178 1848 Tertio,
1195 1779 1324 1836 Pererius
1340 1796 1347 1834 :
1363 1779 1504 1851 AEgyptii,
1523 1777 1634 1851 inquit,
1653 1780 1722 1835 sunt
1734 1777 1834 1837 hostes
1847 1789 1929 1838 tutte

196 1873 254 1931 que
269 1857 408 1930 parentis,
423 1858 484 1914 sive
495 1858 583 1914 unius
593 1863 719 1915 tautum.
733 1861 798 1927 Quo
809 1859 917 1931 posito,
929 1860 994 1920 fieri
1036 1859 1187 1931 fidelium,
1201 1865 1275 1935 puta
1290 1861 1429 1919 diabolus
1448 1865 1476 1918 et
1489 1862 1631 1918 mundus.
1646 1859 1762 1918 Diaboli
1773 1861 1835 1935 pri-

123 1997 127 2004 ,
195 1943 325 2014 poterat,
345 1944 378 1996 ut
389 1940 421 1998 in
436 1956 498 1998 una
511 1941 603 1998 doruo
616 1941 718 2014 plures
736 1946 833 1999 esseut
845 1944 994 2018 priruoge-
1036 1945 1187 2016 mogenita
1200 1949 1268 2002 sunt
1282 1952 1451 2018 peccatum,
1471 1944 1599 2000 maxime
1616 1944 1774 2016 originale,
1794 1944 1835 2002 ait

196 2023 260 2093 niti,
273 2023 356 2081 verbi
370 2025 475 2097 gratia,
490 2031 523 2081 ut
536 2025 746 2099 paterfamilias
760 2032 835 2084 esset
844 2027 994 2101 primoge-
1037 2029 1197 2100 teupertus,
1213 2032 1242 2086 et
1257 2043 1348 2086 mors.
1371 2027 1484 2096 Primus
1506 2027 1585 2085 euim
1599 2042 1707 2102 parens
1722 2029 1834 2102 peceati

197 2107 275 2164 nitus
288 2108 459 2180 parentibus
479 2109 555 2180 suis,
576 2115 604 2166 et
618 2125 695 2166 uxor
707 2111 904 2183 primogenita
919 2115 994 2169 esset
1036 2109 1092 2168 tuit
1104 2111 1218 2168 Lucifer
1230 2117 1258 2168 et
1271 2127 1391 2186 serpens
1405 2112 1436 2168 in
1449 2111 1605 2184 paradiso,
1623 2109 1746 2184 ejusque
1760 2112 1835 2170 invi-

196 2189 268 2259 snis,
282 2194 311 2247 et
322 2191 476 2266 utriusque
485 2189 564 2248 filius
573 2191 788 2265 primogenitus
794 2212 803 2264 ;
819 2197 858 2264 et,
872 2193 896 2248 si
909 2197 993 2266 pater
1037 2193 1087 2250 dia
1103 2211 1185 2251 mors
1202 2195 1333 2252 introivit
1352 2195 1384 2252 in
1403 2194 1507 2252 orbem
1525 2201 1680 2252 terrarum.
1699 2197 1764 2252 lioec
1785 2213 1834 2254 oe·

119 2321 121 2325 .
196 2272 245 2330 ille
259 2273 360 2346 plures
374 2274 495 2332 haberet
514 2291 640 2346 uxores,
655 2281 744 2350 atque
764 2293 801 2334 ex
819 2277 943 2348 singulis
956 2276 994 2334 li·
1036 2277 1108 2336 cidit
1127 2277 1271 2350 Christus,
1291 2295 1360 2336 cum
1381 2283 1507 2336 mortem
1523 2282 1656 2336 nostram
1677 2277 1834 2336 moriendo

196 2356 295 2428 beros,
304 2364 440 2431 respectu
449 2360 605 2432 cujuslibet
615 2361 717 2418 uxoris
726 2365 788 2418 erat
796 2375 874 2417 unus
883 2361 997 2434 primo.
1038 2360 1197 2433 destruxit,
1210 2366 1239 2420 et
1253 2362 1344 2419 vitam
1362 2363 1544 2432 resurgendo
1559 2360 1717 2436 reparavit.
1734 2362 1835 2421 Mundi
1868 2433 1874 2441 1

196 2442 327 2516 genitus,
340 2443 381 2501 ita
394 2444 470 2502 utin
484 2461 545 2504 uua
557 2445 670 2504 familia
689 2445 838 2520 quinque,
852 2451 881 2502 ct
893 2445 994 2518 plnres
1036 2445 1234 2518 primogenita
1252 2450 1322 2502 sunt
1339 2446 1577 2520 concupiscentia
1595 2445 1708 2516 earnis,
1725 2461 1835 2503 eonon·

197 2524 326 2583 subinde
346 2532 443 2585 essent
455 2528 659 2601 primogeniti,
681 2545 759 2602 quos
776 2543 880 2586 omnes
894 2529 925 2584 in
939 2529 995 2586 bac
1038 2526 1180 2600 piscentia
1197 2528 1369 2599 oculorum,
1383 2533 1412 2584 et
1425 2527 1566 2601 superbia
1577 2528 1645 2586 vitm
1660 2545 1669 2584 r
1683 2528 1746 2586 heo
1760 2528 1837 2586 ocei-

196 2609 386 2683 ptagacoesos
397 2627 459 2668 esse
472 2617 570 2670 censet
582 2612 748 2682 abulensis,
760 2617 848 2686 atque
861 2611 995 2669 itafaeife
1038 2610 1082 2667 dit
1101 2611 1205 2668 Christi
1223 2611 1316 2682 gratia
1337 2627 1391 2686 per
1413 2613 1591 2670 munditiam
1605 2611 1702 2670 carnis
1723 2617 1752 2670 et
1772 2628 1836 2670 eor·

196 2693 261 2752 tieri
269 2693 366 2768 potuit
375 2695 500 2770 idquod
509 2697 704 2771 aitScriptura
714 2712 841 2771 capua,
850 2711 927 2754 vers.
938 2698 992 2755 30:
1038 2693 1095 2763 dis,
1106 2700 1310 2770 paupertatem
1324 2695 1454 2769 spiritns,
1466 2712 1500 2754 ao
1510 2696 1706 2755 humilitatem
1717 2695 1835 2756 mentis.

200 2780 322 2854 «Neque
333 2780 412 2838 enim
423 2786 486 2840 erat
500 2783 610 2840 domus
619 2783 649 2838 in
659 2797 721 2856 qua
729 2797 789 2839 non
798 2783 907 2852 jaceret
916 2797 996 2838 rnor-
1020 2777 1139 2834 'Nonne
1151 2779 1255 2836 mundi
1267 2780 1465 2852 primogenita
1478 2782 1547 2836 sunt
1560 2779 1679 2850 divitiae,
1694 2779 1836 2852 honores,

197 2867 302 2921 tunsis
328 2867 403 2921 Deus
424 2869 524 2924 tamen
544 2882 601 2940 pro
621 2866 702 2924 hisee
721 2863 926 2939 primogenitis
940 2865 994 2922 tte·
1035 2861 1217 2934 voluptates,
1232 2862 1329 2918 inanis
1342 2863 1458 2933 gloria‘.t
1470 2863 1533 2919 haec
1546 2863 1690 2936 percussit
1704 2863 1836 2920 Christus

196 2945 347 3004 breeorum
360 2948 408 3005 hic
419 2951 551 3021 servatis,
564 2950 645 3006 solos
657 2964 761 3006 eorum
774 2963 870 3005 mures
880 2947 995 3020 primo·
1037 2942 1185 3002 concubia
1198 2947 1283 3001 noete
1297 2947 1458 3002 nascendo.
1480 2945 1599 3002 Divitias
1613 2945 1694 3003 enim
1707 2945 1836 3004 admire-

197 3031 311 3105 genitos
322 3030 379 3088 sibi
393 3033 494 3090 offerri
509 3033 695 3108 depoposcit,
707 3047 773 3106 cap.
785 3046 848 3102 xur,
860 3045 938 3087 vers.
948 3031 993 3088 te.
1036 3023 1091 3084 bili
1104 3031 1276 3101 paupertate
1288 3028 1435 3101 praesepii,
1449 3029 1579 3086 honores
1592 3029 1725 3086 inaudita
1738 3030 1836 3088 humi·

231 3113 309 3172 Audi
321 3115 359 3172 de
370 3116 427 3174 hac
440 3117 520 3176 erede
533 3118 697 3191 Sapientem
712 3131 777 3190 cap.
791 3130 861 3173 xvvu
875 3131 882 3170 ι
900 3113 995 3172 ccum
1036 3108 1117 3168 litate
1131 3109 1330 3180 tenebrarum,
1344 3111 1511 3184 voluptates
1525 3111 1617 3184 ipsius
1631 3111 1740 3168 stabuli
1751 3128 1836 3186 aspe-

196 3197 346 3273 quielum,
365 3199 476 3274 inquit,
495 3201 645 3259 silentium
658 3201 820 3258 contineret
832 3197 947 3268 omnia,
966 3199 996 3256 et
1037 3193 1121 3254 nilate
1136 3195 1282 3253 contrivit.
1304 3194 1386 3251 Unde
1402 3195 1466 3266 jam
1484 3199 1643 3269 paupertas
1664 3194 1835 3253 divitiarum

197 3296 258 3340 nox
271 3283 303 3339 in
317 3297 372 3339 suo
383 3299 473 3341 eursu
486 3283 619 3341 medium
636 3283 691 3341 iter
704 3283 840 3354 haberet,
858 3281 996 3356 omnipo·
1037 3292 1148 3334 nomen
1158 3276 1215 3333 sibi
1226 3276 1355 3334 vindieat
1359 3296 1369 3349 3
1384 3277 1504 3348 divitiae,
1517 3278 1620 3352 inopia
1630 3277 1819 3352 appellantur
1823 3296 1834 3348 ς

196 3369 260 3422 tens
275 3381 373 3423 sermo
388 3369 472 3436 tuus,
487 3367 628 3436 bomine,
642 3365 764 3424 exiliens
777 3367 816 3424 de
834 3365 908 3422 caelo
919 3382 938 3423 a
950 3380 996 3423 re·
1037 3361 1224 3434 ignominiae,
1248 3361 1378 3419 ludibria
1398 3365 1426 3418 et
1443 3361 1622 3435 opprobria,
1644 3377 1712 3436 qum
1729 3361 1835 3420 Christi

196 3445 315 3520 gutibus
326 3448 458 3519 sedibus,
473 3449 568 3506 durus
582 3449 748 3507 debellator
757 3449 789 3506 in
801 3449 932 3506 mediam
945 3463 996 3506 ex·
1037 3460 1127 3512 causa
1137 3445 1310 3515 tolerantur,
1320 3445 1450 3502 honores
1462 3446 1616 3518 dicuntum
1628 3461 1712 3516 crux,
1723 3445 1832 3518 glorin3

197 3531 324 3589 terminii
338 3535 446 3590 terram
457 3531 614 3606 prosilivit,
628 3533 746 3603 gladius
758 3535 861 3590 uentus
873 3530 996 3588 insimn·
1037 3545 1134 3598 mors,
1148 3529 1225 3601 vita;
1239 3545 1352 3598 career,
1367 3529 1487 3588 libertas
1501 3531 1681 3586 nominatur.

197 3614 291 3672 latum
309 3615 467 3688 imperium
486 3620 572 3673 tuum
586 3618 766 3687 portans,et
778 3621 859 3672 stans
872 3613 997 3688 replevit
1072 3615 1100 3669 9.
1116 3615 1156 3669 Er
1169 3613 1464 3670 nxrvrvePuturoun
1477 3627 1577 3668 ruerus
1591 3617 1833 3684 urnis,-tantae
1846 3627 1939 3676 voce.
1981 3673 1995 3687 ,

197 3699 298 3757 omnia
309 3705 415 3769 morte,
430 3707 458 3758 et
469 3716 564 3773 usqne
575 3701 614 3756 ad
624 3700 732 3757 coelum
743 3699 903 3770 attingebat
914 3701 994 3756 stans
1036 3695 1288 3768 tergiversationi,
1302 3695 1474 3769 pervicaciae
1488 3700 1517 3753 et
1535 3695 1691 3754 rebellioni
1708 3697 1834 3756 Pherae·

196 3781 227 3839 in
239 3787 353 3840 terro.»
375 3782 447 3840 ltine
459 3783 577 3840 videtur
590 3783 674 3858 quod
689 3783 812 3852 angelus
826 3797 888 3839 non
900 3786 994 3855 peste,
1036 3781 1093 3838 nis.

196 3865 786 3940 sedgladioocciderithaeeprimogeuita.
797 3869 903 3922 Verum
914 3865 996 3936 ugia·
1071 3867 1153 3922 Drxrr
1165 3879 1259 3922 ternu
1275 3865 1402 3922 Douruus
1414 3879 1452 3919 tn
1465 3866 1591 3920 Movsnu.
1616 3891 1653 3906 -·
1675 3865 1723 3920 Est
1741 3863 1833 3937 epilo-
1987 3869 1995 3946 ἦ
2083 3913 2085 3926 .

197 3948 336 4008 diusain
353 3949 502 4020 Scriptura
523 3965 612 4005 omne
629 3951 873 4016 instrumentum,
893 3948 995 4006 omnia
1036 3963 1092 4018 gus
1106 3952 1263 4006 etsurnma
1280 3946 1509 4018 praecedentium
1523 3946 1669 4018 capitum,
1686 3963 1715 4018 q.
1737 3947 1765 4004 d.
1785 3947 1833 4003 ni·
1874 3947 1878 3951 '
1987 3947 1996 4003 i

81 4050 112 4090 ,r
197 4042 293 4100 arma,
306 4045 396 4086 omne
410 4046 503 4100 genus
513 4031 615 4086 mortis
627 4031 782 4099 siguificat,
795 4035 827 4086 ut
836 4029 907 4085 alibi
917 4030 992 4085 dixi:
1035 4036 1119 4086 xerat
1136 4033 1234 4084 nutem
1247 4028 1388 4083 tietuinus
1400 4027 1439 4082 ad
1451 4029 1586 4098 tfoysen,
1605 4033 1678 4100 puta
1691 4037 1757 4086 ante
1770 4029 1833 4104 pla·

198 4126 252 4173 nee
265 4111 389 4184 angelus
403 4112 514 4182 indiget
527 4111 641 4182 gladio;
660 4111 799 4166 facillime
819 4111 899 4166 enim
917 4109 996 4166 fran-
1037 4125 1089 4184 gas
1103 4109 1246 4181 AEgypliis
1259 4109 1406 4166 immissas
1420 4125 1485 4182 cap.
1500 4124 1548 4180 ut,
1561 4126 1638 4168 vers.
1651 4115 1696 4169 te.

198 4195 296 4268 gendo
309 4209 373 4265 eor,
388 4198 440 4252 aut
450 4194 620 4252 collidendo
632 4197 730 4268 partes
743 4192 857 4262 vitales,
873 4195 925 4248 aut
937 4189 998 4249 suf·
1072 4196 1118 4250 te.
1131 4195 1188 4249 Nnc
1203 4207 1307 4248 nvursrr
1320 4206 1411 4250 erutos
1422 4193 1535 4262 isarei,
1553 4223 1589 4236 -
1606 4195 1760 4269 hucusque
1777 4197 1833 4254 sei-
1848 4215 1907 4262 vm.
1917 4220 1951 4264 re.

198 4278 342 4351 iocando,
361 4277 487 4350 aliisque
500 4277 648 4336 similibus
662 4276 762 4334 modis
775 4293 807 4334 sc
820 4275 885 4336 solo
899 4278 997 4352 potest
1037 4276 1121 4347 licet,
1138 4292 1234 4350 usque
1252 4276 1292 4332 ad
1309 4275 1455 4334 decimam
1473 4277 1593 4348 plagam
1610 4295 1619 4332 r
1640 4292 1710 4334 nam
1731 4278 1763 4335 in
1780 4280 1833 4337 de·

198 4361 334 4425 homines
346 4361 498 4434 occidere,
519 4361 643 4436 perinde
656 4364 690 4420 ut
701 4375 759 4422 nos
774 4359 888 4436 pulices
901 4359 995 4440 digito
1037 4361 1115 4416 eima
1127 4375 1178 4415 eos
1193 4359 1333 4431 dimittet,
1343 4359 1387 4416 uti
1399 4360 1568 4420 videbimus
1580 4361 1675 4437 capite
1686 4369 1833 4440 sequent,

199 4445 426 4524 comprimimus
438 4449 470 4503 et
480 4445 656 4504 occidimus.
1037 4457 1116 4502 vers.
1134 4445 1182 4502 30.
1634 4437 1635 4442 ’
