<?xml version="1.0" encoding="UTF-8"?>
<!DOCTYPE html PUBLIC "-//W3C//DTD XHTML 1.0 Transitional//EN"
    "http://www.w3.org/TR/xhtml1/DTD/xhtml1-transitional.dtd">
<html xmlns="http://www.w3.org/1999/xhtml" xml:lang="en" lang="en">
 <head>
  <title>
</title>
<meta http-equiv="Content-Type" content="text/html;charset=utf-8" />
  <meta name='ocr-system' content='tesseract 3.04.00' />
  <meta name='ocr-capabilities' content='ocr_page ocr_carea ocr_par ocr_line ocrx_word'/>
</head>
<body>
  <div class='ocr_page' id='page_1' title='image "./commentariainsc00lapigoog_0883.png"; bbox 0 0 4050 6018; ppageno 0'>
   <div class='ocr_carea' id='block_1_1' title="bbox 255 381 1399 456">
    <p class='ocr_par' dir='ltr' id='par_1_1' title="bbox 255 381 1399 456">
     <span class='ocr_line' id='line_1_1' title="bbox 255 381 1399 456; baseline 0.001 -16"><span class='ocrx_word' id='word_1_1' title='bbox 255 383 309 440; x_wconf 80' lang='lat' dir='ltr'><strong>aaa</strong></span> <span class='ocrx_word' id='word_1_2' title='bbox 746 381 988 441; x_wconf 71' lang='lat' dir='ltr'><strong>commutauit</strong></span> <span class='ocrx_word' id='word_1_3' title='bbox 1006 383 1040 441; x_wconf 80' lang='lat' dir='ltr'><strong>lit</strong></span> <span class='ocrx_word' id='word_1_4' title='bbox 1057 381 1210 456; x_wconf 75' lang='lat' dir='ltr'><strong>mooun,</strong></span> <span class='ocrx_word' id='word_1_5' title='bbox 1229 397 1292 442; x_wconf 74' lang='lat' dir='ltr'><strong>chr.</strong></span> <span class='ocrx_word' id='word_1_6' title='bbox 1309 381 1399 443; x_wconf 73' lang='lat' dir='ltr'><strong>ml.</strong></span> 
     </span>
    </p>
   </div>
   <div class='ocr_carea' id='block_1_2' title="bbox 135 483 2014 5416">
    <p class='ocr_par' dir='ltr' id='par_1_2' title="bbox 135 483 2014 5416">
     <span class='ocr_line' id='line_1_2' title="bbox 255 483 1888 561; baseline 0.001 -19"><span class='ocrx_word' id='word_1_7' title='bbox 255 486 293 542; x_wconf 89' lang='lat' dir='ltr'><strong>tis</strong></span> <span class='ocrx_word' id='word_1_8' title='bbox 311 484 529 559; x_wconf 80' lang='lat' dir='ltr'><strong>phrygionicoe3</strong></span> <span class='ocrx_word' id='word_1_9' title='bbox 558 503 574 542; x_wconf 76' lang='lat' dir='ltr'><strong>r</strong></span> <span class='ocrx_word' id='word_1_10' title='bbox 595 486 627 544; x_wconf 92' lang='lat' dir='ltr'><strong>in</strong></span> <span class='ocrx_word' id='word_1_11' title='bbox 646 485 837 551; x_wconf 76' lang='lat' dir='ltr'><strong>inferioribus</strong></span> <span class='ocrx_word' id='word_1_12' title='bbox 860 491 960 561; x_wconf 82' lang='lat' dir='ltr'><strong>terre,</strong></span> <span class='ocrx_word' id='word_1_13' title='bbox 976 509 991 546; x_wconf 71' lang='lat' dir='ltr'><strong>a</strong></span> <span class='ocrx_word' id='word_1_14' title='bbox 1016 489 1048 548; x_wconf 92' lang='lat' dir='ltr'><strong>id</strong></span> <span class='ocrx_word' id='word_1_15' title='bbox 1091 487 1206 558; x_wconf 84' lang='lat' dir='ltr'><strong>lomaei,</strong></span> <span class='ocrx_word' id='word_1_16' title='bbox 1230 491 1335 546; x_wconf 84' lang='lat' dir='ltr'><strong>octava</strong></span> <span class='ocrx_word' id='word_1_17' title='bbox 1351 489 1490 558; x_wconf 63' lang='lat' dir='ltr'><strong>homas,</strong></span> <span class='ocrx_word' id='word_1_18' title='bbox 1504 497 1588 543; x_wconf 84' lang='lat' dir='ltr'><strong>nona</strong></span> <span class='ocrx_word' id='word_1_19' title='bbox 1605 484 1752 554; x_wconf 64' lang='grc' dir='ltr'><strong>ΗΜ,</strong></span> <span class='ocrx_word' id='word_1_20' title='bbox 1767 483 1888 543; x_wconf 71' lang='lat' dir='ltr'><strong>desim</strong></span> 
     </span>
     <span class='ocr_line' id='line_1_3' title="bbox 255 569 1896 646; baseline 0 -20"><span class='ocrx_word' id='word_1_21' title='bbox 255 572 299 626; x_wconf 87' lang='lat' dir='ltr'><strong>est</strong></span> <span class='ocrx_word' id='word_1_22' title='bbox 311 569 342 626; x_wconf 93' lang='lat' dir='ltr'><strong>in</strong></span> <span class='ocrx_word' id='word_1_23' title='bbox 354 569 473 630; x_wconf 86' lang='lat' dir='ltr'><strong>matrice</strong></span> <span class='ocrx_word' id='word_1_24' title='bbox 487 569 605 642; x_wconf 88' lang='lat' dir='ltr'><strong>matris,</strong></span> <span class='ocrx_word' id='word_1_25' title='bbox 619 569 706 646; x_wconf 81' lang='lat' dir='ltr'><strong>quasi</strong></span> <span class='ocrx_word' id='word_1_26' title='bbox 722 571 754 628; x_wconf 90' lang='lat' dir='ltr'><strong>ln</strong></span> <span class='ocrx_word' id='word_1_27' title='bbox 767 571 835 630; x_wconf 91' lang='lat' dir='ltr'><strong>loco</strong></span> <span class='ocrx_word' id='word_1_28' title='bbox 852 571 1004 631; x_wconf 89' lang='lat' dir='ltr'><strong>recondito</strong></span> <span class='ocrx_word' id='word_1_29' title='bbox 1018 576 1050 630; x_wconf 89' lang='lat' dir='ltr'><strong>et</strong></span> <span class='ocrx_word' id='word_1_30' title='bbox 1091 572 1226 644; x_wconf 79' lang='lat' dir='ltr'><strong>lhadaei,</strong></span> <span class='ocrx_word' id='word_1_31' title='bbox 1256 571 1415 629; x_wconf 85' lang='lat' dir='ltr'><strong>undecima</strong></span> <span class='ocrx_word' id='word_1_32' title='bbox 1444 569 1590 640; x_wconf 83' lang='lat' dir='ltr'><strong>Simonis,</strong></span> <span class='ocrx_word' id='word_1_33' title='bbox 1616 569 1798 628; x_wconf 80' lang='lat' dir='ltr'><strong>duodecima</strong></span> <span class='ocrx_word' id='word_1_34' title='bbox 1821 570 1896 626; x_wconf 67' lang='lat' dir='ltr'><strong>lat-</strong></span> 
     </span>
     <span class='ocr_line' id='line_1_4' title="bbox 255 651 1896 730; baseline 0.001 -21"><span class='ocrx_word' id='word_1_35' title='bbox 255 651 456 710; x_wconf 87' lang='lat' dir='ltr'><strong>subterraueo.</strong></span> <span class='ocrx_word' id='word_1_36' title='bbox 467 651 636 730; x_wconf 84' lang='lat' dir='ltr'><strong>Campensis</strong></span> <span class='ocrx_word' id='word_1_37' title='bbox 647 655 779 727; x_wconf 86' lang='lat' dir='ltr'>exponit,</span> <span class='ocrx_word' id='word_1_38' title='bbox 793 655 896 714; x_wconf 78' lang='lat' dir='ltr'><strong>ovelut</strong></span> <span class='ocrx_word' id='word_1_39' title='bbox 905 656 1048 730; x_wconf 87' lang='lat' dir='ltr'><strong>tapetium</strong></span> <span class='ocrx_word' id='word_1_40' title='bbox 1091 657 1171 715; x_wconf 74' lang='lat' dir='ltr'><strong>thiae.</strong></span> <span class='ocrx_word' id='word_1_41' title='bbox 1183 677 1199 710; x_wconf 71' lang='lat' dir='ltr'><strong>a</strong></span> <span class='ocrx_word' id='word_1_42' title='bbox 1216 656 1346 730; x_wconf 83' lang='lat' dir='ltr'><strong>uerique</strong></span> <span class='ocrx_word' id='word_1_43' title='bbox 1358 657 1423 727; x_wconf 86' lang='lat' dir='ltr'><strong>ejus</strong></span> <span class='ocrx_word' id='word_1_44' title='bbox 1438 654 1587 727; x_wconf 90' lang='lat' dir='ltr'><strong>templum</strong></span> <span class='ocrx_word' id='word_1_45' title='bbox 1605 657 1636 711; x_wconf 91' lang='lat' dir='ltr'><strong>et</strong></span> <span class='ocrx_word' id='word_1_46' title='bbox 1652 653 1758 712; x_wconf 81' lang='lat' dir='ltr'><strong>Sancta</strong></span> <span class='ocrx_word' id='word_1_47' title='bbox 1773 655 1896 710; x_wconf 82' lang='lat' dir='ltr'><strong>saneto-</strong></span> 
     </span>
     <span class='ocr_line' id='line_1_5' title="bbox 254 735 1896 816; baseline 0 -24"><span class='ocrx_word' id='word_1_48' title='bbox 254 749 271 792; x_wconf 90' lang='lat' dir='ltr'><strong>e</strong></span> <span class='ocrx_word' id='word_1_49' title='bbox 283 735 382 792; x_wconf 88' lang='lat' dir='ltr'><strong>nervis</strong></span> <span class='ocrx_word' id='word_1_50' title='bbox 395 738 424 792; x_wconf 89' lang='lat' dir='ltr'><strong>et</strong></span> <span class='ocrx_word' id='word_1_51' title='bbox 436 735 519 792; x_wconf 87' lang='lat' dir='ltr'><strong>venis</strong></span> <span class='ocrx_word' id='word_1_52' title='bbox 528 739 681 797; x_wconf 84' lang='lat' dir='ltr'><strong>contextus</strong></span> <span class='ocrx_word' id='word_1_53' title='bbox 694 753 762 800; x_wconf 88' lang='lat' dir='ltr'><strong>sum</strong></span> <span class='ocrx_word' id='word_1_54' title='bbox 774 737 806 796; x_wconf 87' lang='lat' dir='ltr'><strong>in</strong></span> <span class='ocrx_word' id='word_1_55' title='bbox 817 743 901 797; x_wconf 87' lang='lat' dir='ltr'><strong>utero</strong></span> <span class='ocrx_word' id='word_1_56' title='bbox 911 739 1045 802; x_wconf 76' lang='lat' dir='ltr'><strong>matris.»</strong></span> <span class='ocrx_word' id='word_1_57' title='bbox 1091 755 1160 798; x_wconf 90' lang='lat' dir='ltr'><strong>rum</strong></span> <span class='ocrx_word' id='word_1_58' title='bbox 1172 740 1214 797; x_wconf 86' lang='lat' dir='ltr'><strong>ita</strong></span> <span class='ocrx_word' id='word_1_59' title='bbox 1226 739 1379 816; x_wconf 82' lang='lat' dir='ltr'><strong>depingit:</strong></span> <span class='ocrx_word' id='word_1_60' title='bbox 1395 738 1475 795; x_wconf 66' lang='lat' dir='ltr'><strong>«Sed</strong></span> <span class='ocrx_word' id='word_1_61' title='bbox 1485 735 1840 811; x_wconf 81' lang='lat' dir='ltr'><strong>attemplammhificum</strong></span> <span class='ocrx_word' id='word_1_62' title='bbox 1850 739 1896 792; x_wconf 79' lang='lat' dir='ltr'><strong>eat</strong></span> 
     </span>
     <span class='ocr_line' id='line_1_6' title="bbox 253 817 1896 896; baseline 0 -20"><span class='ocrx_word' id='word_1_63' title='bbox 253 817 397 892; x_wconf 76' lang='lat' dir='ltr'><strong>Loquitur</strong></span> <span class='ocrx_word' id='word_1_64' title='bbox 411 817 519 876; x_wconf 84' lang='lat' dir='ltr'><strong>Psaltes</strong></span> <span class='ocrx_word' id='word_1_65' title='bbox 533 817 760 880; x_wconf 87' lang='lat' dir='ltr'><strong>deformatione</strong></span> <span class='ocrx_word' id='word_1_66' title='bbox 777 822 907 880; x_wconf 91' lang='lat' dir='ltr'><strong>hominis</strong></span> <span class='ocrx_word' id='word_1_67' title='bbox 926 823 1047 896; x_wconf 86' lang='lat' dir='ltr'><strong>cujusli-</strong></span> <span class='ocrx_word' id='word_1_68' title='bbox 1091 823 1123 880; x_wconf 92' lang='lat' dir='ltr'><strong>in</strong></span> <span class='ocrx_word' id='word_1_69' title='bbox 1136 837 1181 894; x_wconf 90' lang='lat' dir='ltr'><strong>ea,</strong></span> <span class='ocrx_word' id='word_1_70' title='bbox 1196 823 1310 880; x_wconf 87' lang='lat' dir='ltr'><strong>habens</strong></span> <span class='ocrx_word' id='word_1_71' title='bbox 1323 823 1428 880; x_wconf 85' lang='lat' dir='ltr'><strong>Sancta</strong></span> <span class='ocrx_word' id='word_1_72' title='bbox 1435 824 1642 878; x_wconf 85' lang='lat' dir='ltr'><strong>sanctorumet</strong></span> <span class='ocrx_word' id='word_1_73' title='bbox 1651 820 1742 878; x_wconf 83' lang='lat' dir='ltr'><strong>altaro</strong></span> <span class='ocrx_word' id='word_1_74' title='bbox 1752 833 1896 887; x_wconf 77' lang='lat' dir='ltr'><strong>aureum,</strong></span> 
     </span>
     <span class='ocr_line' id='line_1_7' title="bbox 253 899 1897 988; baseline 0.003 -31"><span class='ocrx_word' id='word_1_75' title='bbox 253 899 314 972; x_wconf 91' lang='lat' dir='ltr'><strong>bet,</strong></span> <span class='ocrx_word' id='word_1_76' title='bbox 331 901 392 958; x_wconf 85' lang='lat' dir='ltr'><strong>sive</strong></span> <span class='ocrx_word' id='word_1_77' title='bbox 408 899 579 976; x_wconf 79' lang='lat' dir='ltr'><strong>embryonis</strong></span> <span class='ocrx_word' id='word_1_78' title='bbox 596 901 626 960; x_wconf 93' lang='lat' dir='ltr'><strong>in</strong></span> <span class='ocrx_word' id='word_1_79' title='bbox 643 907 745 962; x_wconf 82' lang='lat' dir='ltr'><strong>rantra</strong></span> <span class='ocrx_word' id='word_1_80' title='bbox 762 907 873 964; x_wconf 88' lang='lat' dir='ltr'><strong>matris.</strong></span> <span class='ocrx_word' id='word_1_81' title='bbox 894 905 922 964; x_wconf 90' lang='lat' dir='ltr'><strong>si</strong></span> <span class='ocrx_word' id='word_1_82' title='bbox 938 923 1047 981; x_wconf 90' lang='lat' dir='ltr'><strong>corpus</strong></span> <span class='ocrx_word' id='word_1_83' title='bbox 1091 906 1256 988; x_wconf 75' lang='lat' dir='ltr'><strong>entecnius</strong></span> <span class='ocrx_word' id='word_1_84' title='bbox 1269 902 1649 978; x_wconf 83' lang='lat' dir='ltr'><strong>conspectumrirqnidam</strong></span> <span class='ocrx_word' id='word_1_85' title='bbox 1662 905 1737 960; x_wconf 85' lang='lat' dir='ltr'><strong>astat</strong></span> <span class='ocrx_word' id='word_1_86' title='bbox 1745 900 1897 969; x_wconf 79' lang='lat' dir='ltr'><strong>mirificus</strong></span> 
     </span>
     <span class='ocr_line' id='line_1_8' title="bbox 253 983 1897 1064; baseline -0.001 -22"><span class='ocrx_word' id='word_1_87' title='bbox 253 983 518 1056; x_wconf 81' lang='lat' dir='ltr'><strong>cujusvishominis</strong></span> <span class='ocrx_word' id='word_1_88' title='bbox 526 983 608 1043; x_wconf 83' lang='lat' dir='ltr'><strong>velut</strong></span> <span class='ocrx_word' id='word_1_89' title='bbox 616 985 811 1062; x_wconf 83' lang='lat' dir='ltr'><strong>phrygioniae</strong></span> <span class='ocrx_word' id='word_1_90' title='bbox 819 988 908 1048; x_wconf 83' lang='lat' dir='ltr'><strong>vestis</strong></span> <span class='ocrx_word' id='word_1_91' title='bbox 917 1005 972 1048; x_wconf 87' lang='lat' dir='ltr'><strong>acu</strong></span> <span class='ocrx_word' id='word_1_92' title='bbox 982 989 1047 1064; x_wconf 91' lang='lat' dir='ltr'><strong>pin·</strong></span> <span class='ocrx_word' id='word_1_93' title='bbox 1090 984 1897 1061; x_wconf 85' lang='lat' dir='ltr'><strong>tenensdeoomohordarumpsalterium,acjngiteribi</strong></span> 
     </span>
     <span class='ocr_line' id='line_1_9' title="bbox 253 1066 1896 1164; baseline 0.002 -39"><span class='ocrx_word' id='word_1_94' title='bbox 253 1066 947 1164; x_wconf 68' lang='lat' dir='ltr'><strong>gitur,quiddcChristicorporedicemus,cujus</strong></span> <span class='ocrx_word' id='word_1_95' title='bbox 956 1073 1048 1147; x_wconf 84' lang='lat' dir='ltr'><strong>phry·</strong></span> <span class='ocrx_word' id='word_1_96' title='bbox 1092 1073 1230 1144; x_wconf 73' lang='lat' dir='ltr'>degentes</span> <span class='ocrx_word' id='word_1_97' title='bbox 1251 1072 1290 1131; x_wconf 91' lang='lat' dir='ltr'><strong>ad</strong></span> <span class='ocrx_word' id='word_1_98' title='bbox 1310 1072 1431 1130; x_wconf 89' lang='lat' dir='ltr'><strong>laudem</strong></span> <span class='ocrx_word' id='word_1_99' title='bbox 1450 1071 1537 1143; x_wconf 87' lang='lat' dir='ltr'><strong>Regis</strong></span> <span class='ocrx_word' id='word_1_100' title='bbox 1557 1069 1638 1127; x_wconf 87' lang='lat' dir='ltr'><strong>iilius</strong></span> <span class='ocrx_word' id='word_1_101' title='bbox 1654 1069 1832 1130; x_wconf 80' lang='lat' dir='ltr'><strong>cohortatur</strong></span> <span class='ocrx_word' id='word_1_102' title='bbox 1849 1067 1896 1128; x_wconf 86' lang='lat' dir='ltr'><strong>di·</strong></span> 
     </span>
     <span class='ocr_line' id='line_1_10' title="bbox 253 1149 1987 1232; baseline 0 -24"><span class='ocrx_word' id='word_1_103' title='bbox 253 1150 303 1224; x_wconf 92' lang='lat' dir='ltr'><strong>gio</strong></span> <span class='ocrx_word' id='word_1_104' title='bbox 323 1149 379 1209; x_wconf 82' lang='lat' dir='ltr'><strong>luit</strong></span> <span class='ocrx_word' id='word_1_105' title='bbox 393 1149 516 1226; x_wconf 76' lang='lat' dir='ltr'><strong>Spiritus</strong></span> <span class='ocrx_word' id='word_1_106' title='bbox 532 1155 675 1214; x_wconf 76' lang='lat' dir='ltr'><strong>Sanctus?</strong></span> <span class='ocrx_word' id='word_1_107' title='bbox 691 1155 766 1232; x_wconf 92' lang='lat' dir='ltr'><strong>quid</strong></span> <span class='ocrx_word' id='word_1_108' title='bbox 781 1171 853 1214; x_wconf 87' lang='lat' dir='ltr'><strong>vero</strong></span> <span class='ocrx_word' id='word_1_109' title='bbox 870 1155 908 1212; x_wconf 92' lang='lat' dir='ltr'><strong>de</strong></span> <span class='ocrx_word' id='word_1_110' title='bbox 926 1156 1056 1214; x_wconf 89' lang='lat' dir='ltr'><strong>animat·</strong></span> <span class='ocrx_word' id='word_1_111' title='bbox 1091 1169 1160 1212; x_wconf 86' lang='lat' dir='ltr'><strong>cens</strong></span> <span class='ocrx_word' id='word_1_112' title='bbox 1175 1173 1184 1210; x_wconf 74' lang='grc' dir='ltr'><em>ε</em></span> <span class='ocrx_word' id='word_1_113' title='bbox 1198 1154 1326 1212; x_wconf 75' lang='lat' dir='ltr'><strong>Laudato</strong></span> <span class='ocrx_word' id='word_1_114' title='bbox 1339 1153 1498 1211; x_wconf 84' lang='lat' dir='ltr'><strong>[lominum</strong></span> <span class='ocrx_word' id='word_1_115' title='bbox 1516 1154 1555 1210; x_wconf 89' lang='lat' dir='ltr'><strong>dc</strong></span> <span class='ocrx_word' id='word_1_116' title='bbox 1569 1152 1668 1222; x_wconf 81' lang='lat' dir='ltr'><strong>ooehs,</strong></span> <span class='ocrx_word' id='word_1_117' title='bbox 1685 1151 1809 1212; x_wconf 82' lang='lat' dir='ltr'><strong>landate</strong></span> <span class='ocrx_word' id='word_1_118' title='bbox 1824 1167 1898 1208; x_wconf 88' lang='lat' dir='ltr'><strong>eum</strong></span> <span class='ocrx_word' id='word_1_119' title='bbox 1947 1157 1987 1203; x_wconf 69' lang='lat' dir='ltr'><strong>td</strong></span> 
     </span>
     <span class='ocr_line' id='line_1_11' title="bbox 253 1224 1979 1314; baseline 0 -20"><span class='ocrx_word' id='word_1_120' title='bbox 253 1233 328 1309; x_wconf 89' lang='lat' dir='ltr'><strong>quid</strong></span> <span class='ocrx_word' id='word_1_121' title='bbox 341 1235 378 1294; x_wconf 90' lang='lat' dir='ltr'><strong>da</strong></span> <span class='ocrx_word' id='word_1_122' title='bbox 391 1238 455 1292; x_wconf 90' lang='lat' dir='ltr'><strong>tota</strong></span> <span class='ocrx_word' id='word_1_123' title='bbox 472 1235 676 1302; x_wconf 78' lang='lat' dir='ltr'><strong>humanitate?</strong></span> <span class='ocrx_word' id='word_1_124' title='bbox 696 1253 787 1314; x_wconf 88' lang='lat' dir='ltr'><strong>quam</strong></span> <span class='ocrx_word' id='word_1_125' title='bbox 805 1238 932 1313; x_wconf 91' lang='lat' dir='ltr'><strong>pulchra</strong></span> <span class='ocrx_word' id='word_1_126' title='bbox 948 1237 1049 1296; x_wconf 87' lang='lat' dir='ltr'><strong>coeles-</strong></span> <span class='ocrx_word' id='word_1_127' title='bbox 1091 1253 1196 1296; x_wconf 89' lang='lat' dir='ltr'><strong>omnes</strong></span> <span class='ocrx_word' id='word_1_128' title='bbox 1209 1237 1308 1309; x_wconf 88' lang='lat' dir='ltr'><strong>angeli</strong></span> <span class='ocrx_word' id='word_1_129' title='bbox 1321 1239 1385 1311; x_wconf 83' lang='lat' dir='ltr'><strong>ejus</strong></span> <span class='ocrx_word' id='word_1_130' title='bbox 1393 1255 1402 1308; x_wconf 82' lang='lat'>3</span> <span class='ocrx_word' id='word_1_131' title='bbox 1422 1238 1542 1296; x_wconf 87' lang='lat' dir='ltr'><strong>laudate</strong></span> <span class='ocrx_word' id='word_1_132' title='bbox 1560 1253 1631 1294; x_wconf 89' lang='lat' dir='ltr'><strong>cum</strong></span> <span class='ocrx_word' id='word_1_133' title='bbox 1649 1251 1754 1294; x_wconf 89' lang='lat' dir='ltr'><strong>omnes</strong></span> <span class='ocrx_word' id='word_1_134' title='bbox 1767 1237 1897 1294; x_wconf 68' lang='lat' dir='ltr'><strong>maure·</strong></span> <span class='ocrx_word' id='word_1_135' title='bbox 1910 1224 1979 1262; x_wconf 71' lang='lat'>‘²²¹¹</span> 
     </span>
     <span class='ocr_line' id='line_1_12' title="bbox 252 1317 1898 1396; baseline 0.001 -21"><span class='ocrx_word' id='word_1_136' title='bbox 252 1317 328 1376; x_wconf 91' lang='lat' dir='ltr'><strong>tium</strong></span> <span class='ocrx_word' id='word_1_137' title='bbox 342 1317 552 1378; x_wconf 78' lang='lat' dir='ltr'><strong>charismatum</strong></span> <span class='ocrx_word' id='word_1_138' title='bbox 565 1320 703 1380; x_wconf 87' lang='lat' dir='ltr'><strong>varietate</strong></span> <span class='ocrx_word' id='word_1_139' title='bbox 717 1321 1047 1391; x_wconf 80' lang='lat' dir='ltr'><strong>contexta,relutholo-</strong></span> <span class='ocrx_word' id='word_1_140' title='bbox 1091 1321 1164 1392; x_wconf 77' lang='lat' dir='ltr'><strong>ejus.</strong></span> <span class='ocrx_word' id='word_1_141' title='bbox 1179 1323 1271 1394; x_wconf 84' lang='lat' dir='ltr'><strong>liujus</strong></span> <span class='ocrx_word' id='word_1_142' title='bbox 1284 1323 1384 1396; x_wconf 84' lang='lat' dir='ltr'><strong>itaque</strong></span> <span class='ocrx_word' id='word_1_143' title='bbox 1394 1335 1515 1389; x_wconf 89' lang='lat' dir='ltr'><strong>nomen,</strong></span> <span class='ocrx_word' id='word_1_144' title='bbox 1526 1319 1618 1380; x_wconf 84' lang='lat' dir='ltr'><strong>David</strong></span> <span class='ocrx_word' id='word_1_145' title='bbox 1628 1318 1711 1378; x_wconf 87' lang='lat' dir='ltr'><strong>filius</strong></span> <span class='ocrx_word' id='word_1_146' title='bbox 1725 1321 1806 1378; x_wconf 80' lang='lat' dir='ltr'><strong>tesso</strong></span> <span class='ocrx_word' id='word_1_147' title='bbox 1824 1334 1898 1392; x_wconf 87' lang='lat' dir='ltr'><strong>pro-</strong></span> 
     </span>
     <span class='ocr_line' id='line_1_13' title="bbox 254 1401 1897 1477; baseline 0 -17"><span class='ocrx_word' id='word_1_148' title='bbox 254 1401 346 1460; x_wconf 89' lang='lat' dir='ltr'><strong>scriea</strong></span> <span class='ocrx_word' id='word_1_149' title='bbox 358 1401 503 1464; x_wconf 84' lang='lat' dir='ltr'><strong>velaarea</strong></span> <span class='ocrx_word' id='word_1_150' title='bbox 516 1401 915 1476; x_wconf 82' lang='lat' dir='ltr'><strong>vestissplendesoittPinxit</strong></span> <span class='ocrx_word' id='word_1_151' title='bbox 927 1404 1047 1460; x_wconf 87' lang='lat' dir='ltr'><strong>enimin</strong></span> <span class='ocrx_word' id='word_1_152' title='bbox 1091 1405 1253 1462; x_wconf 88' lang='lat' dir='ltr'><strong>nuntiatur.</strong></span> <span class='ocrx_word' id='word_1_153' title='bbox 1266 1404 1322 1463; x_wconf 90' lang='lat' dir='ltr'><strong>Sed</strong></span> <span class='ocrx_word' id='word_1_154' title='bbox 1341 1407 1371 1464; x_wconf 92' lang='lat' dir='ltr'><strong>et</strong></span> <span class='ocrx_word' id='word_1_155' title='bbox 1386 1404 1492 1477; x_wconf 80' lang='lat' dir='ltr'><strong>platee</strong></span> <span class='ocrx_word' id='word_1_156' title='bbox 1509 1402 1601 1474; x_wconf 85' lang='lat' dir='ltr'><strong>hujus</strong></span> <span class='ocrx_word' id='word_1_157' title='bbox 1619 1401 1743 1462; x_wconf 72' lang='lat' dir='ltr'><strong>eludatis</strong></span> <span class='ocrx_word' id='word_1_158' title='bbox 1763 1417 1803 1460; x_wconf 82' lang='lat' dir='ltr'><strong>ex</strong></span> <span class='ocrx_word' id='word_1_159' title='bbox 1817 1417 1897 1460; x_wconf 86' lang='lat' dir='ltr'><strong>auro</strong></span> 
     </span>
     <span class='ocr_line' id='line_1_14' title="bbox 253 1484 1899 1562; baseline 0.002 -21"><span class='ocrx_word' id='word_1_160' title='bbox 253 1499 289 1542; x_wconf 90' lang='lat' dir='ltr'><strong>ea</strong></span> <span class='ocrx_word' id='word_1_161' title='bbox 301 1500 437 1542; x_wconf 90' lang='lat' dir='ltr'><strong>summus</strong></span> <span class='ocrx_word' id='word_1_162' title='bbox 451 1485 566 1554; x_wconf 79' lang='lat' dir='ltr'><strong>artifex,</strong></span> <span class='ocrx_word' id='word_1_163' title='bbox 579 1491 683 1562; x_wconf 80' lang='lat' dir='ltr'><strong>primo,</strong></span> <span class='ocrx_word' id='word_1_164' title='bbox 701 1501 806 1546; x_wconf 89' lang='lat' dir='ltr'><strong>omnes</strong></span> <span class='ocrx_word' id='word_1_165' title='bbox 816 1487 952 1545; x_wconf 82' lang='lat' dir='ltr'><strong>scientias</strong></span> <span class='ocrx_word' id='word_1_166' title='bbox 962 1491 991 1544; x_wconf 91' lang='lat' dir='ltr'><strong>et</strong></span> <span class='ocrx_word' id='word_1_167' title='bbox 1002 1503 1048 1544; x_wconf 85' lang='lat' dir='ltr'><strong>ee·</strong></span> <span class='ocrx_word' id='word_1_168' title='bbox 1090 1487 1251 1561; x_wconf 89' lang='lat' dir='ltr'><strong>purissimo</strong></span> <span class='ocrx_word' id='word_1_169' title='bbox 1265 1491 1334 1544; x_wconf 91' lang='lat' dir='ltr'><strong>sunt</strong></span> <span class='ocrx_word' id='word_1_170' title='bbox 1346 1491 1460 1557; x_wconf 73' lang='lat' dir='ltr'><strong>suste,</strong></span> <span class='ocrx_word' id='word_1_171' title='bbox 1475 1488 1561 1559; x_wconf 85' lang='lat' dir='ltr'><strong>cujus</strong></span> <span class='ocrx_word' id='word_1_172' title='bbox 1573 1484 1683 1544; x_wconf 81' lang='lat' dir='ltr'><strong>durius</strong></span> <span class='ocrx_word' id='word_1_173' title='bbox 1697 1485 1794 1544; x_wconf 82' lang='lat' dir='ltr'><strong>ritum</strong></span> <span class='ocrx_word' id='word_1_174' title='bbox 1811 1491 1899 1544; x_wconf 78' lang='lat' dir='ltr'><strong>aeter·</strong></span> 
     </span>
     <span class='ocr_line' id='line_1_15' title="bbox 253 1567 1897 1645; baseline 0 -19"><span class='ocrx_word' id='word_1_175' title='bbox 253 1567 1049 1644; x_wconf 79' lang='lat' dir='ltr'><strong>ritates:babuitcalmanimatlhrlstitripliccmselen·</strong></span> <span class='ocrx_word' id='word_1_176' title='bbox 1090 1585 1162 1628; x_wconf 88' lang='lat' dir='ltr'><strong>nam</strong></span> <span class='ocrx_word' id='word_1_177' title='bbox 1173 1575 1301 1641; x_wconf 88' lang='lat' dir='ltr'><strong>emanat,</strong></span> <span class='ocrx_word' id='word_1_178' title='bbox 1311 1571 1396 1644; x_wconf 87' lang='lat' dir='ltr'><strong>cujns</strong></span> <span class='ocrx_word' id='word_1_179' title='bbox 1407 1569 1555 1645; x_wconf 82' lang='lat' dir='ltr'><strong>pomifera</strong></span> <span class='ocrx_word' id='word_1_180' title='bbox 1563 1583 1618 1642; x_wconf 89' lang='lat' dir='ltr'><strong>per</strong></span> <span class='ocrx_word' id='word_1_181' title='bbox 1626 1568 1764 1640; x_wconf 88' lang='lat' dir='ltr'><strong>singulas</strong></span> <span class='ocrx_word' id='word_1_182' title='bbox 1775 1584 1897 1628; x_wconf 80' lang='lat' dir='ltr'><strong>menses</strong></span> 
     </span>
     <span class='ocr_line' id='line_1_16' title="bbox 254 1652 1899 1727; baseline 0.001 -18"><span class='ocrx_word' id='word_1_183' title='bbox 254 1653 337 1722; x_wconf 91' lang='lat' dir='ltr'><strong>tiam,</strong></span> <span class='ocrx_word' id='word_1_184' title='bbox 350 1653 458 1710; x_wconf 89' lang='lat' dir='ltr'><strong>scilieet</strong></span> <span class='ocrx_word' id='word_1_185' title='bbox 474 1652 608 1724; x_wconf 85' lang='lat' dir='ltr'><strong>beatam,</strong></span> <span class='ocrx_word' id='word_1_186' title='bbox 621 1653 750 1711; x_wconf 86' lang='lat' dir='ltr'><strong>inlusum</strong></span> <span class='ocrx_word' id='word_1_187' title='bbox 763 1657 793 1710; x_wconf 89' lang='lat' dir='ltr'><strong>et</strong></span> <span class='ocrx_word' id='word_1_188' title='bbox 805 1654 993 1727; x_wconf 65' lang='lat' dir='ltr'><strong>acquisitam</strong></span> <span class='ocrx_word' id='word_1_189' title='bbox 1007 1670 1048 1712; x_wconf 84' lang='lat' dir='ltr'><strong>se·</strong></span> <span class='ocrx_word' id='word_1_190' title='bbox 1089 1653 1221 1712; x_wconf 88' lang='lat' dir='ltr'><strong>reddunt</strong></span> <span class='ocrx_word' id='word_1_191' title='bbox 1232 1653 1346 1712; x_wconf 83' lang='lat' dir='ltr'><strong>tructus</strong></span> <span class='ocrx_word' id='word_1_192' title='bbox 1358 1669 1448 1723; x_wconf 89' lang='lat' dir='ltr'><strong>suos,</strong></span> <span class='ocrx_word' id='word_1_193' title='bbox 1462 1656 1492 1711; x_wconf 93' lang='lat' dir='ltr'><strong>et</strong></span> <span class='ocrx_word' id='word_1_194' title='bbox 1503 1652 1576 1712; x_wconf 86' lang='lat' dir='ltr'><strong>lolia</strong></span> <span class='ocrx_word' id='word_1_195' title='bbox 1589 1667 1695 1712; x_wconf 89' lang='lat' dir='ltr'><strong>eorum</strong></span> <span class='ocrx_word' id='word_1_196' title='bbox 1708 1652 1748 1710; x_wconf 88' lang='lat' dir='ltr'><strong>ad</strong></span> <span class='ocrx_word' id='word_1_197' title='bbox 1759 1652 1899 1710; x_wconf 84' lang='lat' dir='ltr'><strong>medica-</strong></span> 
     </span>
     <span class='ocr_line' id='line_1_17' title="bbox 254 1735 1900 1813; baseline 0.001 -21"><span class='ocrx_word' id='word_1_198' title='bbox 254 1737 355 1804; x_wconf 76' lang='lat' dir='ltr'><strong>crurdo,</strong></span> <span class='ocrx_word' id='word_1_199' title='bbox 365 1753 486 1795; x_wconf 90' lang='lat' dir='ltr'><strong>omnem</strong></span> <span class='ocrx_word' id='word_1_200' title='bbox 498 1739 687 1812; x_wconf 79' lang='lat' dir='ltr'><strong>prudentiam</strong></span> <span class='ocrx_word' id='word_1_201' title='bbox 701 1742 731 1796; x_wconf 92' lang='lat' dir='ltr'><strong>et</strong></span> <span class='ocrx_word' id='word_1_202' title='bbox 743 1738 917 1812; x_wconf 87' lang='lat' dir='ltr'><strong>sapientiem</strong></span> <span class='ocrx_word' id='word_1_203' title='bbox 924 1757 933 1808; x_wconf 82' lang='lat'>3</span> <span class='ocrx_word' id='word_1_204' title='bbox 950 1743 1046 1805; x_wconf 81' lang='lat' dir='ltr'><strong>tertio,</strong></span> <span class='ocrx_word' id='word_1_205' title='bbox 1090 1741 1224 1795; x_wconf 92' lang='lat' dir='ltr'><strong>mentum</strong></span> <span class='ocrx_word' id='word_1_206' title='bbox 1237 1739 1405 1813; x_wconf 89' lang='lat' dir='ltr'><strong>procedunt</strong></span> <span class='ocrx_word' id='word_1_207' title='bbox 1413 1737 1601 1808; x_wconf 69' lang='lat' dir='ltr'><strong>,animarum</strong></span> <span class='ocrx_word' id='word_1_208' title='bbox 1614 1737 1699 1808; x_wconf 83' lang='lat' dir='ltr'><strong>cujus</strong></span> <span class='ocrx_word' id='word_1_209' title='bbox 1711 1735 1820 1794; x_wconf 87' lang='lat' dir='ltr'><strong>lumen</strong></span> <span class='ocrx_word' id='word_1_210' title='bbox 1833 1735 1900 1794; x_wconf 84' lang='lat' dir='ltr'><strong>ino-</strong></span> 
     </span>
     <span class='ocr_line' id='line_1_18' title="bbox 254 1818 1899 1894; baseline 0 -18"><span class='ocrx_word' id='word_1_211' title='bbox 254 1835 359 1877; x_wconf 89' lang='lat' dir='ltr'><strong>omnes</strong></span> <span class='ocrx_word' id='word_1_212' title='bbox 367 1822 497 1891; x_wconf 83' lang='lat' dir='ltr'><strong>uirtutes,</strong></span> <span class='ocrx_word' id='word_1_213' title='bbox 508 1821 667 1893; x_wconf 87' lang='lat' dir='ltr'><strong>naturales,</strong></span> <span class='ocrx_word' id='word_1_214' title='bbox 676 1821 915 1893; x_wconf 77' lang='lat' dir='ltr'><strong>supernaturales</strong></span> <span class='ocrx_word' id='word_1_215' title='bbox 928 1825 957 1879; x_wconf 91' lang='lat' dir='ltr'><strong>et</strong></span> <span class='ocrx_word' id='word_1_216' title='bbox 965 1821 1048 1880; x_wconf 89' lang='lat' dir='ltr'><strong>theo·</strong></span> <span class='ocrx_word' id='word_1_217' title='bbox 1090 1821 1239 1878; x_wconf 85' lang='lat' dir='ltr'><strong>narrabile</strong></span> <span class='ocrx_word' id='word_1_218' title='bbox 1252 1825 1307 1891; x_wconf 87' lang='lat' dir='ltr'><strong>cst,</strong></span> <span class='ocrx_word' id='word_1_219' title='bbox 1320 1823 1350 1878; x_wconf 90' lang='lat' dir='ltr'><strong>ct</strong></span> <span class='ocrx_word' id='word_1_220' title='bbox 1361 1824 1457 1894; x_wconf 80' lang='lat' dir='ltr'><strong>portes</strong></span> <span class='ocrx_word' id='word_1_221' title='bbox 1468 1834 1626 1894; x_wconf 89' lang='lat' dir='ltr'><strong>nunquam</strong></span> <span class='ocrx_word' id='word_1_222' title='bbox 1645 1818 1847 1888; x_wconf 86' lang='lat' dir='ltr'><strong>clauduntur,</strong></span> <span class='ocrx_word' id='word_1_223' title='bbox 1861 1835 1899 1877; x_wconf 87' lang='lat' dir='ltr'><strong>eo</strong></span> 
     </span>
     <span class='ocr_line' id='line_1_19' title="bbox 254 1901 2014 1980; baseline 0.001 -21"><span class='ocrx_word' id='word_1_224' title='bbox 254 1903 1044 1977; x_wconf 75' lang='lat' dir='ltr'><strong>logicas5quartc,omnesgratinsgratisdatas;quiato‚</strong></span> <span class='ocrx_word' id='word_1_225' title='bbox 1089 1903 1470 1980; x_wconf 84' lang='lat' dir='ltr'><strong>quodnunquamibinox</strong></span> <span class='ocrx_word' id='word_1_226' title='bbox 1480 1901 1835 1974; x_wconf 72' lang='lat' dir='ltr'><strong>crianeculletenebree</strong></span> <span class='ocrx_word' id='word_1_227' title='bbox 1844 1903 1900 1960; x_wconf 87' lang='lat' dir='ltr'><strong>ha·</strong></span> <span class='ocrx_word' id='word_1_228' title='bbox 2013 1925 2014 1942; x_wconf 52' lang='lat'>¹</span> 
     </span>
     <span class='ocr_line' id='line_1_20' title="bbox 255 1985 1901 2062; baseline 0 -18"><span class='ocrx_word' id='word_1_229' title='bbox 255 2003 375 2046; x_wconf 90' lang='lat' dir='ltr'><strong>omnem</strong></span> <span class='ocrx_word' id='word_1_230' title='bbox 389 1986 491 2062; x_wconf 80' lang='lat' dir='ltr'><strong>gloriae</strong></span> <span class='ocrx_word' id='word_1_231' title='bbox 508 1989 693 2059; x_wconf 83' lang='lat' dir='ltr'><strong>varietatem,</strong></span> <span class='ocrx_word' id='word_1_232' title='bbox 705 2002 868 2061; x_wconf 89' lang='lat' dir='ltr'><strong>omnesque</strong></span> <span class='ocrx_word' id='word_1_233' title='bbox 882 1986 966 2044; x_wconf 88' lang='lat' dir='ltr'><strong>dotes</strong></span> <span class='ocrx_word' id='word_1_234' title='bbox 977 1985 1048 2060; x_wconf 76' lang='lat' dir='ltr'><strong>&#39;glo</strong></span> <span class='ocrx_word' id='word_1_235' title='bbox 1089 1987 1211 2061; x_wconf 65' lang='lat' dir='ltr'><strong>beatum</strong></span> <span class='ocrx_word' id='word_1_236' title='bbox 1226 1989 1280 2048; x_wconf 89' lang='lat' dir='ltr'><strong>sed</strong></span> <span class='ocrx_word' id='word_1_237' title='bbox 1290 2003 1407 2062; x_wconf 86' lang='lat' dir='ltr'><strong>semper</strong></span> <span class='ocrx_word' id='word_1_238' title='bbox 1419 1987 1581 2060; x_wconf 89' lang='lat' dir='ltr'><strong>gaudium,</strong></span> <span class='ocrx_word' id='word_1_239' title='bbox 1593 1989 1623 2044; x_wconf 89' lang='lat' dir='ltr'><strong>et</strong></span> <span class='ocrx_word' id='word_1_240' title='bbox 1633 1989 1781 2060; x_wconf 87' lang='lat' dir='ltr'><strong>perpetua</strong></span> <span class='ocrx_word' id='word_1_241' title='bbox 1792 1987 1901 2054; x_wconf 81' lang='lat' dir='ltr'><strong>laeh&#39;tia</strong></span> 
     </span>
     <span class='ocr_line' id='line_1_21' title="bbox 254 2069 1577 2145; baseline 0.001 -20"><span class='ocrx_word' id='word_1_242' title='bbox 254 2069 340 2130; x_wconf 79' lang='lat' dir='ltr'><strong>riosra</strong></span> <span class='ocrx_word' id='word_1_243' title='bbox 357 2071 545 2130; x_wconf 83' lang='lat' dir='ltr'><strong>beatitudinis</strong></span> <span class='ocrx_word' id='word_1_244' title='bbox 562 2071 610 2144; x_wconf 87' lang='lat' dir='ltr'><strong>(t).</strong></span> <span class='ocrx_word' id='word_1_245' title='bbox 1089 2069 1203 2130; x_wconf 87' lang='lat' dir='ltr'><strong>ibidem</strong></span> <span class='ocrx_word' id='word_1_246' title='bbox 1213 2069 1323 2145; x_wconf 73' lang='lat' dir='ltr'><strong>iugiter</strong></span> <span class='ocrx_word' id='word_1_247' title='bbox 1336 2075 1577 2129; x_wconf 80' lang='lat' dir='ltr'><strong>commoratur.»</strong></span> 
     </span>
     <span class='ocr_line' id='line_1_22' title="bbox 135 2153 1986 2228; baseline 0.001 -16"><span class='ocrx_word' id='word_1_248' title='bbox 135 2155 242 2204; x_wconf 72' lang='lat' dir='ltr'><strong>reare.</strong></span> <span class='ocrx_word' id='word_1_249' title='bbox 290 2157 335 2212; x_wconf 82' lang='lat'><strong>33.</strong></span> <span class='ocrx_word' id='word_1_250' title='bbox 350 2158 504 2212; x_wconf 80' lang='lat' dir='ltr'><strong>insanarua</strong></span> <span class='ocrx_word' id='word_1_251' title='bbox 518 2167 611 2214; x_wconf 79' lang='lat' dir='ltr'><strong>aaran</strong></span> <span class='ocrx_word' id='word_1_252' title='bbox 624 2166 732 2224; x_wconf 77' lang='lat' dir='ltr'><strong>runnu,</strong></span> <span class='ocrx_word' id='word_1_253' title='bbox 746 2157 814 2224; x_wconf 76' lang='lat' dir='ltr'><strong>etc,</strong></span> <span class='ocrx_word' id='word_1_254' title='bbox 834 2168 893 2223; x_wconf 83' lang='lat' dir='ltr'><strong>ouo</strong></span> <span class='ocrx_word' id='word_1_255' title='bbox 909 2167 945 2211; x_wconf 83' lang='lat' dir='ltr'><strong>rr</strong></span> <span class='ocrx_word' id='word_1_256' title='bbox 962 2155 1048 2212; x_wconf 80' lang='lat' dir='ltr'><strong>Seue·</strong></span> <span class='ocrx_word' id='word_1_257' title='bbox 1126 2157 1220 2224; x_wconf 84' lang='lat' dir='ltr'><strong>Quare</strong></span> <span class='ocrx_word' id='word_1_258' title='bbox 1234 2154 1338 2213; x_wconf 89' lang='lat' dir='ltr'><strong>merito</strong></span> <span class='ocrx_word' id='word_1_259' title='bbox 1352 2157 1381 2214; x_wconf 90' lang='lat' dir='ltr'><strong>S.</strong></span> <span class='ocrx_word' id='word_1_260' title='bbox 1401 2155 1545 2212; x_wconf 76' lang='lat' dir='ltr'><strong>Antonius</strong></span> <span class='ocrx_word' id='word_1_261' title='bbox 1563 2169 1634 2212; x_wconf 87' lang='lat' dir='ltr'><strong>suos</strong></span> <span class='ocrx_word' id='word_1_262' title='bbox 1652 2153 1836 2212; x_wconf 86' lang='lat' dir='ltr'><strong>hortabatur</strong></span> <span class='ocrx_word' id='word_1_263' title='bbox 1851 2155 1986 2228; x_wconf 62' lang='lat' dir='ltr'><strong>di-ffl}</strong></span> 
     </span>
     <span class='ocr_line' id='line_1_23' title="bbox 253 2220 1987 2322; baseline 0.001 -26"><span class='ocrx_word' id='word_1_264' title='bbox 253 2253 378 2297; x_wconf 75' lang='lat' dir='ltr'><strong>recurari</strong></span> <span class='ocrx_word' id='word_1_265' title='bbox 394 2253 429 2304; x_wconf 79' lang='lat' dir='ltr'><strong>ar</strong></span> <span class='ocrx_word' id='word_1_266' title='bbox 447 2239 800 2298; x_wconf 77' lang='lat' dir='ltr'><strong>Sancrulausircruama</strong></span> <span class='ocrx_word' id='word_1_267' title='bbox 812 2250 1000 2305; x_wconf 80' lang='lat' dir='ltr'><strong>nrrrnnnrnr,</strong></span> <span class='ocrx_word' id='word_1_268' title='bbox 1011 2267 1048 2281; x_wconf 91' lang='lat'><em>-</em></span> <span class='ocrx_word' id='word_1_269' title='bbox 1090 2253 1181 2298; x_wconf 84' lang='lat' dir='ltr'><strong>cens:</strong></span> <span class='ocrx_word' id='word_1_270' title='bbox 1198 2241 1280 2296; x_wconf 73' lang='lat' dir='ltr'><strong>clleo</strong></span> <span class='ocrx_word' id='word_1_271' title='bbox 1298 2239 1336 2296; x_wconf 89' lang='lat' dir='ltr'><strong>sit</strong></span> <span class='ocrx_word' id='word_1_272' title='bbox 1356 2241 1457 2297; x_wconf 87' lang='lat' dir='ltr'><strong>autem</strong></span> <span class='ocrx_word' id='word_1_273' title='bbox 1476 2239 1609 2312; x_wconf 89' lang='lat' dir='ltr'><strong>primum</strong></span> <span class='ocrx_word' id='word_1_274' title='bbox 1627 2239 1740 2297; x_wconf 88' lang='lat' dir='ltr'><strong>cunctis</strong></span> <span class='ocrx_word' id='word_1_275' title='bbox 1758 2240 1792 2296; x_wconf 90' lang='lat' dir='ltr'><strong>in</strong></span> <span class='ocrx_word' id='word_1_276' title='bbox 1810 2255 1897 2298; x_wconf 87' lang='lat' dir='ltr'><strong>com·</strong></span> <span class='ocrx_word' id='word_1_277' title='bbox 1910 2220 1987 2322; x_wconf 46' lang='grc' dir='ltr'><strong>ἐξ</strong></span> 
     </span>
     <span class='ocr_line' id='line_1_24' title="bbox 253 2319 1977 2397; baseline 0.003 -22"><span class='ocrx_word' id='word_1_278' title='bbox 253 2339 281 2394; x_wconf 80' lang='lat' dir='ltr'><strong>q.</strong></span> <span class='ocrx_word' id='word_1_279' title='bbox 294 2322 322 2377; x_wconf 79' lang='lat' dir='ltr'><strong>d.</strong></span> <span class='ocrx_word' id='word_1_280' title='bbox 338 2321 440 2380; x_wconf 82' lang='lat' dir='ltr'><strong>velum</strong></span> <span class='ocrx_word' id='word_1_281' title='bbox 454 2323 512 2379; x_wconf 91' lang='lat' dir='ltr'><strong>hoc</strong></span> <span class='ocrx_word' id='word_1_282' title='bbox 525 2319 638 2382; x_wconf 88' lang='lat' dir='ltr'><strong>dividet</strong></span> <span class='ocrx_word' id='word_1_283' title='bbox 653 2321 792 2379; x_wconf 88' lang='lat' dir='ltr'><strong>Sanctum</strong></span> <span class='ocrx_word' id='word_1_284' title='bbox 807 2336 826 2378; x_wconf 89' lang='lat' dir='ltr'><strong>a</strong></span> <span class='ocrx_word' id='word_1_285' title='bbox 840 2321 945 2380; x_wconf 88' lang='lat' dir='ltr'><strong>Sancto</strong></span> <span class='ocrx_word' id='word_1_286' title='bbox 963 2335 1047 2380; x_wconf 75' lang='lat' dir='ltr'><strong>sanc</strong></span> <span class='ocrx_word' id='word_1_287' title='bbox 1090 2335 1180 2382; x_wconf 88' lang='lat' dir='ltr'><strong>mune</strong></span> <span class='ocrx_word' id='word_1_288' title='bbox 1193 2323 1379 2392; x_wconf 88' lang='lat' dir='ltr'><strong>mandatum,</strong></span> <span class='ocrx_word' id='word_1_289' title='bbox 1392 2319 1512 2378; x_wconf 90' lang='lat' dir='ltr'><strong>nullum</strong></span> <span class='ocrx_word' id='word_1_290' title='bbox 1523 2322 1556 2378; x_wconf 91' lang='lat' dir='ltr'><strong>in</strong></span> <span class='ocrx_word' id='word_1_291' title='bbox 1569 2322 1678 2394; x_wconf 88' lang='lat' dir='ltr'><strong>arrepti</strong></span> <span class='ocrx_word' id='word_1_292' title='bbox 1685 2323 1839 2396; x_wconf 88' lang='lat' dir='ltr'><strong>propositi</strong></span> <span class='ocrx_word' id='word_1_293' title='bbox 1853 2325 1898 2382; x_wconf 83' lang='lat' dir='ltr'><strong>vi·</strong></span> <span class='ocrx_word' id='word_1_294' title='bbox 1926 2339 1977 2397; x_wconf 66' lang='lat' dir='ltr'><strong>prs</strong></span> 
     </span>
     <span class='ocr_line' id='line_1_25' title="bbox 253 2403 1900 2479; baseline 0.002 -18"><span class='ocrx_word' id='word_1_295' title='bbox 253 2410 363 2476; x_wconf 87' lang='lat' dir='ltr'><strong>torum,</strong></span> <span class='ocrx_word' id='word_1_296' title='bbox 384 2405 469 2479; x_wconf 85' lang='lat' dir='ltr'><strong>cujus</strong></span> <span class='ocrx_word' id='word_1_297' title='bbox 489 2404 627 2478; x_wconf 82' lang='lat' dir='ltr'><strong>deinceps</strong></span> <span class='ocrx_word' id='word_1_298' title='bbox 645 2418 717 2464; x_wconf 83' lang='lat' dir='ltr'><strong>vasa</strong></span> <span class='ocrx_word' id='word_1_299' title='bbox 738 2403 885 2462; x_wconf 85' lang='lat' dir='ltr'><strong>describit.</strong></span> <span class='ocrx_word' id='word_1_300' title='bbox 908 2403 1047 2462; x_wconf 88' lang='lat' dir='ltr'><strong>Sanctum</strong></span> <span class='ocrx_word' id='word_1_301' title='bbox 1090 2404 1900 2479; x_wconf 86' lang='lat' dir='ltr'><strong>gorelassescere,sedquaslincipientcmaugeresem-</strong></span> 
     </span>
     <span class='ocr_line' id='line_1_26' title="bbox 254 2487 1899 2562; baseline 0.004 -18"><span class='ocrx_word' id='word_1_302' title='bbox 254 2491 424 2546; x_wconf 81' lang='lat' dir='ltr'><strong>sanctorum</strong></span> <span class='ocrx_word' id='word_1_303' title='bbox 436 2501 608 2562; x_wconf 81' lang='lat' dir='ltr'><strong>expressum</strong></span> <span class='ocrx_word' id='word_1_304' title='bbox 624 2491 687 2546; x_wconf 91' lang='lat' dir='ltr'><strong>erat</strong></span> <span class='ocrx_word' id='word_1_305' title='bbox 706 2487 880 2560; x_wconf 87' lang='lat' dir='ltr'><strong>symbolum</strong></span> <span class='ocrx_word' id='word_1_306' title='bbox 900 2487 966 2546; x_wconf 79' lang='lat' dir='ltr'><strong>caeli</strong></span> <span class='ocrx_word' id='word_1_307' title='bbox 985 2503 1047 2546; x_wconf 92' lang='lat' dir='ltr'><strong>em·</strong></span> <span class='ocrx_word' id='word_1_308' title='bbox 1089 2503 1143 2562; x_wconf 89' lang='lat' dir='ltr'><strong>per</strong></span> <span class='ocrx_word' id='word_1_309' title='bbox 1156 2489 1265 2548; x_wconf 88' lang='lat' dir='ltr'><strong>debere</strong></span> <span class='ocrx_word' id='word_1_310' title='bbox 1279 2487 1364 2562; x_wconf 89' lang='lat' dir='ltr'><strong>quod</strong></span> <span class='ocrx_word' id='word_1_311' title='bbox 1378 2489 1507 2562; x_wconf 87' lang='lat' dir='ltr'><strong>eoeperlt,</strong></span> <span class='ocrx_word' id='word_1_312' title='bbox 1522 2489 1686 2561; x_wconf 77' lang='lat' dir='ltr'><strong>presertim</strong></span> <span class='ocrx_word' id='word_1_313' title='bbox 1698 2505 1772 2546; x_wconf 88' lang='lat' dir='ltr'><strong>cum</strong></span> <span class='ocrx_word' id='word_1_314' title='bbox 1784 2491 1899 2550; x_wconf 84' lang='lat' dir='ltr'><strong>hnma-</strong></span> 
     </span>
     <span class='ocr_line' id='line_1_27' title="bbox 254 2570 1899 2646; baseline 0.003 -18"><span class='ocrx_word' id='word_1_315' title='bbox 254 2572 349 2644; x_wconf 78' lang='lat' dir='ltr'><strong>pyrei,</strong></span> <span class='ocrx_word' id='word_1_316' title='bbox 372 2572 499 2646; x_wconf 80' lang='lat' dir='ltr'><strong>vitaque</strong></span> <span class='ocrx_word' id='word_1_317' title='bbox 519 2575 645 2641; x_wconf 78' lang='lat' dir='ltr'><strong>oeternae,</strong></span> <span class='ocrx_word' id='word_1_318' title='bbox 658 2583 751 2646; x_wconf 89' lang='lat' dir='ltr'><strong>quam</strong></span> <span class='ocrx_word' id='word_1_319' title='bbox 769 2570 894 2644; x_wconf 87' lang='lat' dir='ltr'><strong>pulchre</strong></span> <span class='ocrx_word' id='word_1_320' title='bbox 908 2571 1048 2631; x_wconf 89' lang='lat' dir='ltr'><strong>describlt</strong></span> <span class='ocrx_word' id='word_1_321' title='bbox 1089 2585 1137 2630; x_wconf 84' lang='lat' dir='ltr'><strong>nac</strong></span> <span class='ocrx_word' id='word_1_322' title='bbox 1148 2573 1215 2630; x_wconf 76' lang='lat' dir='ltr'><strong>rita</strong></span> <span class='ocrx_word' id='word_1_323' title='bbox 1228 2573 1324 2646; x_wconf 85' lang='lat' dir='ltr'><strong>spatia</strong></span> <span class='ocrx_word' id='word_1_324' title='bbox 1340 2571 1493 2632; x_wconf 75' lang='lat' dir='ltr'><strong>eternitati</strong></span> <span class='ocrx_word' id='word_1_325' title='bbox 1508 2576 1694 2646; x_wconf 87' lang='lat' dir='ltr'><strong>comparata,</strong></span> <span class='ocrx_word' id='word_1_326' title='bbox 1711 2571 1899 2633; x_wconf 78' lang='lat' dir='ltr'><strong>brevissima</strong></span> 
     </span>
     <span class='ocr_line' id='line_1_28' title="bbox 253 2653 1900 2732; baseline 0.004 -23"><span class='ocrx_word' id='word_1_327' title='bbox 253 2656 482 2729; x_wconf 79' lang='lat' dir='ltr'><strong>Vigilantius,·in</strong></span> <span class='ocrx_word' id='word_1_328' title='bbox 496 2656 559 2716; x_wconf 88' lang='lat' dir='ltr'><strong>llita</strong></span> <span class='ocrx_word' id='word_1_329' title='bbox 572 2653 691 2732; x_wconf 82' lang='lat' dir='ltr'><strong>Epicteti</strong></span> <span class='ocrx_word' id='word_1_330' title='bbox 704 2655 868 2730; x_wconf 86' lang='lat' dir='ltr'><strong>presbyteri</strong></span> <span class='ocrx_word' id='word_1_331' title='bbox 879 2659 908 2713; x_wconf 89' lang='lat' dir='ltr'><strong>et</strong></span> <span class='ocrx_word' id='word_1_332' title='bbox 920 2656 1047 2714; x_wconf 78' lang='lat' dir='ltr'><strong>ustionis</strong></span> <span class='ocrx_word' id='word_1_333' title='bbox 1089 2657 1148 2714; x_wconf 92' lang='lat' dir='ltr'><strong>sint</strong></span> <span class='ocrx_word' id='word_1_334' title='bbox 1160 2673 1195 2714; x_wconf 91' lang='lat' dir='ltr'><strong>ac</strong></span> <span class='ocrx_word' id='word_1_335' title='bbox 1204 2671 1331 2731; x_wconf 69' lang='lat' dir='ltr'><strong>parua.»</strong></span> <span class='ocrx_word' id='word_1_336' title='bbox 1344 2656 1386 2713; x_wconf 90' lang='lat' dir='ltr'><strong>lta</strong></span> <span class='ocrx_word' id='word_1_337' title='bbox 1394 2669 1518 2712; x_wconf 68' lang='lat' dir='ltr'><strong>morsus</strong></span> <span class='ocrx_word' id='word_1_338' title='bbox 1527 2655 1685 2730; x_wconf 85' lang='lat' dir='ltr'><strong>paululum</strong></span> <span class='ocrx_word' id='word_1_339' title='bbox 1696 2656 1792 2728; x_wconf 88' lang='lat' dir='ltr'><strong>siluit,</strong></span> <span class='ocrx_word' id='word_1_340' title='bbox 1800 2661 1832 2715; x_wconf 89' lang='lat' dir='ltr'><strong>et</strong></span> <span class='ocrx_word' id='word_1_341' title='bbox 1842 2659 1900 2716; x_wconf 88' lang='lat' dir='ltr'><strong>ad·</strong></span> 
     </span>
     <span class='ocr_line' id='line_1_29' title="bbox 255 2737 1897 2824; baseline 0.001 -27"><span class='ocrx_word' id='word_1_342' title='bbox 255 2741 392 2799; x_wconf 84' lang='lat' dir='ltr'><strong>ruonaehi</strong></span> <span class='ocrx_word' id='word_1_343' title='bbox 405 2742 575 2813; x_wconf 76' lang='lat' dir='ltr'><strong>Martyrum,</strong></span> <span class='ocrx_word' id='word_1_344' title='bbox 589 2737 917 2800; x_wconf 78' lang='lat' dir='ltr'><strong>astionismetrleahuc</strong></span> <span class='ocrx_word' id='word_1_345' title='bbox 928 2740 1045 2798; x_wconf 86' lang='lat' dir='ltr'><strong>Gentili.</strong></span> <span class='ocrx_word' id='word_1_346' title='bbox 1089 2740 1354 2824; x_wconf 39' lang='lat' dir='ltr'><strong>miratus-nimiam</strong></span> <span class='ocrx_word' id='word_1_347' title='bbox 1370 2740 1420 2796; x_wconf 85' lang='lat' dir='ltr'><strong>liei</strong></span> <span class='ocrx_word' id='word_1_348' title='bbox 1440 2738 1622 2812; x_wconf 86' lang='lat' dir='ltr'><strong>largitatem,</strong></span> <span class='ocrx_word' id='word_1_349' title='bbox 1641 2755 1746 2798; x_wconf 88' lang='lat' dir='ltr'><strong>rursus</strong></span> <span class='ocrx_word' id='word_1_350' title='bbox 1767 2741 1897 2814; x_wconf 86' lang='lat' dir='ltr'><strong>adjecit,</strong></span> 
     </span>
     <span class='ocr_line' id='line_1_30' title="bbox 255 2821 1896 2899; baseline 0.001 -18"><span class='ocrx_word' id='word_1_351' title='bbox 255 2827 328 2882; x_wconf 90' lang='lat' dir='ltr'><strong>Cum</strong></span> <span class='ocrx_word' id='word_1_352' title='bbox 338 2823 638 2886; x_wconf 85' lang='lat' dir='ltr'><strong>onimdieeretmater</strong></span> <span class='ocrx_word' id='word_1_353' title='bbox 650 2840 658 2878; x_wconf 75' lang='grc' dir='ltr'><strong><em>ε</em></strong></span> <span class='ocrx_word' id='word_1_354' title='bbox 672 2825 768 2892; x_wconf 74' lang='lat' dir='ltr'><strong>«Quia</strong></span> <span class='ocrx_word' id='word_1_355' title='bbox 778 2821 1045 2894; x_wconf 87' lang='lat' dir='ltr'><strong>diciturregioilla,</strong></span> <span class='ocrx_word' id='word_1_356' title='bbox 1088 2823 1189 2883; x_wconf 87' lang='lat' dir='ltr'><strong>dlcens</strong></span> <span class='ocrx_word' id='word_1_357' title='bbox 1204 2841 1212 2881; x_wconf 79' lang='lat' dir='ltr'><strong>r</strong></span> <span class='ocrx_word' id='word_1_358' title='bbox 1229 2825 1284 2880; x_wconf 81' lang='lat' dir='ltr'><strong>eln</strong></span> <span class='ocrx_word' id='word_1_359' title='bbox 1297 2821 1435 2899; x_wconf 74' lang='lat' dir='ltr'><strong>prasenti</strong></span> <span class='ocrx_word' id='word_1_360' title='bbox 1446 2822 1503 2881; x_wconf 86' lang='lat' dir='ltr'><strong>hac</strong></span> <span class='ocrx_word' id='word_1_361' title='bbox 1515 2823 1576 2880; x_wconf 83' lang='lat' dir='ltr'><strong>vita</strong></span> <span class='ocrx_word' id='word_1_362' title='bbox 1594 2823 1724 2896; x_wconf 68' lang='lat' dir='ltr'><strong>(aqualia</strong></span> <span class='ocrx_word' id='word_1_363' title='bbox 1742 2830 1818 2882; x_wconf 89' lang='lat' dir='ltr'><strong>sunt</strong></span> <span class='ocrx_word' id='word_1_364' title='bbox 1834 2841 1896 2899; x_wconf 90' lang='lat' dir='ltr'><strong>pro</strong></span> 
     </span>
     <span class='ocr_line' id='line_1_31' title="bbox 255 2905 1896 2982; baseline 0 -16"><span class='ocrx_word' id='word_1_365' title='bbox 255 2924 315 2982; x_wconf 91' lang='lat' dir='ltr'><strong>quo</strong></span> <span class='ocrx_word' id='word_1_366' title='bbox 324 2907 452 2982; x_wconf 82' lang='lat' dir='ltr'><strong>perrexit</strong></span> <span class='ocrx_word' id='word_1_367' title='bbox 461 2905 648 2966; x_wconf 90' lang='lat' dir='ltr'><strong>dulcissimus</strong></span> <span class='ocrx_word' id='word_1_368' title='bbox 658 2909 778 2964; x_wconf 89' lang='lat' dir='ltr'><strong>meusct</strong></span> <span class='ocrx_word' id='word_1_369' title='bbox 789 2908 893 2964; x_wconf 89' lang='lat' dir='ltr'><strong>unicus</strong></span> <span class='ocrx_word' id='word_1_370' title='bbox 900 2907 1044 2965; x_wconf 77' lang='lat' dir='ltr'><strong>aedona»</strong></span> <span class='ocrx_word' id='word_1_371' title='bbox 1087 2921 1188 2965; x_wconf 91' lang='lat' dir='ltr'><strong>rerum</strong></span> <span class='ocrx_word' id='word_1_372' title='bbox 1200 2907 1431 2966; x_wconf 88' lang='lat' dir='ltr'><strong>commutatione</strong></span> <span class='ocrx_word' id='word_1_373' title='bbox 1444 2908 1634 2976; x_wconf 86' lang='lat' dir='ltr'><strong>commercia,</strong></span> <span class='ocrx_word' id='word_1_374' title='bbox 1648 2921 1704 2964; x_wconf 90' lang='lat' dir='ltr'><strong>neo</strong></span> <span class='ocrx_word' id='word_1_375' title='bbox 1717 2910 1840 2979; x_wconf 83' lang='lat' dir='ltr'><strong>majora</strong></span> <span class='ocrx_word' id='word_1_376' title='bbox 1849 2927 1896 2966; x_wconf 88' lang='lat' dir='ltr'><strong>re-</strong></span> 
     </span>
     <span class='ocr_line' id='line_1_32' title="bbox 254 2989 2014 3066; baseline 0.003 -22"><span class='ocrx_word' id='word_1_377' title='bbox 254 2991 427 3064; x_wconf 80' lang='lat' dir='ltr'><strong>vigilantius</strong></span> <span class='ocrx_word' id='word_1_378' title='bbox 444 2991 598 3066; x_wconf 90' lang='lat' dir='ltr'><strong>respondit</strong></span> <span class='ocrx_word' id='word_1_379' title='bbox 613 3007 621 3046; x_wconf 75' lang='grc' dir='ltr'><strong><em>ε</em></strong></span> <span class='ocrx_word' id='word_1_380' title='bbox 638 2991 753 3063; x_wconf 82' lang='lat' dir='ltr'><strong>attegio</strong></span> <span class='ocrx_word' id='word_1_381' title='bbox 773 2989 979 3062; x_wconf 87' lang='lat' dir='ltr'><strong>robustorum,</strong></span> <span class='ocrx_word' id='word_1_382' title='bbox 994 3007 1046 3048; x_wconf 88' lang='lat' dir='ltr'><strong>seu</strong></span> <span class='ocrx_word' id='word_1_383' title='bbox 1088 2991 1206 3064; x_wconf 88' lang='lat' dir='ltr'><strong>cipitab</strong></span> <span class='ocrx_word' id='word_1_384' title='bbox 1217 2994 1331 3048; x_wconf 86' lang='lat' dir='ltr'><strong>emente</strong></span> <span class='ocrx_word' id='word_1_385' title='bbox 1340 2989 1521 3064; x_wconf 79' lang='lat' dir='ltr'><strong>quirendit3</strong></span> <span class='ocrx_word' id='word_1_386' title='bbox 1532 2989 1694 3065; x_wconf 86' lang='lat' dir='ltr'><strong>promissio</strong></span> <span class='ocrx_word' id='word_1_387' title='bbox 1707 2995 1813 3050; x_wconf 90' lang='lat' dir='ltr'><strong>autem</strong></span> <span class='ocrx_word' id='word_1_388' title='bbox 1823 2993 1895 3050; x_wconf 79' lang='lat' dir='ltr'><strong>vita</strong></span> <span class='ocrx_word' id='word_1_389' title='bbox 2013 3043 2014 3066; x_wconf 18' lang='grc' dir='ltr'>ζ</span> 
     </span>
     <span class='ocr_line' id='line_1_33' title="bbox 161 3073 2014 3150; baseline 0.006 -30"><span class='ocrx_word' id='word_1_390' title='bbox 161 3077 215 3124; x_wconf 69' lang='lat' dir='ltr'><strong>ut·</strong></span> <span class='ocrx_word' id='word_1_391' title='bbox 254 3075 375 3133; x_wconf 83' lang='lat' dir='ltr'><strong>tortium</strong></span> <span class='ocrx_word' id='word_1_392' title='bbox 383 3075 554 3132; x_wconf 74' lang='lat' dir='ltr'><strong>virorum.»</strong></span> <span class='ocrx_word' id='word_1_393' title='bbox 569 3075 602 3130; x_wconf 87' lang='lat' dir='ltr'><strong>Et</strong></span> <span class='ocrx_word' id='word_1_394' title='bbox 613 3075 725 3132; x_wconf 86' lang='lat' dir='ltr'><strong>mater:</strong></span> <span class='ocrx_word' id='word_1_395' title='bbox 743 3075 839 3132; x_wconf 72' lang='lat' dir='ltr'><strong>«Sunt</strong></span> <span class='ocrx_word' id='word_1_396' title='bbox 848 3075 941 3150; x_wconf 86' lang='lat' dir='ltr'><strong>aliqui</strong></span> <span class='ocrx_word' id='word_1_397' title='bbox 951 3076 1050 3132; x_wconf 91' lang='lat' dir='ltr'><strong>homi·</strong></span> <span class='ocrx_word' id='word_1_398' title='bbox 1089 3073 1339 3147; x_wconf 79' lang='lat' dir='ltr'><strong>sempiternaevili</strong></span> <span class='ocrx_word' id='word_1_399' title='bbox 1357 3073 1452 3147; x_wconf 92' lang='lat' dir='ltr'><strong>pretio</strong></span> <span class='ocrx_word' id='word_1_400' title='bbox 1470 3079 1670 3148; x_wconf 86' lang='lat' dir='ltr'><strong>comparatur.</strong></span> <span class='ocrx_word' id='word_1_401' title='bbox 1682 3075 1836 3149; x_wconf 87' lang='lat' dir='ltr'><strong>Scriptum</strong></span> <span class='ocrx_word' id='word_1_402' title='bbox 1849 3075 2014 3148; x_wconf 66' lang='lat' dir='ltr'><strong>estlffirrj</strong></span> 
     </span>
     <span class='ocr_line' id='line_1_34' title="bbox 146 3137 1987 3246; baseline 0.001 -32"><span class='ocrx_word' id='word_1_403' title='bbox 146 3143 233 3246; x_wconf 53' lang='lat' dir='ltr'><strong>ffiss</strong></span> <span class='ocrx_word' id='word_1_404' title='bbox 254 3173 306 3215; x_wconf 89' lang='lat' dir='ltr'><strong>nes</strong></span> <span class='ocrx_word' id='word_1_405' title='bbox 319 3158 431 3218; x_wconf 89' lang='lat' dir='ltr'><strong>ibidem</strong></span> <span class='ocrx_word' id='word_1_406' title='bbox 449 3159 709 3216; x_wconf 82' lang='lat' dir='ltr'><strong>commorantestr</strong></span> <span class='ocrx_word' id='word_1_407' title='bbox 732 3158 905 3229; x_wconf 85' lang='lat' dir='ltr'><strong>vigilantius</strong></span> <span class='ocrx_word' id='word_1_408' title='bbox 922 3171 1047 3232; x_wconf 85' lang='lat' dir='ltr'><strong>respon-</strong></span> <span class='ocrx_word' id='word_1_409' title='bbox 1089 3160 1168 3216; x_wconf 89' lang='lat' dir='ltr'><strong>enim</strong></span> <span class='ocrx_word' id='word_1_410' title='bbox 1185 3177 1192 3214; x_wconf 92' lang='lat'>:</span> <span class='ocrx_word' id='word_1_411' title='bbox 1207 3159 1272 3216; x_wconf 83' lang='lat' dir='ltr'><strong>liies</strong></span> <span class='ocrx_word' id='word_1_412' title='bbox 1285 3157 1354 3215; x_wconf 80' lang='lat' dir='ltr'><strong>vitae</strong></span> <span class='ocrx_word' id='word_1_413' title='bbox 1366 3161 1475 3217; x_wconf 72' lang='lat' dir='ltr'><strong>nostrie</strong></span> <span class='ocrx_word' id='word_1_414' title='bbox 1491 3159 1678 3232; x_wconf 76' lang='lat' dir='ltr'><strong>septuaginta</strong></span> <span class='ocrx_word' id='word_1_415' title='bbox 1690 3160 1781 3230; x_wconf 87' lang='lat' dir='ltr'><strong>anni;</strong></span> <span class='ocrx_word' id='word_1_416' title='bbox 1795 3161 1822 3216; x_wconf 90' lang='lat' dir='ltr'><strong>si</strong></span> <span class='ocrx_word' id='word_1_417' title='bbox 1837 3176 1894 3216; x_wconf 87' lang='lat' dir='ltr'><strong>au·</strong></span> <span class='ocrx_word' id='word_1_418' title='bbox 1907 3137 1987 3243; x_wconf 49' lang='grc' dir='ltr'><em>Ἄ</em></span> 
     </span>
     <span class='ocr_line' id='line_1_35' title="bbox 169 3239 1987 3319; baseline -0.004 -12"><span class='ocrx_word' id='word_1_419' title='bbox 169 3262 232 3319; x_wconf 74' lang='lat' dir='ltr'><strong>scrip·</strong></span> <span class='ocrx_word' id='word_1_420' title='bbox 255 3243 298 3302; x_wconf 89' lang='lat' dir='ltr'><strong>dit</strong></span> <span class='ocrx_word' id='word_1_421' title='bbox 312 3262 319 3299; x_wconf 75' lang='grc' dir='ltr'><strong>ε</strong></span> <span class='ocrx_word' id='word_1_422' title='bbox 338 3243 462 3300; x_wconf 76' lang='lat' dir='ltr'><strong>«Plures</strong></span> <span class='ocrx_word' id='word_1_423' title='bbox 476 3245 504 3300; x_wconf 90' lang='lat' dir='ltr'><strong>et</strong></span> <span class='ocrx_word' id='word_1_424' title='bbox 517 3242 603 3300; x_wconf 84' lang='lat' dir='ltr'><strong>valde</strong></span> <span class='ocrx_word' id='word_1_425' title='bbox 615 3239 732 3299; x_wconf 83' lang='lat' dir='ltr'><strong>nobiles</strong></span> <span class='ocrx_word' id='word_1_426' title='bbox 742 3242 899 3312; x_wconf 88' lang='lat' dir='ltr'><strong>habentur,</strong></span> <span class='ocrx_word' id='word_1_427' title='bbox 915 3257 1046 3316; x_wconf 89' lang='lat' dir='ltr'><strong>qnorum</strong></span> <span class='ocrx_word' id='word_1_428' title='bbox 1089 3245 1148 3299; x_wconf 89' lang='lat' dir='ltr'><strong>tem</strong></span> <span class='ocrx_word' id='word_1_429' title='bbox 1162 3241 1299 3312; x_wconf 90' lang='lat' dir='ltr'><strong>multum,</strong></span> <span class='ocrx_word' id='word_1_430' title='bbox 1319 3243 1470 3314; x_wconf 85' lang='lat' dir='ltr'><strong>octoginta</strong></span> <span class='ocrx_word' id='word_1_431' title='bbox 1485 3260 1494 3298; x_wconf 91' lang='lat'><strong>:</strong></span> <span class='ocrx_word' id='word_1_432' title='bbox 1508 3243 1659 3316; x_wconf 90' lang='lat' dir='ltr'><strong>quidquid</strong></span> <span class='ocrx_word' id='word_1_433' title='bbox 1671 3243 1826 3317; x_wconf 85' lang='lat' dir='ltr'><strong>reliquum</strong></span> <span class='ocrx_word' id='word_1_434' title='bbox 1837 3249 1893 3314; x_wconf 84' lang='lat' dir='ltr'><strong>est,</strong></span> <span class='ocrx_word' id='word_1_435' title='bbox 1906 3270 1987 3314; x_wconf 59' lang='lat' dir='ltr'><strong>am</strong></span> 
     </span>
     <span class='ocr_line' id='line_1_36' title="bbox 165 3319 2014 3402; baseline -0.001 -17"><span class='ocrx_word' id='word_1_436' title='bbox 165 3323 208 3368; x_wconf 69' lang='lat'><strong>²¹0·</strong></span> <span class='ocrx_word' id='word_1_437' title='bbox 254 3325 401 3402; x_wconf 88' lang='lat' dir='ltr'><strong>possessio</strong></span> <span class='ocrx_word' id='word_1_438' title='bbox 415 3325 571 3402; x_wconf 88' lang='lat' dir='ltr'><strong>paradisus</strong></span> <span class='ocrx_word' id='word_1_439' title='bbox 583 3325 700 3394; x_wconf 91' lang='lat' dir='ltr'><strong>dicitur,</strong></span> <span class='ocrx_word' id='word_1_440' title='bbox 716 3341 846 3399; x_wconf 90' lang='lat' dir='ltr'><strong>qnorum</strong></span> <span class='ocrx_word' id='word_1_441' title='bbox 856 3325 1047 3384; x_wconf 88' lang='lat' dir='ltr'><strong>tabernacula</strong></span> <span class='ocrx_word' id='word_1_442' title='bbox 1089 3323 1176 3383; x_wconf 89' lang='lat' dir='ltr'><strong>labor</strong></span> <span class='ocrx_word' id='word_1_443' title='bbox 1195 3329 1224 3382; x_wconf 90' lang='lat' dir='ltr'><strong>ct</strong></span> <span class='ocrx_word' id='word_1_444' title='bbox 1244 3324 1331 3383; x_wconf 93' lang='lat' dir='ltr'><strong>dolor</strong></span> <span class='ocrx_word' id='word_1_445' title='bbox 1350 3329 1404 3382; x_wconf 87' lang='lat' dir='ltr'><strong>est.</strong></span> <span class='ocrx_word' id='word_1_446' title='bbox 1422 3326 1549 3394; x_wconf 84' lang='lat' dir='ltr'><strong>Quando</strong></span> <span class='ocrx_word' id='word_1_447' title='bbox 1566 3327 1822 3398; x_wconf 87' lang='lat' dir='ltr'><strong>argooetoginta,</strong></span> <span class='ocrx_word' id='word_1_448' title='bbox 1840 3332 1895 3384; x_wconf 89' lang='lat' dir='ltr'><strong>aut</strong></span> <span class='ocrx_word' id='word_1_449' title='bbox 1930 3325 1967 3364; x_wconf 56' lang='grc' dir='ltr'><strong>ω·</strong></span> <span class='ocrx_word' id='word_1_450' title='bbox 2012 3319 2014 3342; x_wconf 78' lang='grc'><em>“</em></span> 
     </span>
     <span class='ocr_line' id='line_1_37' title="bbox 255 3381 1984 3486; baseline -0.001 -17"><span class='ocrx_word' id='word_1_451' title='bbox 255 3428 292 3468; x_wconf 78' lang='lat' dir='ltr'><strong>ex</strong></span> <span class='ocrx_word' id='word_1_452' title='bbox 305 3411 417 3469; x_wconf 89' lang='lat' dir='ltr'><strong>lumine</strong></span> <span class='ocrx_word' id='word_1_453' title='bbox 432 3414 500 3468; x_wconf 89' lang='lat' dir='ltr'><strong>sunt</strong></span> <span class='ocrx_word' id='word_1_454' title='bbox 512 3413 688 3480; x_wconf 89' lang='lat' dir='ltr'><strong>constructa,</strong></span> <span class='ocrx_word' id='word_1_455' title='bbox 698 3409 897 3484; x_wconf 81' lang='lat' dir='ltr'><strong>quorumvita</strong></span> <span class='ocrx_word' id='word_1_456' title='bbox 907 3412 982 3468; x_wconf 85' lang='lat' dir='ltr'><strong>licus</strong></span> <span class='ocrx_word' id='word_1_457' title='bbox 992 3413 1046 3481; x_wconf 91' lang='lat' dir='ltr'><strong>est,</strong></span> <span class='ocrx_word' id='word_1_458' title='bbox 1088 3417 1219 3480; x_wconf 86' lang='lat' dir='ltr'><strong>centum,</strong></span> <span class='ocrx_word' id='word_1_459' title='bbox 1230 3413 1264 3466; x_wconf 89' lang='lat' dir='ltr'><strong>ut</strong></span> <span class='ocrx_word' id='word_1_460' title='bbox 1273 3409 1413 3480; x_wconf 91' lang='lat' dir='ltr'><strong>multum,</strong></span> <span class='ocrx_word' id='word_1_461' title='bbox 1424 3409 1509 3466; x_wconf 85' lang='lat' dir='ltr'><strong>annis</strong></span> <span class='ocrx_word' id='word_1_462' title='bbox 1518 3409 1689 3466; x_wconf 82' lang='lat' dir='ltr'><strong>laborantes</strong></span> <span class='ocrx_word' id='word_1_463' title='bbox 1695 3409 1728 3466; x_wconf 90' lang='lat' dir='ltr'><strong>in</strong></span> <span class='ocrx_word' id='word_1_464' title='bbox 1738 3409 1790 3466; x_wconf 80' lang='lat' dir='ltr'><strong>liei</strong></span> <span class='ocrx_word' id='word_1_465' title='bbox 1799 3427 1893 3484; x_wconf 78' lang='lat' dir='ltr'><strong>opere</strong></span> <span class='ocrx_word' id='word_1_466' title='bbox 1905 3381 1984 3486; x_wconf 48' lang='grc' dir='ltr'><strong>μζ</strong></span> 
     </span>
     <span class='ocr_line' id='line_1_38' title="bbox 254 3493 1893 3568; baseline -0.001 -16"><span class='ocrx_word' id='word_1_467' title='bbox 254 3499 283 3552; x_wconf 89' lang='lat' dir='ltr'><strong>et</strong></span> <span class='ocrx_word' id='word_1_468' title='bbox 296 3495 478 3554; x_wconf 84' lang='lat' dir='ltr'><strong>conversatio</strong></span> <span class='ocrx_word' id='word_1_469' title='bbox 492 3493 666 3552; x_wconf 86' lang='lat' dir='ltr'><strong>immortalis</strong></span> <span class='ocrx_word' id='word_1_470' title='bbox 680 3493 788 3566; x_wconf 87' lang='lat' dir='ltr'><strong>existit;</strong></span> <span class='ocrx_word' id='word_1_471' title='bbox 804 3509 935 3568; x_wconf 92' lang='lat' dir='ltr'><strong>quorum</strong></span> <span class='ocrx_word' id='word_1_472' title='bbox 951 3499 1047 3551; x_wconf 84' lang='lat' dir='ltr'><strong>vestes</strong></span> <span class='ocrx_word' id='word_1_473' title='bbox 1087 3493 1258 3562; x_wconf 78' lang='lat' dir='ltr'><strong>vixerimus,</strong></span> <span class='ocrx_word' id='word_1_474' title='bbox 1272 3507 1336 3549; x_wconf 92' lang='lat' dir='ltr'><strong>non</strong></span> <span class='ocrx_word' id='word_1_475' title='bbox 1347 3493 1414 3567; x_wconf 90' lang='lat' dir='ltr'><strong>pari</strong></span> <span class='ocrx_word' id='word_1_476' title='bbox 1426 3498 1559 3566; x_wconf 88' lang='lat' dir='ltr'><strong>tempora</strong></span> <span class='ocrx_word' id='word_1_477' title='bbox 1572 3494 1723 3564; x_wconf 83' lang='lat' dir='ltr'><strong>regnaturi</strong></span> <span class='ocrx_word' id='word_1_478' title='bbox 1737 3510 1846 3558; x_wconf 85' lang='lat' dir='ltr'><strong>sumus</strong></span> <span class='ocrx_word' id='word_1_479' title='bbox 1861 3495 1893 3551; x_wconf 94' lang='lat' dir='ltr'><strong>in</strong></span> 
     </span>
     <span class='ocr_line' id='line_1_39' title="bbox 254 3575 1892 3650; baseline 0 -16"><span class='ocrx_word' id='word_1_480' title='bbox 254 3579 397 3650; x_wconf 86' lang='lat' dir='ltr'><strong>sanguine</strong></span> <span class='ocrx_word' id='word_1_481' title='bbox 411 3581 481 3634; x_wconf 91' lang='lat' dir='ltr'><strong>sunt</strong></span> <span class='ocrx_word' id='word_1_482' title='bbox 494 3591 650 3650; x_wconf 83' lang='lat' dir='ltr'><strong>respersae,</strong></span> <span class='ocrx_word' id='word_1_483' title='bbox 668 3579 697 3633; x_wconf 89' lang='lat' dir='ltr'><strong>et</strong></span> <span class='ocrx_word' id='word_1_484' title='bbox 715 3577 747 3632; x_wconf 93' lang='lat' dir='ltr'><strong>in</strong></span> <span class='ocrx_word' id='word_1_485' title='bbox 765 3577 858 3649; x_wconf 89' lang='lat' dir='ltr'><strong>capita</strong></span> <span class='ocrx_word' id='word_1_486' title='bbox 874 3593 992 3634; x_wconf 85' lang='lat' dir='ltr'><strong>eoronae</strong></span> <span class='ocrx_word' id='word_1_487' title='bbox 1009 3593 1047 3634; x_wconf 83' lang='lat' dir='ltr'><strong>ex</strong></span> <span class='ocrx_word' id='word_1_488' title='bbox 1087 3575 1204 3646; x_wconf 81' lang='lat' dir='ltr'><strong>iutur03</strong></span> <span class='ocrx_word' id='word_1_489' title='bbox 1219 3575 1339 3649; x_wconf 89' lang='lat' dir='ltr'><strong>sedpro</strong></span> <span class='ocrx_word' id='word_1_490' title='bbox 1352 3576 1438 3633; x_wconf 89' lang='lat' dir='ltr'><strong>annis</strong></span> <span class='ocrx_word' id='word_1_491' title='bbox 1457 3575 1623 3650; x_wconf 80' lang='lat' dir='ltr'><strong>praedictis,</strong></span> <span class='ocrx_word' id='word_1_492' title='bbox 1644 3575 1784 3634; x_wconf 90' lang='lat' dir='ltr'><strong>omnium</strong></span> <span class='ocrx_word' id='word_1_493' title='bbox 1802 3577 1892 3634; x_wconf 87' lang='lat' dir='ltr'><strong>nobis</strong></span> 
     </span>
     <span class='ocr_line' id='line_1_40' title="bbox 253 3658 1894 3732; baseline 0.001 -15"><span class='ocrx_word' id='word_1_494' title='bbox 253 3673 327 3718; x_wconf 90' lang='lat' dir='ltr'><strong>auro</strong></span> <span class='ocrx_word' id='word_1_495' title='bbox 341 3659 499 3732; x_wconf 90' lang='lat' dir='ltr'><strong>purissimo</strong></span> <span class='ocrx_word' id='word_1_496' title='bbox 514 3673 582 3714; x_wconf 90' lang='lat' dir='ltr'><strong>enm</strong></span> <span class='ocrx_word' id='word_1_497' title='bbox 596 3658 721 3730; x_wconf 87' lang='lat' dir='ltr'><strong>gemmis</strong></span> <span class='ocrx_word' id='word_1_498' title='bbox 733 3659 821 3716; x_wconf 84' lang='lat' dir='ltr'><strong>variis</strong></span> <span class='ocrx_word' id='word_1_499' title='bbox 834 3658 982 3716; x_wconf 76' lang='lat' dir='ltr'><strong>fabricatae</strong></span> <span class='ocrx_word' id='word_1_500' title='bbox 995 3659 1047 3717; x_wconf 90' lang='lat' dir='ltr'><strong>ha·</strong></span> <span class='ocrx_word' id='word_1_501' title='bbox 1088 3659 1266 3716; x_wconf 70' lang='lat' dir='ltr'><strong>seculorum</strong></span> <span class='ocrx_word' id='word_1_502' title='bbox 1278 3659 1555 3732; x_wconf 87' lang='lat' dir='ltr'><strong>regnatribuentur.</strong></span> <span class='ocrx_word' id='word_1_503' title='bbox 1568 3663 1634 3716; x_wconf 80' lang='lat' dir='ltr'><strong>lion</strong></span> <span class='ocrx_word' id='word_1_504' title='bbox 1644 3661 1754 3718; x_wconf 84' lang='lat' dir='ltr'><strong>terram</strong></span> <span class='ocrx_word' id='word_1_505' title='bbox 1765 3660 1894 3719; x_wconf 75' lang='lat' dir='ltr'><strong>haredi-</strong></span> 
     </span>
     <span class='ocr_line' id='line_1_41' title="bbox 252 3741 1893 3817; baseline 0.002 -19"><span class='ocrx_word' id='word_1_506' title='bbox 252 3743 370 3798; x_wconf 89' lang='lat' dir='ltr'><strong>bentur.</strong></span> <span class='ocrx_word' id='word_1_507' title='bbox 385 3742 479 3798; x_wconf 88' lang='lat' dir='ltr'><strong>Sedet</strong></span> <span class='ocrx_word' id='word_1_508' title='bbox 492 3741 552 3798; x_wconf 79' lang='lat' dir='ltr'><strong>Rex</strong></span> <span class='ocrx_word' id='word_1_509' title='bbox 562 3741 688 3797; x_wconf 92' lang='lat' dir='ltr'><strong>nimium</strong></span> <span class='ocrx_word' id='word_1_510' title='bbox 697 3741 928 3813; x_wconf 90' lang='lat' dir='ltr'><strong>potentissimus,</strong></span> <span class='ocrx_word' id='word_1_511' title='bbox 941 3757 976 3799; x_wconf 89' lang='lat' dir='ltr'><strong>ac</strong></span> <span class='ocrx_word' id='word_1_512' title='bbox 986 3758 1048 3800; x_wconf 90' lang='lat' dir='ltr'><strong>me·</strong></span> <span class='ocrx_word' id='word_1_513' title='bbox 1087 3743 1228 3812; x_wconf 87' lang='lat' dir='ltr'><strong>tabimus,</strong></span> <span class='ocrx_word' id='word_1_514' title='bbox 1242 3742 1295 3799; x_wconf 91' lang='lat' dir='ltr'><strong>sed</strong></span> <span class='ocrx_word' id='word_1_515' title='bbox 1305 3741 1414 3800; x_wconf 85' lang='lat' dir='ltr'><strong>eoelum</strong></span> <span class='ocrx_word' id='word_1_516' title='bbox 1430 3761 1437 3800; x_wconf 74' lang='grc' dir='ltr'><strong>ι</strong></span> <span class='ocrx_word' id='word_1_517' title='bbox 1451 3757 1563 3816; x_wconf 85' lang='lat' dir='ltr'><strong>corpus</strong></span> <span class='ocrx_word' id='word_1_518' title='bbox 1575 3757 1699 3816; x_wconf 86' lang='lat' dir='ltr'><strong>quoquo</strong></span> <span class='ocrx_word' id='word_1_519' title='bbox 1712 3749 1893 3817; x_wconf 89' lang='lat' dir='ltr'><strong>corruptum</strong></span> 
     </span>
     <span class='ocr_line' id='line_1_42' title="bbox 252 3823 1891 3901; baseline 0.004 -21"><span class='ocrx_word' id='word_1_520' title='bbox 252 3823 382 3880; x_wconf 90' lang='lat' dir='ltr'><strong>tuendus</strong></span> <span class='ocrx_word' id='word_1_521' title='bbox 395 3827 438 3880; x_wconf 89' lang='lat' dir='ltr'><strong>est</strong></span> <span class='ocrx_word' id='word_1_522' title='bbox 449 3823 480 3879; x_wconf 91' lang='lat' dir='ltr'><strong>in</strong></span> <span class='ocrx_word' id='word_1_523' title='bbox 491 3825 595 3882; x_wconf 89' lang='lat' dir='ltr'><strong>eadem</strong></span> <span class='ocrx_word' id='word_1_524' title='bbox 608 3823 740 3895; x_wconf 78' lang='lat' dir='ltr'><strong>regiona,</strong></span> <span class='ocrx_word' id='word_1_525' title='bbox 754 3825 837 3894; x_wconf 88' lang='lat' dir='ltr'><strong>cujus</strong></span> <span class='ocrx_word' id='word_1_526' title='bbox 850 3839 961 3881; x_wconf 90' lang='lat' dir='ltr'><strong>nomen</strong></span> <span class='ocrx_word' id='word_1_527' title='bbox 971 3827 1046 3882; x_wconf 87' lang='lat' dir='ltr'><strong>Deus</strong></span> <span class='ocrx_word' id='word_1_528' title='bbox 1087 3825 1296 3898; x_wconf 88' lang='lat' dir='ltr'><strong>relinquentes,</strong></span> <span class='ocrx_word' id='word_1_529' title='bbox 1311 3826 1443 3899; x_wconf 91' lang='lat' dir='ltr'><strong>idipsum</strong></span> <span class='ocrx_word' id='word_1_530' title='bbox 1454 3841 1523 3883; x_wconf 85' lang='lat' dir='ltr'><strong>curn</strong></span> <span class='ocrx_word' id='word_1_531' title='bbox 1534 3825 1758 3901; x_wconf 88' lang='lat' dir='ltr'><strong>incorruptione</strong></span> <span class='ocrx_word' id='word_1_532' title='bbox 1767 3828 1891 3900; x_wconf 86' lang='lat' dir='ltr'><strong>recipie-</strong></span> 
     </span>
     <span class='ocr_line' id='line_1_43' title="bbox 255 3895 1890 3983; baseline 0.002 -19"><span class='ocrx_word' id='word_1_533' title='bbox 255 3895 395 3977; x_wconf 84' lang='lat' dir='ltr'><strong>aeorhm,</strong></span> <span class='ocrx_word' id='word_1_534' title='bbox 413 3912 441 3964; x_wconf 88' lang='lat' dir='ltr'><strong>et</strong></span> <span class='ocrx_word' id='word_1_535' title='bbox 460 3907 601 3966; x_wconf 86' lang='lat' dir='ltr'><strong>Dominus</strong></span> <span class='ocrx_word' id='word_1_536' title='bbox 620 3905 841 3965; x_wconf 83' lang='lat' dir='ltr'><strong>dbminantium</strong></span> <span class='ocrx_word' id='word_1_537' title='bbox 862 3909 1028 3983; x_wconf 90' lang='lat' dir='ltr'><strong>appellatur</strong></span> <span class='ocrx_word' id='word_1_538' title='bbox 1036 3927 1046 3979; x_wconf 87' lang='lat'>;</span> <span class='ocrx_word' id='word_1_539' title='bbox 1088 3923 1165 3966; x_wconf 89' lang='lat' dir='ltr'><strong>mus.</strong></span> <span class='ocrx_word' id='word_1_540' title='bbox 1182 3910 1269 3981; x_wconf 85' lang='lat' dir='ltr'><strong>Ergo,</strong></span> <span class='ocrx_word' id='word_1_541' title='bbox 1283 3907 1380 3979; x_wconf 89' lang='lat' dir='ltr'><strong>filioli,</strong></span> <span class='ocrx_word' id='word_1_542' title='bbox 1393 3924 1455 3966; x_wconf 92' lang='lat' dir='ltr'><strong>non</strong></span> <span class='ocrx_word' id='word_1_543' title='bbox 1468 3923 1524 3968; x_wconf 80' lang='lat' dir='ltr'><strong>vos</strong></span> <span class='ocrx_word' id='word_1_544' title='bbox 1537 3913 1588 3968; x_wconf 89' lang='lat' dir='ltr'><strong>aut</strong></span> <span class='ocrx_word' id='word_1_545' title='bbox 1600 3910 1725 3968; x_wconf 77' lang='lat' dir='ltr'><strong>taedium</strong></span> <span class='ocrx_word' id='word_1_546' title='bbox 1738 3910 1890 3982; x_wconf 78' lang='lat' dir='ltr'><strong>defatiget,</strong></span> 
     </span>
     <span class='ocr_line' id='line_1_44' title="bbox 254 3991 1890 4066; baseline 0.002 -17"><span class='ocrx_word' id='word_1_547' title='bbox 254 3993 337 4064; x_wconf 84' lang='lat' dir='ltr'><strong>cujus</strong></span> <span class='ocrx_word' id='word_1_548' title='bbox 347 3991 442 4049; x_wconf 89' lang='lat' dir='ltr'><strong>nuntii</strong></span> <span class='ocrx_word' id='word_1_549' title='bbox 452 3991 832 4066; x_wconf 79' lang='lat' dir='ltr'><strong>AngelidicunturJ&#39;ustitiae,</strong></span> <span class='ocrx_word' id='word_1_550' title='bbox 842 4007 974 4065; x_wconf 91' lang='lat' dir='ltr'><strong>quorum</strong></span> <span class='ocrx_word' id='word_1_551' title='bbox 984 4008 1047 4050; x_wconf 87' lang='lat' dir='ltr'><strong>ves·</strong></span> <span class='ocrx_word' id='word_1_552' title='bbox 1088 3994 1139 4049; x_wconf 91' lang='lat' dir='ltr'><strong>aut</strong></span> <span class='ocrx_word' id='word_1_553' title='bbox 1151 4005 1236 4048; x_wconf 78' lang='lat' dir='ltr'><strong>vanae</strong></span> <span class='ocrx_word' id='word_1_554' title='bbox 1249 3992 1352 4063; x_wconf 81' lang='lat' dir='ltr'><strong>gloriae</strong></span> <span class='ocrx_word' id='word_1_555' title='bbox 1366 3993 1489 4050; x_wconf 90' lang='lat' dir='ltr'><strong>delectet</strong></span> <span class='ocrx_word' id='word_1_556' title='bbox 1502 3993 1637 4052; x_wconf 87' lang='lat' dir='ltr'><strong>ambitio.</strong></span> <span class='ocrx_word' id='word_1_557' title='bbox 1652 3995 1717 4051; x_wconf 84' lang='lat' dir='ltr'><strong>lton</strong></span> <span class='ocrx_word' id='word_1_558' title='bbox 1728 3996 1890 4052; x_wconf 87' lang='lat' dir='ltr'><strong>suntcnim</strong></span> 
     </span>
     <span class='ocr_line' id='line_1_45' title="bbox 254 4074 1890 4152; baseline 0.003 -21"><span class='ocrx_word' id='word_1_559' title='bbox 254 4076 290 4131; x_wconf 92' lang='lat' dir='ltr'><strong>tis</strong></span> <span class='ocrx_word' id='word_1_560' title='bbox 304 4091 365 4134; x_wconf 88' lang='lat' dir='ltr'><strong>una</strong></span> <span class='ocrx_word' id='word_1_561' title='bbox 377 4079 421 4132; x_wconf 88' lang='lat' dir='ltr'><strong>est</strong></span> <span class='ocrx_word' id='word_1_562' title='bbox 434 4077 585 4148; x_wconf 90' lang='lat' dir='ltr'><strong>omnihus,</strong></span> <span class='ocrx_word' id='word_1_563' title='bbox 599 4079 626 4134; x_wconf 91' lang='lat' dir='ltr'><strong>et</strong></span> <span class='ocrx_word' id='word_1_564' title='bbox 638 4078 732 4133; x_wconf 89' lang='lat' dir='ltr'><strong>tactus</strong></span> <span class='ocrx_word' id='word_1_565' title='bbox 745 4090 850 4134; x_wconf 91' lang='lat' dir='ltr'><strong>eornm</strong></span> <span class='ocrx_word' id='word_1_566' title='bbox 863 4075 924 4148; x_wconf 89' lang='lat' dir='ltr'><strong>igni</strong></span> <span class='ocrx_word' id='word_1_567' title='bbox 935 4077 1049 4134; x_wconf 90' lang='lat' dir='ltr'><strong>assimi-</strong></span> <span class='ocrx_word' id='word_1_568' title='bbox 1088 4074 1243 4146; x_wconf 81' lang='lat' dir='ltr'><strong>condignos</strong></span> <span class='ocrx_word' id='word_1_569' title='bbox 1261 4075 1415 4148; x_wconf 85' lang='lat' dir='ltr'><strong>passiones</strong></span> <span class='ocrx_word' id='word_1_570' title='bbox 1433 4076 1522 4149; x_wconf 90' lang='lat' dir='ltr'><strong>hujus</strong></span> <span class='ocrx_word' id='word_1_571' title='bbox 1543 4077 1702 4150; x_wconf 90' lang='lat' dir='ltr'><strong>temporis,</strong></span> <span class='ocrx_word' id='word_1_572' title='bbox 1724 4078 1766 4134; x_wconf 86' lang='lat' dir='ltr'><strong>ad</strong></span> <span class='ocrx_word' id='word_1_573' title='bbox 1784 4095 1890 4152; x_wconf 84' lang='lat' dir='ltr'><strong>super·</strong></span> 
     </span>
     <span class='ocr_line' id='line_1_46' title="bbox 240 4159 1854 4234; baseline 0.001 -19"><span class='ocrx_word' id='word_1_574' title='bbox 240 4159 332 4218; x_wconf 85' lang='lat' dir='ltr'><strong>latur</strong></span> <span class='ocrx_word' id='word_1_575' title='bbox 340 4160 543 4217; x_wconf 84' lang='lat' dir='ltr'><strong>urentisedct</strong></span> <span class='ocrx_word' id='word_1_576' title='bbox 550 4164 666 4216; x_wconf 87' lang='lat' dir='ltr'><strong>senatus</strong></span> <span class='ocrx_word' id='word_1_577' title='bbox 672 4160 760 4231; x_wconf 76' lang='lat' dir='ltr'><strong>huius</strong></span> <span class='ocrx_word' id='word_1_578' title='bbox 768 4161 953 4234; x_wconf 87' lang='lat' dir='ltr'><strong>imperatoris</strong></span> <span class='ocrx_word' id='word_1_579' title='bbox 960 4161 1048 4220; x_wconf 84' lang='lat' dir='ltr'><strong>valde</strong></span> <span class='ocrx_word' id='word_1_580' title='bbox 1087 4163 1243 4216; x_wconf 75' lang='lat' dir='ltr'><strong>venturam</strong></span> <span class='ocrx_word' id='word_1_581' title='bbox 1257 4159 1395 4231; x_wconf 82' lang='lat' dir='ltr'><strong>gloriam,</strong></span> <span class='ocrx_word' id='word_1_582' title='bbox 1409 4175 1478 4233; x_wconf 81' lang='lat' dir='ltr'><strong>quae</strong></span> <span class='ocrx_word' id='word_1_583' title='bbox 1486 4159 1666 4218; x_wconf 85' lang='lat' dir='ltr'><strong>revelabitur</strong></span> <span class='ocrx_word' id='word_1_584' title='bbox 1678 4161 1711 4218; x_wconf 91' lang='lat' dir='ltr'><strong>in</strong></span> <span class='ocrx_word' id='word_1_585' title='bbox 1724 4160 1827 4218; x_wconf 87' lang='lat' dir='ltr'><strong>nobis.</strong></span> <span class='ocrx_word' id='word_1_586' title='bbox 1837 4183 1854 4216; x_wconf 77' lang='grc' dir='ltr'><strong>ι</strong></span> 
     </span>
     <span class='ocr_line' id='line_1_47' title="bbox 255 4242 1890 4318; baseline 0.001 -18"><span class='ocrx_word' id='word_1_587' title='bbox 255 4243 351 4302; x_wconf 89' lang='lat' dir='ltr'><strong>clarus</strong></span> <span class='ocrx_word' id='word_1_588' title='bbox 364 4243 505 4316; x_wconf 82' lang='lat' dir='ltr'><strong>habetur3</strong></span> <span class='ocrx_word' id='word_1_589' title='bbox 521 4249 550 4299; x_wconf 89' lang='lat' dir='ltr'><strong>et</strong></span> <span class='ocrx_word' id='word_1_590' title='bbox 562 4243 661 4300; x_wconf 91' lang='lat' dir='ltr'><strong>media</strong></span> <span class='ocrx_word' id='word_1_591' title='bbox 673 4260 743 4318; x_wconf 89' lang='lat' dir='ltr'><strong>pars</strong></span> <span class='ocrx_word' id='word_1_592' title='bbox 765 4245 915 4318; x_wconf 76' lang='lat' dir='ltr'><strong>Prophetae</strong></span> <span class='ocrx_word' id='word_1_593' title='bbox 934 4261 1048 4303; x_wconf 90' lang='lat' dir='ltr'><strong>nuncu·</strong></span> <span class='ocrx_word' id='word_1_594' title='bbox 1123 4243 1152 4300; x_wconf 91' lang='lat' dir='ltr'><strong>S.</strong></span> <span class='ocrx_word' id='word_1_595' title='bbox 1166 4243 1254 4299; x_wconf 87' lang='lat' dir='ltr'><strong>llaria</strong></span> <span class='ocrx_word' id='word_1_596' title='bbox 1271 4242 1435 4313; x_wconf 89' lang='lat' dir='ltr'><strong>d’Oignies,</strong></span> <span class='ocrx_word' id='word_1_597' title='bbox 1456 4247 1526 4299; x_wconf 89' lang='lat' dir='ltr'><strong>teste</strong></span> <span class='ocrx_word' id='word_1_598' title='bbox 1547 4243 1695 4302; x_wconf 82' lang='lat' dir='ltr'><strong>cardinali</strong></span> <span class='ocrx_word' id='word_1_599' title='bbox 1716 4243 1845 4302; x_wconf 78' lang='lat' dir='ltr'><strong>vitriaco</strong></span> <span class='ocrx_word' id='word_1_600' title='bbox 1860 4248 1890 4302; x_wconf 91' lang='lat' dir='ltr'><strong>in</strong></span> 
     </span>
     <span class='ocr_line' id='line_1_48' title="bbox 255 4325 1889 4402; baseline 0.001 -19"><span class='ocrx_word' id='word_1_601' title='bbox 255 4331 354 4398; x_wconf 90' lang='lat' dir='ltr'><strong>patur,</strong></span> <span class='ocrx_word' id='word_1_602' title='bbox 368 4325 416 4382; x_wconf 90' lang='lat' dir='ltr'><strong>alii</strong></span> <span class='ocrx_word' id='word_1_603' title='bbox 431 4342 501 4382; x_wconf 83' lang='lat' dir='ltr'><strong>vero</strong></span> <span class='ocrx_word' id='word_1_604' title='bbox 514 4325 646 4398; x_wconf 82' lang='lat' dir='ltr'><strong>Apostoli</strong></span> <span class='ocrx_word' id='word_1_605' title='bbox 659 4327 925 4400; x_wconf 70' lang='lat' dir='ltr'><strong>pronuntiantur.»</strong></span> <span class='ocrx_word' id='word_1_606' title='bbox 939 4327 1048 4386; x_wconf 86' lang='lat' dir='ltr'><strong>Deinde</strong></span> <span class='ocrx_word' id='word_1_607' title='bbox 1088 4325 1152 4398; x_wconf 78' lang='lat' dir='ltr'><strong>ejus</strong></span> <span class='ocrx_word' id='word_1_608' title='bbox 1165 4325 1238 4397; x_wconf 78' lang='lat' dir='ltr'><strong>Vita,</strong></span> <span class='ocrx_word' id='word_1_609' title='bbox 1257 4341 1326 4382; x_wconf 91' lang='lat' dir='ltr'><strong>cum</strong></span> <span class='ocrx_word' id='word_1_610' title='bbox 1337 4325 1457 4383; x_wconf 82' lang='lat' dir='ltr'><strong>vixisset</strong></span> <span class='ocrx_word' id='word_1_611' title='bbox 1473 4326 1563 4382; x_wconf 87' lang='lat' dir='ltr'><strong>vitam</strong></span> <span class='ocrx_word' id='word_1_612' title='bbox 1580 4327 1758 4398; x_wconf 88' lang='lat' dir='ltr'><strong>angelicam,</strong></span> <span class='ocrx_word' id='word_1_613' title='bbox 1777 4329 1889 4402; x_wconf 86' lang='lat' dir='ltr'><strong>aceepit</strong></span> 
     </span>
     <span class='ocr_line' id='line_1_49' title="bbox 172 4408 1886 4482; baseline -0.001 -14"><span class='ocrx_word' id='word_1_614' title='bbox 172 4410 243 4468; x_wconf 55' lang='lat'><strong>*12⁰⁶-</strong></span> <span class='ocrx_word' id='word_1_615' title='bbox 256 4411 350 4482; x_wconf 88' lang='lat' dir='ltr'><strong>ipsam</strong></span> <span class='ocrx_word' id='word_1_616' title='bbox 361 4409 717 4467; x_wconf 83' lang='lat' dir='ltr'><strong>civitatemitadcscribit:</strong></span> <span class='ocrx_word' id='word_1_617' title='bbox 729 4413 842 4470; x_wconf 79' lang='lat' dir='ltr'><strong>«Sedet</strong></span> <span class='ocrx_word' id='word_1_618' title='bbox 853 4411 954 4470; x_wconf 81' lang='lat' dir='ltr'><strong>civitas</strong></span> <span class='ocrx_word' id='word_1_619' title='bbox 964 4413 1048 4469; x_wconf 91' lang='lat' dir='ltr'><strong>istius</strong></span> <span class='ocrx_word' id='word_1_620' title='bbox 1087 4409 1298 4466; x_wconf 85' lang='lat' dir='ltr'><strong>revelationem</strong></span> <span class='ocrx_word' id='word_1_621' title='bbox 1311 4425 1372 4466; x_wconf 78' lang='lat' dir='ltr'><strong>suae</strong></span> <span class='ocrx_word' id='word_1_622' title='bbox 1386 4408 1490 4465; x_wconf 89' lang='lat' dir='ltr'><strong>salutis</strong></span> <span class='ocrx_word' id='word_1_623' title='bbox 1506 4415 1534 4465; x_wconf 90' lang='lat' dir='ltr'><strong>et</strong></span> <span class='ocrx_word' id='word_1_624' title='bbox 1545 4409 1657 4480; x_wconf 80' lang='lat' dir='ltr'><strong>gloriae,</strong></span> <span class='ocrx_word' id='word_1_625' title='bbox 1671 4409 1754 4468; x_wconf 83' lang='lat' dir='ltr'><strong>hisce</strong></span> <span class='ocrx_word' id='word_1_626' title='bbox 1766 4412 1886 4468; x_wconf 80' lang='lat' dir='ltr'><strong>verbis:</strong></span> 
     </span>
     <span class='ocr_line' id='line_1_50' title="bbox 137 4479 1887 4569; baseline 0.002 -21"><span class='ocrx_word' id='word_1_627' title='bbox 137 4479 182 4518; x_wconf 84' lang='lat'>²¹¹·</span> <span class='ocrx_word' id='word_1_628' title='bbox 257 4493 340 4563; x_wconf 79' lang='lat' dir='ltr'><strong>liegis</strong></span> <span class='ocrx_word' id='word_1_629' title='bbox 352 4489 440 4548; x_wconf 83' lang='lat' dir='ltr'><strong>valde</strong></span> <span class='ocrx_word' id='word_1_630' title='bbox 453 4495 496 4547; x_wconf 88' lang='lat' dir='ltr'><strong>ost</strong></span> <span class='ocrx_word' id='word_1_631' title='bbox 509 4494 660 4565; x_wconf 86' lang='lat' dir='ltr'><strong>praeclara,</strong></span> <span class='ocrx_word' id='word_1_632' title='bbox 674 4509 843 4569; x_wconf 87' lang='lat' dir='ltr'><strong>nomenque</strong></span> <span class='ocrx_word' id='word_1_633' title='bbox 856 4497 919 4569; x_wconf 86' lang='lat' dir='ltr'><strong>ejus</strong></span> <span class='ocrx_word' id='word_1_634' title='bbox 932 4495 1049 4555; x_wconf 89' lang='lat' dir='ltr'><strong>Christi·</strong></span> <span class='ocrx_word' id='word_1_635' title='bbox 1091 4493 1173 4549; x_wconf 77' lang='lat' dir='ltr'><strong>albis</strong></span> <span class='ocrx_word' id='word_1_636' title='bbox 1196 4494 1226 4550; x_wconf 93' lang='lat' dir='ltr'><strong>in</strong></span> <span class='ocrx_word' id='word_1_637' title='bbox 1247 4495 1352 4550; x_wconf 86' lang='lat' dir='ltr'><strong>Sancta</strong></span> <span class='ocrx_word' id='word_1_638' title='bbox 1372 4497 1580 4549; x_wconf 68' lang='lat' dir='ltr'><strong>sanatorum.»</strong></span> <span class='ocrx_word' id='word_1_639' title='bbox 1602 4495 1737 4566; x_wconf 86' lang='lat' dir='ltr'><strong>Cumque</strong></span> <span class='ocrx_word' id='word_1_640' title='bbox 1754 4494 1809 4551; x_wconf 85' lang='lat' dir='ltr'><strong>illa</strong></span> <span class='ocrx_word' id='word_1_641' title='bbox 1827 4511 1887 4551; x_wconf 89' lang='lat' dir='ltr'><strong>rem</strong></span> 
     </span>
     <span class='ocr_line' id='line_1_51' title="bbox 257 4574 1887 4654; baseline -0.001 -21"><span class='ocrx_word' id='word_1_642' title='bbox 257 4575 330 4633; x_wconf 86' lang='lat' dir='ltr'><strong>eolis</strong></span> <span class='ocrx_word' id='word_1_643' title='bbox 342 4577 560 4649; x_wconf 90' lang='lat' dir='ltr'><strong>pronuntiatur,</strong></span> <span class='ocrx_word' id='word_1_644' title='bbox 576 4579 660 4652; x_wconf 78' lang='lat' dir='ltr'><strong>eujus</strong></span> <span class='ocrx_word' id='word_1_645' title='bbox 675 4595 778 4636; x_wconf 92' lang='lat' dir='ltr'><strong>murus</strong></span> <span class='ocrx_word' id='word_1_646' title='bbox 792 4595 827 4637; x_wconf 91' lang='lat' dir='ltr'><strong>ex</strong></span> <span class='ocrx_word' id='word_1_647' title='bbox 841 4596 913 4637; x_wconf 90' lang='lat' dir='ltr'><strong>auro</strong></span> <span class='ocrx_word' id='word_1_648' title='bbox 927 4579 1048 4654; x_wconf 91' lang='lat' dir='ltr'><strong>purissi-</strong></span> <span class='ocrx_word' id='word_1_649' title='bbox 1088 4575 1271 4647; x_wconf 88' lang='lat' dir='ltr'><strong>intelligeret,</strong></span> <span class='ocrx_word' id='word_1_650' title='bbox 1282 4591 1344 4634; x_wconf 93' lang='lat' dir='ltr'><strong>non</strong></span> <span class='ocrx_word' id='word_1_651' title='bbox 1356 4574 1459 4646; x_wconf 81' lang='lat' dir='ltr'><strong>rerba,</strong></span> <span class='ocrx_word' id='word_1_652' title='bbox 1473 4578 1575 4648; x_wconf 92' lang='lat' dir='ltr'><strong>utpote</strong></span> <span class='ocrx_word' id='word_1_653' title='bbox 1585 4577 1697 4646; x_wconf 85' lang='lat' dir='ltr'><strong>Latina,</strong></span> <span class='ocrx_word' id='word_1_654' title='bbox 1711 4576 1833 4635; x_wconf 89' lang='lat' dir='ltr'><strong>dicebat</strong></span> <span class='ocrx_word' id='word_1_655' title='bbox 1845 4593 1887 4634; x_wconf 84' lang='lat' dir='ltr'><strong>as·</strong></span> 
     </span>
     <span class='ocr_line' id='line_1_52' title="bbox 256 4659 1887 4736; baseline 0 -20"><span class='ocrx_word' id='word_1_656' title='bbox 256 4675 306 4716; x_wconf 92' lang='lat' dir='ltr'><strong>mo</strong></span> <span class='ocrx_word' id='word_1_657' title='bbox 320 4663 364 4716; x_wconf 88' lang='lat' dir='ltr'><strong>est</strong></span> <span class='ocrx_word' id='word_1_658' title='bbox 376 4663 575 4730; x_wconf 87' lang='lat' dir='ltr'><strong>constructus,</strong></span> <span class='ocrx_word' id='word_1_659' title='bbox 587 4660 700 4718; x_wconf 90' lang='lat' dir='ltr'><strong>habens</strong></span> <span class='ocrx_word' id='word_1_660' title='bbox 713 4668 814 4735; x_wconf 90' lang='lat' dir='ltr'><strong>portas</strong></span> <span class='ocrx_word' id='word_1_661' title='bbox 837 4664 1006 4736; x_wconf 89' lang='lat' dir='ltr'><strong>duodecim,</strong></span> <span class='ocrx_word' id='word_1_662' title='bbox 1020 4669 1049 4723; x_wconf 89' lang='lat' dir='ltr'><strong>et</strong></span> <span class='ocrx_word' id='word_1_663' title='bbox 1089 4659 1173 4716; x_wconf 88' lang='lat' dir='ltr'><strong>sidua</strong></span> <span class='ocrx_word' id='word_1_664' title='bbox 1191 4660 1324 4731; x_wconf 87' lang='lat' dir='ltr'><strong>jubilans</strong></span> <span class='ocrx_word' id='word_1_665' title='bbox 1344 4659 1459 4716; x_wconf 83' lang='lat' dir='ltr'><strong>ancillae</strong></span> <span class='ocrx_word' id='word_1_666' title='bbox 1473 4673 1556 4714; x_wconf 82' lang='lat' dir='ltr'><strong>sure:</strong></span> <span class='ocrx_word' id='word_1_667' title='bbox 1573 4659 1710 4714; x_wconf 76' lang='lat' dir='ltr'><strong>elbimus</strong></span> <span class='ocrx_word' id='word_1_668' title='bbox 1733 4660 1765 4716; x_wconf 92' lang='lat' dir='ltr'><strong>in</strong></span> <span class='ocrx_word' id='word_1_669' title='bbox 1785 4663 1887 4718; x_wconf 81' lang='lat' dir='ltr'><strong>Sancta</strong></span> 
     </span>
     <span class='ocr_line' id='line_1_53' title="bbox 255 4741 1886 4820; baseline -0.001 -20"><span class='ocrx_word' id='word_1_670' title='bbox 255 4745 287 4802; x_wconf 93' lang='lat' dir='ltr'><strong>ln</strong></span> <span class='ocrx_word' id='word_1_671' title='bbox 300 4743 372 4818; x_wconf 87' lang='lat' dir='ltr'><strong>ipsis</strong></span> <span class='ocrx_word' id='word_1_672' title='bbox 385 4743 509 4815; x_wconf 78' lang='lat' dir='ltr'><strong>singulae</strong></span> <span class='ocrx_word' id='word_1_673' title='bbox 522 4743 689 4818; x_wconf 89' lang='lat' dir='ltr'><strong>dependent</strong></span> <span class='ocrx_word' id='word_1_674' title='bbox 703 4747 878 4817; x_wconf 81' lang='lat' dir='ltr'><strong>margaritae,</strong></span> <span class='ocrx_word' id='word_1_675' title='bbox 889 4751 978 4820; x_wconf 84' lang='lat' dir='ltr'><strong>atque</strong></span> <span class='ocrx_word' id='word_1_676' title='bbox 988 4749 1049 4805; x_wconf 86' lang='lat' dir='ltr'><strong>sin·</strong></span> <span class='ocrx_word' id='word_1_677' title='bbox 1088 4747 1270 4812; x_wconf 89' lang='lat' dir='ltr'><strong>sanctornm,</strong></span> <span class='ocrx_word' id='word_1_678' title='bbox 1278 4743 1450 4799; x_wconf 90' lang='lat' dir='ltr'><strong>dulcissima</strong></span> <span class='ocrx_word' id='word_1_679' title='bbox 1457 4741 1617 4798; x_wconf 86' lang='lat' dir='ltr'><strong>Clementia</strong></span> <span class='ocrx_word' id='word_1_680' title='bbox 1627 4742 1693 4814; x_wconf 82' lang='lat' dir='ltr'><strong>(hoc</strong></span> <span class='ocrx_word' id='word_1_681' title='bbox 1700 4747 1764 4799; x_wconf 89' lang='lat' dir='ltr'><strong>erat</strong></span> <span class='ocrx_word' id='word_1_682' title='bbox 1773 4745 1886 4801; x_wconf 76' lang='lat' dir='ltr'><strong>anchise</strong></span> 
     </span>
     <span class='ocr_line' id='line_1_54' title="bbox 256 4826 1884 4901; baseline 0 -17"><span class='ocrx_word' id='word_1_683' title='bbox 256 4829 318 4900; x_wconf 87' lang='lat' dir='ltr'><strong>guli</strong></span> <span class='ocrx_word' id='word_1_684' title='bbox 337 4843 373 4885; x_wconf 88' lang='lat' dir='ltr'><strong>ex</strong></span> <span class='ocrx_word' id='word_1_685' title='bbox 389 4827 573 4885; x_wconf 89' lang='lat' dir='ltr'><strong>senatoribus</strong></span> <span class='ocrx_word' id='word_1_686' title='bbox 591 4842 645 4901; x_wconf 86' lang='lat' dir='ltr'><strong>per</strong></span> <span class='ocrx_word' id='word_1_687' title='bbox 665 4826 797 4899; x_wconf 85' lang='lat' dir='ltr'><strong>singulas</strong></span> <span class='ocrx_word' id='word_1_688' title='bbox 817 4828 919 4885; x_wconf 87' lang='lat' dir='ltr'><strong>sedent</strong></span> <span class='ocrx_word' id='word_1_689' title='bbox 938 4829 1047 4889; x_wconf 90' lang='lat' dir='ltr'><strong>indesl-</strong></span> <span class='ocrx_word' id='word_1_690' title='bbox 1089 4827 1220 4898; x_wconf 85' lang='lat' dir='ltr'><strong>nornen).</strong></span> <span class='ocrx_word' id='word_1_691' title='bbox 1240 4829 1273 4884; x_wconf 80' lang='lat' dir='ltr'><strong>lit</strong></span> <span class='ocrx_word' id='word_1_692' title='bbox 1292 4826 1368 4900; x_wconf 91' lang='lat' dir='ltr'><strong>quid</strong></span> <span class='ocrx_word' id='word_1_693' title='bbox 1387 4833 1456 4882; x_wconf 87' lang='lat' dir='ltr'><strong>sunt</strong></span> <span class='ocrx_word' id='word_1_694' title='bbox 1473 4827 1576 4884; x_wconf 87' lang='lat' dir='ltr'><strong>Sancta</strong></span> <span class='ocrx_word' id='word_1_695' title='bbox 1594 4829 1819 4884; x_wconf 72' lang='lat' dir='ltr'><strong>sanctorumir</strong></span> <span class='ocrx_word' id='word_1_696' title='bbox 1834 4845 1884 4885; x_wconf 87' lang='lat' dir='ltr'><strong>nce</strong></span> 
     </span>
     <span class='ocr_line' id='line_1_55' title="bbox 255 4909 1884 4988; baseline -0.001 -18"><span class='ocrx_word' id='word_1_697' title='bbox 255 4917 367 4970; x_wconf 85' lang='lat' dir='ltr'><strong>uenter.</strong></span> <span class='ocrx_word' id='word_1_698' title='bbox 391 4915 424 4970; x_wconf 85' lang='lat' dir='ltr'><strong>Et</strong></span> <span class='ocrx_word' id='word_1_699' title='bbox 445 4913 542 4988; x_wconf 89' lang='lat' dir='ltr'><strong>prima</strong></span> <span class='ocrx_word' id='word_1_700' title='bbox 567 4911 690 4988; x_wconf 88' lang='lat' dir='ltr'><strong>quidem</strong></span> <span class='ocrx_word' id='word_1_701' title='bbox 712 4916 800 4985; x_wconf 89' lang='lat' dir='ltr'><strong>porta</strong></span> <span class='ocrx_word' id='word_1_702' title='bbox 822 4911 929 4969; x_wconf 91' lang='lat' dir='ltr'><strong>dieitur</strong></span> <span class='ocrx_word' id='word_1_703' title='bbox 956 4915 1046 4986; x_wconf 87' lang='lat' dir='ltr'><strong>Petri,</strong></span> <span class='ocrx_word' id='word_1_704' title='bbox 1087 4911 1171 4968; x_wconf 89' lang='lat' dir='ltr'><strong>aliud</strong></span> <span class='ocrx_word' id='word_1_705' title='bbox 1185 4911 1281 4966; x_wconf 89' lang='lat' dir='ltr'><strong>dicere</strong></span> <span class='ocrx_word' id='word_1_706' title='bbox 1294 4913 1420 4984; x_wconf 86' lang='lat' dir='ltr'><strong>poteret,</strong></span> <span class='ocrx_word' id='word_1_707' title='bbox 1435 4909 1884 4980; x_wconf 82' lang='lat' dir='ltr'><strong>ebriagaudio,noctesetdies,</strong></span> 
     </span>
     <span class='ocr_line' id='line_1_56' title="bbox 256 4991 1511 5069; baseline -0.001 -18"><span class='ocrx_word' id='word_1_708' title='bbox 256 4997 387 5054; x_wconf 88' lang='lat' dir='ltr'><strong>secunda</strong></span> <span class='ocrx_word' id='word_1_709' title='bbox 405 4993 501 5068; x_wconf 88' lang='lat' dir='ltr'><strong>Pauli,</strong></span> <span class='ocrx_word' id='word_1_710' title='bbox 521 4991 606 5054; x_wconf 83' lang='lat' dir='ltr'><strong>tertia</strong></span> <span class='ocrx_word' id='word_1_711' title='bbox 627 4993 765 5066; x_wconf 73' lang='lat' dir='ltr'><strong>Andreae,</strong></span> <span class='ocrx_word' id='word_1_712' title='bbox 786 4998 892 5067; x_wconf 91' lang='lat' dir='ltr'><strong>quarta</strong></span> <span class='ocrx_word' id='word_1_713' title='bbox 912 4997 1047 5069; x_wconf 87' lang='lat' dir='ltr'><strong>loannis,</strong></span> <span class='ocrx_word' id='word_1_714' title='bbox 1088 5007 1142 5050; x_wconf 89' lang='lat' dir='ltr'><strong>nec</strong></span> <span class='ocrx_word' id='word_1_715' title='bbox 1154 4993 1320 5063; x_wconf 90' lang='lat' dir='ltr'><strong>comedere,</strong></span> <span class='ocrx_word' id='word_1_716' title='bbox 1332 4992 1511 5050; x_wconf 88' lang='lat' dir='ltr'><strong>neobibere.</strong></span> 
     </span>
     <span class='ocr_line' id='line_1_57' title="bbox 257 5075 1985 5156; baseline -0.004 -20"><span class='ocrx_word' id='word_1_717' title='bbox 257 5081 361 5154; x_wconf 91' lang='lat' dir='ltr'><strong>quinta</strong></span> <span class='ocrx_word' id='word_1_718' title='bbox 379 5079 497 5152; x_wconf 85' lang='lat' dir='ltr'><strong>iacobi,</strong></span> <span class='ocrx_word' id='word_1_719' title='bbox 519 5083 601 5137; x_wconf 87' lang='lat' dir='ltr'><strong>sexta</strong></span> <span class='ocrx_word' id='word_1_720' title='bbox 617 5077 763 5156; x_wconf 88' lang='lat' dir='ltr'><strong>Philippi,</strong></span> <span class='ocrx_word' id='word_1_721' title='bbox 787 5077 912 5152; x_wconf 87' lang='lat' dir='ltr'><strong>septima</strong></span> <span class='ocrx_word' id='word_1_722' title='bbox 928 5081 1048 5138; x_wconf 79' lang='lat' dir='ltr'><strong>Bartho</strong></span> <span class='ocrx_word' id='word_1_723' title='bbox 1124 5077 1195 5134; x_wconf 89' lang='lat' dir='ltr'><strong>ilinc</strong></span> <span class='ocrx_word' id='word_1_724' title='bbox 1208 5075 1387 5134; x_wconf 86' lang='lat' dir='ltr'><strong>monasteria</strong></span> <span class='ocrx_word' id='word_1_725' title='bbox 1400 5075 1489 5147; x_wconf 92' lang='lat' dir='ltr'><strong>olim,</strong></span> <span class='ocrx_word' id='word_1_726' title='bbox 1501 5075 1533 5131; x_wconf 92' lang='lat' dir='ltr'><strong>in</strong></span> <span class='ocrx_word' id='word_1_727' title='bbox 1549 5075 1662 5150; x_wconf 91' lang='lat' dir='ltr'><strong>quibus</strong></span> <span class='ocrx_word' id='word_1_728' title='bbox 1676 5077 1808 5150; x_wconf 83' lang='lat' dir='ltr'><strong>agebunt</strong></span> <span class='ocrx_word' id='word_1_729' title='bbox 1819 5094 1882 5134; x_wconf 90' lang='lat' dir='ltr'><strong>mo·</strong></span> <span class='ocrx_word' id='word_1_730' title='bbox 1896 5087 1985 5129; x_wconf 66' lang='lat' dir='ltr'><strong>m</strong></span> 
     </span>
     <span class='ocr_line' id='line_1_58' title="bbox 198 5150 1982 5256; baseline 0 -38"><span class='ocrx_word' id='word_1_731' title='bbox 198 5173 201 5180; x_wconf 89' lang='grc'><strong>’</strong></span> <span class='ocrx_word' id='word_1_732' title='bbox 1088 5159 1192 5231; x_wconf 86' lang='lat' dir='ltr'><strong>naabi,</strong></span> <span class='ocrx_word' id='word_1_733' title='bbox 1207 5159 1312 5217; x_wconf 88' lang='lat' dir='ltr'><strong>semoti</strong></span> <span class='ocrx_word' id='word_1_734' title='bbox 1325 5157 1443 5217; x_wconf 83' lang='lat' dir='ltr'><strong>erebus</strong></span> <span class='ocrx_word' id='word_1_735' title='bbox 1462 5159 1600 5230; x_wconf 90' lang='lat' dir='ltr'><strong>terrenis,</strong></span> <span class='ocrx_word' id='word_1_736' title='bbox 1614 5160 1707 5217; x_wconf 80' lang='lat' dir='ltr'><strong>vitam</strong></span> <span class='ocrx_word' id='word_1_737' title='bbox 1725 5161 1882 5234; x_wconf 83' lang='lat' dir='ltr'><strong>coelestem,</strong></span> <span class='ocrx_word' id='word_1_738' title='bbox 1896 5150 1982 5256; x_wconf 49' lang='lat' dir='ltr'><strong>sm*</strong></span> 
     </span>
     <span class='ocr_line' id='line_1_59' title="bbox 288 5241 1939 5348; baseline 0.002 -20"><span class='ocrx_word' id='word_1_739' title='bbox 288 5278 324 5342; x_wconf 85' lang='lat'><strong>(1)</strong></span> <span class='ocrx_word' id='word_1_740' title='bbox 338 5278 387 5328; x_wconf 86' lang='lat' dir='ltr'><strong>Pro</strong></span> <span class='ocrx_word' id='word_1_741' title='bbox 405 5279 489 5338; x_wconf 78' lang='lat' dir='ltr'><strong>carita</strong></span> <span class='ocrx_word' id='word_1_742' title='bbox 509 5279 580 5330; x_wconf 86' lang='lat' dir='ltr'><strong>hebr.</strong></span> <span class='ocrx_word' id='word_1_743' title='bbox 598 5284 636 5330; x_wconf 83' lang='lat' dir='ltr'><strong>est</strong></span> <span class='ocrx_word' id='word_1_744' title='bbox 657 5285 746 5348; x_wconf 67' lang='lat' dir='ltr'><strong>spa-pr,</strong></span> <span class='ocrx_word' id='word_1_745' title='bbox 761 5277 829 5342; x_wconf 88' lang='lat' dir='ltr'><strong>quod</strong></span> <span class='ocrx_word' id='word_1_746' title='bbox 846 5277 1049 5332; x_wconf 84' lang='lat' dir='ltr'><strong>Roseumallerus</strong></span> <span class='ocrx_word' id='word_1_747' title='bbox 1088 5241 1336 5340; x_wconf 58' lang='lat' dir='ltr'><strong>⁰oel⁰,i¹¹hi³¹¹te⁵’</strong></span> <span class='ocrx_word' id='word_1_748' title='bbox 1351 5241 1534 5338; x_wconf 51' lang='lat' dir='ltr'>vqcahanmr</span> <span class='ocrx_word' id='word_1_749' title='bbox 1547 5241 1735 5339; x_wconf 29' lang='lat' dir='ltr'><strong>sancium&amp;</strong></span> <span class='ocrx_word' id='word_1_750' title='bbox 1753 5247 1786 5301; x_wconf 56' lang='lat' dir='ltr'><strong>ut</strong></span> <span class='ocrx_word' id='word_1_751' title='bbox 1805 5249 1884 5318; x_wconf 53' lang='lat' dir='ltr'>patet</span> <span class='ocrx_word' id='word_1_752' title='bbox 1898 5275 1939 5316; x_wconf 52' lang='grc' dir='ltr'><strong>ἡ·</strong></span> 
     </span>
     <span class='ocr_line' id='line_1_60' title="bbox 255 5327 1885 5416; baseline 0.002 -17"><span class='ocrx_word' id='word_1_753' title='bbox 255 5349 334 5402; x_wconf 73' lang='lat' dir='ltr'><strong>vertit</strong></span> <span class='ocrx_word' id='word_1_754' title='bbox 347 5351 449 5410; x_wconf 81' lang='lat' dir='ltr'><strong>uncini,</strong></span> <span class='ocrx_word' id='word_1_755' title='bbox 462 5363 494 5400; x_wconf 86' lang='lat' dir='ltr'><strong>ex</strong></span> <span class='ocrx_word' id='word_1_756' title='bbox 509 5347 602 5416; x_wconf 86' lang='lat' dir='ltr'><strong>quibus</strong></span> <span class='ocrx_word' id='word_1_757' title='bbox 620 5349 699 5400; x_wconf 82' lang='lat' dir='ltr'><strong>aulaea</strong></span> <span class='ocrx_word' id='word_1_758' title='bbox 718 5348 746 5398; x_wconf 88' lang='lat' dir='ltr'><strong>in</strong></span> <span class='ocrx_word' id='word_1_759' title='bbox 764 5345 889 5399; x_wconf 84' lang='lat' dir='ltr'><strong>columnis</strong></span> <span class='ocrx_word' id='word_1_760' title='bbox 911 5349 1048 5414; x_wconf 84' lang='lat' dir='ltr'><strong>suspeude-</strong></span> <span class='ocrx_word' id='word_1_761' title='bbox 1088 5329 1234 5385; x_wconf 62' lang='lat' dir='ltr'>ssvms·</span> <span class='ocrx_word' id='word_1_762' title='bbox 1245 5328 1524 5401; x_wconf 50' lang='lat' dir='ltr'><strong>Euphl&#39;fflffiffffls·</strong></span> <span class='ocrx_word' id='word_1_763' title='bbox 1537 5331 1676 5386; x_wconf 55' lang='lat' dir='ltr'>memus</span> <span class='ocrx_word' id='word_1_764' title='bbox 1688 5345 1823 5402; x_wconf 61' lang='lat' dir='ltr'><strong>pannum</strong></span> <span class='ocrx_word' id='word_1_765' title='bbox 1831 5327 1885 5386; x_wconf 61' lang='grc' dir='ltr'><strong>Μ·</strong></span> 
     </span>
    </p>
   </div>
   <div class='ocr_carea' id='block_1_3' title="bbox 256 5409 1885 5487">
    <p class='ocr_par' dir='ltr' id='par_1_3' title="bbox 256 5409 1885 5487">
     <span class='ocr_line' id='line_1_61' title="bbox 256 5409 1885 5487; baseline 0.006 -25"><span class='ocrx_word' id='word_1_766' title='bbox 256 5419 357 5477; x_wconf 65' lang='lat' dir='ltr'><strong>bemur.</strong></span> <span class='ocrx_word' id='word_1_767' title='bbox 1087 5409 1885 5487; x_wconf 81' lang='lat' dir='ltr'><strong>bebatinsiau,adtergendumjugeslncrymas,qure</strong></span> 
     </span>
    </p>
   </div>
   <div class='ocr_carea' id='block_1_4' title="bbox 0 0 2030 6018">
    <p class='ocr_par' dir='ltr' id='par_1_4' title="bbox 0 0 2030 6018">
     <span class='ocr_line' id='line_1_62' title="bbox 0 0 2030 6018; baseline 0 0"><span class='ocrx_word' id='word_1_768' title='bbox 0 0 2030 6018; x_wconf 95' lang='lat' dir='ltr'><strong> </strong></span> 
     </span>
    </p>
   </div>
  </div>
 </body>
</html>
