<?xml version="1.0" encoding="UTF-8"?>
<!DOCTYPE html PUBLIC "-//W3C//DTD XHTML 1.0 Transitional//EN"
    "http://www.w3.org/TR/xhtml1/DTD/xhtml1-transitional.dtd">
<html xmlns="http://www.w3.org/1999/xhtml" xml:lang="en" lang="en">
 <head>
  <title>
</title>
<meta http-equiv="Content-Type" content="text/html;charset=utf-8" />
  <meta name='ocr-system' content='tesseract 3.04.00' />
  <meta name='ocr-capabilities' content='ocr_page ocr_carea ocr_par ocr_line ocrx_word'/>
</head>
<body>
  <div class='ocr_page' id='page_1' title='image "./commentariainsc00lapigoog/commentariainsc00lapigoog_0030.png"; bbox 0 0 4020 6026; ppageno 0'>
   <div class='ocr_carea' id='block_1_1' title="bbox 196 409 1872 2364">
    <p class='ocr_par' dir='ltr' id='par_1_1' title="bbox 196 409 1872 2364">
     <span class='ocr_line' id='line_1_1' title="bbox 200 409 1827 518; baseline 0.01 -38"><span class='ocrx_word' id='word_1_1' title='bbox 200 413 284 490; x_wconf 86' lang='lat' dir='ltr'>inter</span> <span class='ocrx_word' id='word_1_2' title='bbox 296 434 328 484; x_wconf 83' lang='lat' dir='ltr'>ae</span> <span class='ocrx_word' id='word_1_3' title='bbox 342 417 470 497; x_wconf 90' lang='lat' dir='ltr'>distent,</span> <span class='ocrx_word' id='word_1_4' title='bbox 481 419 572 502; x_wconf 79' lang='lat' dir='ltr'>jnsta&#39;</span> <span class='ocrx_word' id='word_1_5' title='bbox 587 419 737 485; x_wconf 77' lang='lat' dir='ltr'><strong>rusticitas</strong></span> <span class='ocrx_word' id='word_1_6' title='bbox 754 427 785 485; x_wconf 88' lang='lat' dir='ltr'>et</span> <span class='ocrx_word' id='word_1_7' title='bbox 796 420 881 486; x_wconf 89' lang='lat' dir='ltr'>docte</span> <span class='ocrx_word' id='word_1_8' title='bbox 891 421 1033 504; x_wconf 71' lang='lat' dir='ltr'>insudet</span> <span class='ocrx_word' id='word_1_9' title='bbox 1046 423 1110 488; x_wconf 82' lang='lat' dir='ltr'>Alii</span> <span class='ocrx_word' id='word_1_10' title='bbox 1121 425 1233 506; x_wconf 87' lang='lat' dir='ltr'>stellis,</span> <span class='ocrx_word' id='word_1_11' title='bbox 1247 409 1302 493; x_wconf 88' lang='lat' dir='ltr'>alii</span> <span class='ocrx_word' id='word_1_12' title='bbox 1319 431 1393 494; x_wconf 81' lang='lat' dir='ltr'>ceto</span> <span class='ocrx_word' id='word_1_13' title='bbox 1406 439 1631 518; x_wconf 88' lang='lat' dir='ltr'>comparentur.</span> <span class='ocrx_word' id='word_1_14' title='bbox 1646 435 1827 516; x_wconf 80' lang='lat' dir='ltr'>Quanquam,</span> 
     </span>
     <span class='ocr_line' id='line_1_2' title="bbox 199 513 1872 612; baseline 0.008 -35"><span class='ocrx_word' id='word_1_15' title='bbox 199 513 473 597; x_wconf 73' lang='lat' dir='ltr'>juxtallebraiceut</span> <span class='ocrx_word' id='word_1_16' title='bbox 485 519 815 604; x_wconf 86' lang='lat' dir='ltr'>veritatemutrumque</span> <span class='ocrx_word' id='word_1_17' title='bbox 828 520 863 582; x_wconf 91' lang='lat' dir='ltr'>de</span> <span class='ocrx_word' id='word_1_18' title='bbox 873 519 1000 583; x_wconf 92' lang='lat' dir='ltr'>eruditis</span> <span class='ocrx_word' id='word_1_19' title='bbox 1011 521 1102 606; x_wconf 89' lang='lat' dir='ltr'>possit</span> <span class='ocrx_word' id='word_1_20' title='bbox 1112 524 1254 606; x_wconf 78' lang='lat' dir='ltr'><strong>intelligi.</strong></span> <span class='ocrx_word' id='word_1_21' title='bbox 1271 530 1316 591; x_wconf 90' lang='lat' dir='ltr'>lta</span> <span class='ocrx_word' id='word_1_22' title='bbox 1329 531 1414 593; x_wconf 88' lang='lat' dir='ltr'>enim</span> <span class='ocrx_word' id='word_1_23' title='bbox 1424 529 1501 610; x_wconf 90' lang='lat' dir='ltr'>apud</span> <span class='ocrx_word' id='word_1_24' title='bbox 1516 549 1565 594; x_wconf 89' lang='lat' dir='ltr'>eos</span> <span class='ocrx_word' id='word_1_25' title='bbox 1575 531 1725 610; x_wconf 90' lang='lat' dir='ltr'>legimus:</span> <span class='ocrx_word' id='word_1_26' title='bbox 1744 529 1827 608; x_wconf 79' lang='lat' dir='ltr'>«Qui</span> <span class='ocrx_word' id='word_1_27' title='bbox 1869 603 1872 612; x_wconf 46' lang='lat'>,</span> 
     </span>
     <span class='ocr_line' id='line_1_3' title="bbox 203 611 1828 710; baseline 0.012 -34"><span class='ocrx_word' id='word_1_28' title='bbox 203 611 303 676; x_wconf 86' lang='lat' dir='ltr'>e&#39;utetu</span> <span class='ocrx_word' id='word_1_29' title='bbox 316 615 396 678; x_wconf 91' lang='lat' dir='ltr'>docti</span> <span class='ocrx_word' id='word_1_30' title='bbox 408 613 539 697; x_wconf 73' lang='lat' dir='ltr'>luerim,</span> <span class='ocrx_word' id='word_1_31' title='bbox 553 615 712 700; x_wconf 87' lang='lat' dir='ltr'>iulgebnnt</span> <span class='ocrx_word' id='word_1_32' title='bbox 725 618 811 700; x_wconf 87' lang='lat' dir='ltr'>quasi</span> <span class='ocrx_word' id='word_1_33' title='bbox 825 618 966 698; x_wconf 83' lang='lat' dir='ltr'>splendor</span> <span class='ocrx_word' id='word_1_34' title='bbox 980 617 1167 686; x_wconf 87' lang='lat' dir='ltr'>ilrmameuti</span> <span class='ocrx_word' id='word_1_35' title='bbox 1182 640 1191 684; x_wconf 77' lang='lat' dir='ltr'>t</span> <span class='ocrx_word' id='word_1_36' title='bbox 1206 627 1303 710; x_wconf 86' lang='lat' dir='ltr'>etqui</span> <span class='ocrx_word' id='word_1_37' title='bbox 1317 626 1355 689; x_wconf 89' lang='lat' dir='ltr'>ad</span> <span class='ocrx_word' id='word_1_38' title='bbox 1367 617 1519 710; x_wconf 84' lang='lat' dir='ltr'>justiliam</span> <span class='ocrx_word' id='word_1_39' title='bbox 1532 629 1679 692; x_wconf 89' lang='lat' dir='ltr'>erudiunt</span> <span class='ocrx_word' id='word_1_40' title='bbox 1698 628 1828 710; x_wconf 76' lang='lat' dir='ltr'>maritos,</span> 
     </span>
     <span class='ocr_line' id='line_1_4' title="bbox 201 711 1829 812; baseline 0.011 -37"><span class='ocrx_word' id='word_1_41' title='bbox 201 714 287 796; x_wconf 82' lang='lat' dir='ltr'>quasi</span> <span class='ocrx_word' id='word_1_42' title='bbox 306 711 400 776; x_wconf 82' lang='lat' dir='ltr'>stella</span> <span class='ocrx_word' id='word_1_43' title='bbox 417 715 452 778; x_wconf 89' lang='lat' dir='ltr'>in</span> <span class='ocrx_word' id='word_1_44' title='bbox 463 722 619 795; x_wconf 87' lang='lat' dir='ltr'>perpetuas</span> <span class='ocrx_word' id='word_1_45' title='bbox 637 715 858 780; x_wconf 70' lang='lat' dir='ltr'>eternitates.»</span> <span class='ocrx_word' id='word_1_46' title='bbox 879 717 1062 780; x_wconf 76' lang='lat' dir='ltr'>cordicitus</span> <span class='ocrx_word' id='word_1_47' title='bbox 1078 720 1350 801; x_wconf 89' lang='lat' dir='ltr'>Paulusapostolus</span> <span class='ocrx_word' id='word_1_48' title='bbox 1368 744 1422 788; x_wconf 87' lang='lat' dir='ltr'>vas</span> <span class='ocrx_word' id='word_1_49' title='bbox 1442 726 1616 790; x_wconf 76' lang='lat' dir='ltr'>electionis?</span> <span class='ocrx_word' id='word_1_50' title='bbox 1633 729 1745 806; x_wconf 84' lang='lat' dir='ltr'>Nempe</span> <span class='ocrx_word' id='word_1_51' title='bbox 1756 726 1829 812; x_wconf 80' lang='lat' dir='ltr'>quia</span> 
     </span>
     <span class='ocr_line' id='line_1_5' title="bbox 200 811 1829 904; baseline 0.008 -31"><span class='ocrx_word' id='word_1_52' title='bbox 200 811 274 892; x_wconf 88' lang='lat' dir='ltr'>legis</span> <span class='ocrx_word' id='word_1_53' title='bbox 292 819 322 874; x_wconf 90' lang='lat' dir='ltr'>et</span> <span class='ocrx_word' id='word_1_54' title='bbox 339 813 563 892; x_wconf 80' lang='lat' dir='ltr'>Scripturernm</span> <span class='ocrx_word' id='word_1_55' title='bbox 581 821 751 878; x_wconf 88' lang='lat' dir='ltr'>sanctarum</span> <span class='ocrx_word' id='word_1_56' title='bbox 773 821 839 877; x_wconf 92' lang='lat' dir='ltr'>erat</span> <span class='ocrx_word' id='word_1_57' title='bbox 856 815 1035 878; x_wconf 89' lang='lat' dir='ltr'>armarium.</span> <span class='ocrx_word' id='word_1_58' title='bbox 1053 817 1199 881; x_wconf 84' lang='lat' dir='ltr'>Pharisaei</span> <span class='ocrx_word' id='word_1_59' title='bbox 1221 822 1394 904; x_wconf 83' lang='lat' dir='ltr'>stupentia</span> <span class='ocrx_word' id='word_1_60' title='bbox 1413 822 1551 886; x_wconf 87' lang='lat' dir='ltr'>doctriua</span> <span class='ocrx_word' id='word_1_61' title='bbox 1565 824 1684 888; x_wconf 84' lang='lat' dir='ltr'>Domini</span> <span class='ocrx_word' id='word_1_62' title='bbox 1700 843 1708 886; x_wconf 90' lang='lat'>:</span> <span class='ocrx_word' id='word_1_63' title='bbox 1725 831 1756 888; x_wconf 90' lang='lat' dir='ltr'>et</span> <span class='ocrx_word' id='word_1_64' title='bbox 1771 823 1829 886; x_wconf 91' lang='lat' dir='ltr'>mi·</span> 
     </span>
     <span class='ocr_line' id='line_1_6' title="bbox 201 910 1827 1006; baseline 0.009 -33"><span class='ocrx_word' id='word_1_65' title='bbox 201 917 309 974; x_wconf 89' lang='lat' dir='ltr'>rentur</span> <span class='ocrx_word' id='word_1_66' title='bbox 320 910 354 973; x_wconf 91' lang='lat' dir='ltr'>in</span> <span class='ocrx_word' id='word_1_67' title='bbox 368 913 454 974; x_wconf 88' lang='lat' dir='ltr'>Petro</span> <span class='ocrx_word' id='word_1_68' title='bbox 466 919 496 974; x_wconf 91' lang='lat' dir='ltr'>et</span> <span class='ocrx_word' id='word_1_69' title='bbox 508 913 624 975; x_wconf 84' lang='lat' dir='ltr'>loanne</span> <span class='ocrx_word' id='word_1_70' title='bbox 637 913 785 993; x_wconf 90' lang='lat' dir='ltr'>quomodo</span> <span class='ocrx_word' id='word_1_71' title='bbox 797 912 892 992; x_wconf 90' lang='lat' dir='ltr'>legem</span> <span class='ocrx_word' id='word_1_72' title='bbox 906 914 1015 990; x_wconf 87' lang='lat' dir='ltr'>sciant,</span> <span class='ocrx_word' id='word_1_73' title='bbox 1025 932 1095 977; x_wconf 88' lang='lat' dir='ltr'>eum</span> <span class='ocrx_word' id='word_1_74' title='bbox 1108 915 1222 980; x_wconf 82' lang='lat' dir='ltr'>litteras</span> <span class='ocrx_word' id='word_1_75' title='bbox 1236 936 1297 980; x_wconf 94' lang='lat' dir='ltr'>nou</span> <span class='ocrx_word' id='word_1_76' title='bbox 1311 917 1481 982; x_wconf 84' lang='lat' dir='ltr'>didicerint.</span> <span class='ocrx_word' id='word_1_77' title='bbox 1497 921 1650 1006; x_wconf 84' lang='lat' dir='ltr'>Quidquid</span> <span class='ocrx_word' id='word_1_78' title='bbox 1662 921 1746 986; x_wconf 91' lang='lat' dir='ltr'>enim</span> <span class='ocrx_word' id='word_1_79' title='bbox 1758 920 1827 988; x_wconf 88' lang='lat' dir='ltr'>aliis</span> 
     </span>
     <span class='ocr_line' id='line_1_7' title="bbox 200 1008 1829 1097; baseline 0.007 -27"><span class='ocrx_word' id='word_1_80' title='bbox 200 1008 389 1085; x_wconf 85' lang='lat' dir='ltr'>exercitatio,</span> <span class='ocrx_word' id='word_1_81' title='bbox 402 1015 432 1072; x_wconf 88' lang='lat' dir='ltr'>et</span> <span class='ocrx_word' id='word_1_82' title='bbox 445 1010 621 1090; x_wconf 88' lang='lat' dir='ltr'>quotidiana</span> <span class='ocrx_word' id='word_1_83' title='bbox 631 1011 665 1072; x_wconf 90' lang='lat' dir='ltr'>in</span> <span class='ocrx_word' id='word_1_84' title='bbox 676 1010 741 1089; x_wconf 90' lang='lat' dir='ltr'>lege</span> <span class='ocrx_word' id='word_1_85' title='bbox 754 1011 910 1074; x_wconf 87' lang='lat' dir='ltr'>meditatio</span> <span class='ocrx_word' id='word_1_86' title='bbox 923 1012 1055 1075; x_wconf 90' lang='lat' dir='ltr'>tribuere</span> <span class='ocrx_word' id='word_1_87' title='bbox 1067 1013 1158 1090; x_wconf 87' lang='lat' dir='ltr'>solet,</span> <span class='ocrx_word' id='word_1_88' title='bbox 1174 1013 1236 1076; x_wconf 93' lang='lat' dir='ltr'>illis</span> <span class='ocrx_word' id='word_1_89' title='bbox 1250 1016 1306 1078; x_wconf 92' lang='lat' dir='ltr'>hoc</span> <span class='ocrx_word' id='word_1_90' title='bbox 1319 1016 1450 1095; x_wconf 85' lang='lat' dir='ltr'>Spiritus</span> <span class='ocrx_word' id='word_1_91' title='bbox 1463 1019 1589 1080; x_wconf 86' lang='lat' dir='ltr'>Sanctus</span> <span class='ocrx_word' id='word_1_92' title='bbox 1602 1018 1788 1097; x_wconf 78' lang='lat' dir='ltr'>suggerebat,</span> <span class='ocrx_word' id='word_1_93' title='bbox 1798 1025 1829 1082; x_wconf 91' lang='lat' dir='ltr'>et</span> 
     </span>
     <span class='ocr_line' id='line_1_8' title="bbox 201 1107 1827 1194; baseline 0.006 -26"><span class='ocrx_word' id='word_1_94' title='bbox 201 1109 379 1187; x_wconf 79' lang='lat' dir='ltr'>crantjurta</span> <span class='ocrx_word' id='word_1_95' title='bbox 391 1107 471 1187; x_wconf 86' lang='lat' dir='ltr'>quod</span> <span class='ocrx_word' id='word_1_96' title='bbox 480 1109 626 1188; x_wconf 91' lang='lat' dir='ltr'>scriptum</span> <span class='ocrx_word' id='word_1_97' title='bbox 635 1116 691 1183; x_wconf 89' lang='lat' dir='ltr'>est,</span> <span class='ocrx_word' id='word_1_98' title='bbox 702 1115 858 1175; x_wconf 63' lang='lat' dir='ltr'>cantatam.</span> <span class='ocrx_word' id='word_1_99' title='bbox 869 1109 1034 1172; x_wconf 84' lang='lat' dir='ltr'>Duodecim</span> <span class='ocrx_word' id='word_1_100' title='bbox 1044 1129 1136 1173; x_wconf 87' lang='lat' dir='ltr'>annos</span> <span class='ocrx_word' id='word_1_101' title='bbox 1147 1112 1285 1175; x_wconf 81' lang='lat' dir='ltr'>Salvator</span> <span class='ocrx_word' id='word_1_102' title='bbox 1292 1112 1485 1192; x_wconf 83' lang='lat' dir='ltr'>impleverat,</span> <span class='ocrx_word' id='word_1_103' title='bbox 1496 1114 1567 1176; x_wconf 89' lang='lat' dir='ltr'>etin</span> <span class='ocrx_word' id='word_1_104' title='bbox 1576 1116 1687 1194; x_wconf 87' lang='lat' dir='ltr'>templo</span> <span class='ocrx_word' id='word_1_105' title='bbox 1695 1133 1781 1178; x_wconf 89' lang='lat' dir='ltr'>senes</span> <span class='ocrx_word' id='word_1_106' title='bbox 1790 1116 1827 1179; x_wconf 87' lang='lat' dir='ltr'>de</span> 
     </span>
     <span class='ocr_line' id='line_1_9' title="bbox 199 1203 1825 1292; baseline 0.004 -24"><span class='ocrx_word' id='word_1_107' title='bbox 199 1204 414 1292; x_wconf 80' lang='lat' dir='ltr'>questionibus</span> <span class='ocrx_word' id='word_1_108' title='bbox 421 1203 495 1284; x_wconf 88' lang='lat' dir='ltr'>legis</span> <span class='ocrx_word' id='word_1_109' title='bbox 503 1205 703 1285; x_wconf 88' lang='lat' dir='ltr'>interrogans,</span> <span class='ocrx_word' id='word_1_110' title='bbox 715 1208 810 1286; x_wconf 88' lang='lat' dir='ltr'>magis</span> <span class='ocrx_word' id='word_1_111' title='bbox 820 1208 904 1270; x_wconf 91' lang='lat' dir='ltr'>docet</span> <span class='ocrx_word' id='word_1_112' title='bbox 913 1209 987 1270; x_wconf 89' lang='lat' dir='ltr'>dum</span> <span class='ocrx_word' id='word_1_113' title='bbox 997 1207 1164 1288; x_wconf 85' lang='lat' dir='ltr'>prudenter</span> <span class='ocrx_word' id='word_1_114' title='bbox 1174 1209 1351 1290; x_wconf 89' lang='lat' dir='ltr'>interrogat.</span> <span class='ocrx_word' id='word_1_115' title='bbox 1362 1211 1425 1272; x_wconf 90' lang='lat' dir='ltr'>Nisi</span> <span class='ocrx_word' id='word_1_116' title='bbox 1440 1210 1517 1272; x_wconf 91' lang='lat' dir='ltr'>lorte</span> <span class='ocrx_word' id='word_1_117' title='bbox 1530 1212 1679 1274; x_wconf 89' lang='lat' dir='ltr'>rusticum</span> <span class='ocrx_word' id='word_1_118' title='bbox 1691 1210 1825 1291; x_wconf 84' lang='lat' dir='ltr'>Petrum,</span> 
     </span>
     <span class='ocr_line' id='line_1_10' title="bbox 199 1302 1826 1389; baseline 0.006 -15"><span class='ocrx_word' id='word_1_119' title='bbox 199 1310 349 1374; x_wconf 70' lang='lat' dir='ltr'>rusorum</span> <span class='ocrx_word' id='word_1_120' title='bbox 360 1302 489 1366; x_wconf 88' lang='lat' dir='ltr'>dicimus</span> <span class='ocrx_word' id='word_1_121' title='bbox 500 1307 660 1380; x_wconf 85' lang='lat' dir='ltr'>loannem,</span> <span class='ocrx_word' id='word_1_122' title='bbox 673 1323 803 1386; x_wconf 90' lang='lat' dir='ltr'>qnorum</span> <span class='ocrx_word' id='word_1_123' title='bbox 810 1314 938 1386; x_wconf 86' lang='lat' dir='ltr'>uterque</span> <span class='ocrx_word' id='word_1_124' title='bbox 950 1308 1049 1370; x_wconf 84' lang='lat' dir='ltr'>dicere</span> <span class='ocrx_word' id='word_1_125' title='bbox 1061 1314 1178 1388; x_wconf 89' lang='lat' dir='ltr'>poterat</span> <span class='ocrx_word' id='word_1_126' title='bbox 1190 1327 1199 1370; x_wconf 77' lang='lat' dir='ltr'>a</span> <span class='ocrx_word' id='word_1_127' title='bbox 1213 1309 1303 1372; x_wconf 79' lang='lat' dir='ltr'>«Etsi</span> <span class='ocrx_word' id='word_1_128' title='bbox 1316 1308 1478 1389; x_wconf 86' lang='lat' dir='ltr'>imperitos</span> <span class='ocrx_word' id='word_1_129' title='bbox 1487 1326 1636 1388; x_wconf 84' lang='lat' dir='ltr'>sermono,</span> <span class='ocrx_word' id='word_1_130' title='bbox 1649 1328 1712 1379; x_wconf 84' lang='lat' dir='ltr'>non</span> <span class='ocrx_word' id='word_1_131' title='bbox 1726 1318 1826 1384; x_wconf 71' lang='lat' dir='ltr'>inludi</span> 
     </span>
     <span class='ocr_line' id='line_1_11' title="bbox 198 1401 1827 1488; baseline -0.001 -16"><span class='ocrx_word' id='word_1_132' title='bbox 198 1408 331 1472; x_wconf 87' lang='lat' dir='ltr'>scientia.</span> <span class='ocrx_word' id='word_1_133' title='bbox 345 1426 360 1462; x_wconf 79' lang='lat' dir='ltr'>n</span> <span class='ocrx_word' id='word_1_134' title='bbox 374 1406 503 1468; x_wconf 84' lang='lat' dir='ltr'>loannes</span> <span class='ocrx_word' id='word_1_135' title='bbox 520 1401 661 1474; x_wconf 90' lang='lat' dir='ltr'>rusticus,</span> <span class='ocrx_word' id='word_1_136' title='bbox 675 1403 815 1482; x_wconf 80' lang='lat' dir='ltr'>piscator,</span> <span class='ocrx_word' id='word_1_137' title='bbox 830 1404 987 1472; x_wconf 77' lang='lat' dir='ltr'>indoctus?</span> <span class='ocrx_word' id='word_1_138' title='bbox 1001 1407 1121 1470; x_wconf 88' lang='lat' dir='ltr'>otuude</span> <span class='ocrx_word' id='word_1_139' title='bbox 1130 1406 1185 1470; x_wconf 90' lang='lat' dir='ltr'>illa</span> <span class='ocrx_word' id='word_1_140' title='bbox 1198 1425 1269 1486; x_wconf 88' lang='lat' dir='ltr'>vox,</span> <span class='ocrx_word' id='word_1_141' title='bbox 1283 1407 1420 1473; x_wconf 86' lang='lat' dir='ltr'>obsecro:</span> <span class='ocrx_word' id='word_1_142' title='bbox 1438 1410 1495 1470; x_wconf 83' lang='lat' dir='ltr'>alu</span> <span class='ocrx_word' id='word_1_143' title='bbox 1510 1407 1658 1488; x_wconf 90' lang='lat' dir='ltr'>principio</span> <span class='ocrx_word' id='word_1_144' title='bbox 1671 1415 1736 1470; x_wconf 90' lang='lat' dir='ltr'>erat</span> <span class='ocrx_word' id='word_1_145' title='bbox 1747 1411 1827 1471; x_wconf 87' lang='lat' dir='ltr'>Ver·</span> 
     </span>
     <span class='ocr_line' id='line_1_12' title="bbox 198 1499 1823 1584; baseline -0.001 -16"><span class='ocrx_word' id='word_1_146' title='bbox 198 1505 285 1581; x_wconf 91' lang='lat' dir='ltr'>bum,</span> <span class='ocrx_word' id='word_1_147' title='bbox 300 1511 330 1568; x_wconf 90' lang='lat' dir='ltr'>et</span> <span class='ocrx_word' id='word_1_148' title='bbox 341 1501 476 1564; x_wconf 87' lang='lat' dir='ltr'>Verbum</span> <span class='ocrx_word' id='word_1_149' title='bbox 490 1507 556 1562; x_wconf 90' lang='lat' dir='ltr'>erat</span> <span class='ocrx_word' id='word_1_150' title='bbox 567 1499 644 1579; x_wconf 91' lang='lat' dir='ltr'>apud</span> <span class='ocrx_word' id='word_1_151' title='bbox 659 1503 766 1576; x_wconf 83' lang='lat' dir='ltr'>Deum,</span> <span class='ocrx_word' id='word_1_152' title='bbox 782 1509 813 1564; x_wconf 90' lang='lat' dir='ltr'>et</span> <span class='ocrx_word' id='word_1_153' title='bbox 827 1503 906 1565; x_wconf 86' lang='lat' dir='ltr'>lieu&#39;s</span> <span class='ocrx_word' id='word_1_154' title='bbox 920 1511 985 1566; x_wconf 91' lang='lat' dir='ltr'>eret</span> <span class='ocrx_word' id='word_1_155' title='bbox 998 1504 1133 1567; x_wconf 91' lang='lat' dir='ltr'>Verbum</span> <span class='ocrx_word' id='word_1_156' title='bbox 1142 1509 1179 1567; x_wconf 80' lang='lat' dir='ltr'>t»</span> <span class='ocrx_word' id='word_1_157' title='bbox 1194 1505 1330 1568; x_wconf 86' lang='lat' dir='ltr'>Verbum</span> <span class='ocrx_word' id='word_1_158' title='bbox 1344 1505 1428 1567; x_wconf 89' lang='lat' dir='ltr'>enim</span> <span class='ocrx_word' id='word_1_159' title='bbox 1438 1523 1530 1584; x_wconf 88' lang='lat' dir='ltr'>graece</span> <span class='ocrx_word' id='word_1_160' title='bbox 1545 1502 1644 1567; x_wconf 90' lang='lat' dir='ltr'>multa</span> <span class='ocrx_word' id='word_1_161' title='bbox 1657 1505 1823 1584; x_wconf 88' lang='lat' dir='ltr'>significat,</span> 
     </span>
     <span class='ocr_line' id='line_1_13' title="bbox 197 1597 1823 1684; baseline -0.001 -18"><span class='ocrx_word' id='word_1_162' title='bbox 197 1619 269 1666; x_wconf 89' lang='lat' dir='ltr'>nam</span> <span class='ocrx_word' id='word_1_163' title='bbox 283 1608 313 1665; x_wconf 92' lang='lat' dir='ltr'>et</span> <span class='ocrx_word' id='word_1_164' title='bbox 324 1599 451 1664; x_wconf 91' lang='lat' dir='ltr'>verbnm</span> <span class='ocrx_word' id='word_1_165' title='bbox 465 1607 524 1675; x_wconf 89' lang='lat' dir='ltr'>est,</span> <span class='ocrx_word' id='word_1_166' title='bbox 538 1605 569 1660; x_wconf 92' lang='lat' dir='ltr'>et</span> <span class='ocrx_word' id='word_1_167' title='bbox 581 1597 677 1674; x_wconf 91' lang='lat' dir='ltr'>ratio,</span> <span class='ocrx_word' id='word_1_168' title='bbox 691 1605 721 1660; x_wconf 88' lang='lat' dir='ltr'>et</span> <span class='ocrx_word' id='word_1_169' title='bbox 735 1602 924 1679; x_wconf 88' lang='lat' dir='ltr'>supputatio,</span> <span class='ocrx_word' id='word_1_170' title='bbox 940 1609 970 1663; x_wconf 91' lang='lat' dir='ltr'>et</span> <span class='ocrx_word' id='word_1_171' title='bbox 990 1620 1081 1666; x_wconf 88' lang='lat' dir='ltr'>causa</span> <span class='ocrx_word' id='word_1_172' title='bbox 1099 1603 1340 1684; x_wconf 78' lang='lat' dir='ltr'>uniusquusque</span> <span class='ocrx_word' id='word_1_173' title='bbox 1355 1603 1416 1679; x_wconf 89' lang='lat' dir='ltr'>rei,</span> <span class='ocrx_word' id='word_1_174' title='bbox 1430 1619 1484 1682; x_wconf 92' lang='lat' dir='ltr'>per</span> <span class='ocrx_word' id='word_1_175' title='bbox 1500 1617 1592 1682; x_wconf 89' lang='lat' dir='ltr'>quam</span> <span class='ocrx_word' id='word_1_176' title='bbox 1613 1609 1686 1664; x_wconf 79' lang='lat' dir='ltr'>snrrt</span> <span class='ocrx_word' id='word_1_177' title='bbox 1706 1599 1823 1680; x_wconf 86' lang='lat' dir='ltr'>singula</span> 
     </span>
     <span class='ocr_line' id='line_1_14' title="bbox 198 1697 1826 1782; baseline 0 -20"><span class='ocrx_word' id='word_1_178' title='bbox 198 1718 264 1782; x_wconf 84' lang='lat' dir='ltr'>qnae</span> <span class='ocrx_word' id='word_1_179' title='bbox 281 1699 452 1762; x_wconf 79' lang='lat' dir='ltr'>subsistunt</span> <span class='ocrx_word' id='word_1_180' title='bbox 472 1717 480 1759; x_wconf 91' lang='lat'><strong>:</strong></span> <span class='ocrx_word' id='word_1_181' title='bbox 500 1713 568 1776; x_wconf 82' lang='lat' dir='ltr'>quae</span> <span class='ocrx_word' id='word_1_182' title='bbox 582 1697 724 1758; x_wconf 90' lang='lat' dir='ltr'>universa</span> <span class='ocrx_word' id='word_1_183' title='bbox 743 1705 822 1759; x_wconf 88' lang='lat' dir='ltr'>recta</span> <span class='ocrx_word' id='word_1_184' title='bbox 835 1697 1038 1778; x_wconf 84' lang='lat' dir='ltr'>intelligimus</span> <span class='ocrx_word' id='word_1_185' title='bbox 1050 1700 1083 1761; x_wconf 89' lang='lat' dir='ltr'>in</span> <span class='ocrx_word' id='word_1_186' title='bbox 1099 1699 1229 1763; x_wconf 81' lang='lat' dir='ltr'>Christo.</span> <span class='ocrx_word' id='word_1_187' title='bbox 1245 1703 1305 1762; x_wconf 89' lang='lat' dir='ltr'>lloc</span> <span class='ocrx_word' id='word_1_188' title='bbox 1319 1701 1423 1762; x_wconf 84' lang='lat' dir='ltr'>doetus</span> <span class='ocrx_word' id='word_1_189' title='bbox 1439 1699 1521 1762; x_wconf 85' lang='lat' dir='ltr'>Plato</span> <span class='ocrx_word' id='word_1_190' title='bbox 1536 1699 1679 1774; x_wconf 83' lang='lat' dir='ltr'>tresoivit,</span> <span class='ocrx_word' id='word_1_191' title='bbox 1693 1698 1750 1761; x_wconf 92' lang='lat' dir='ltr'>hoc</span> <span class='ocrx_word' id='word_1_192' title='bbox 1772 1704 1826 1762; x_wconf 87' lang='lat' dir='ltr'>De·</span> 
     </span>
     <span class='ocr_line' id='line_1_15' title="bbox 198 1794 1827 1876; baseline 0.001 -16"><span class='ocrx_word' id='word_1_193' title='bbox 198 1797 370 1863; x_wconf 88' lang='lat' dir='ltr'>mosthenes</span> <span class='ocrx_word' id='word_1_194' title='bbox 383 1794 526 1874; x_wconf 83' lang='lat' dir='ltr'>eloquens</span> <span class='ocrx_word' id='word_1_195' title='bbox 538 1794 699 1874; x_wconf 84' lang='lat' dir='ltr'>ignoravit.</span> <span class='ocrx_word' id='word_1_196' title='bbox 718 1795 883 1871; x_wconf 77' lang='lat' dir='ltr'>«Perdam,</span> <span class='ocrx_word' id='word_1_197' title='bbox 899 1796 1016 1876; x_wconf 87' lang='lat' dir='ltr'>inquit,</span> <span class='ocrx_word' id='word_1_198' title='bbox 1032 1797 1211 1876; x_wconf 87' lang='lat' dir='ltr'>sapientiem</span> <span class='ocrx_word' id='word_1_199' title='bbox 1225 1797 1431 1876; x_wconf 88' lang='lat' dir='ltr'>sapientium,</span> <span class='ocrx_word' id='word_1_200' title='bbox 1446 1805 1476 1859; x_wconf 90' lang='lat' dir='ltr'>et</span> <span class='ocrx_word' id='word_1_201' title='bbox 1488 1797 1680 1876; x_wconf 87' lang='lat' dir='ltr'>prudentiam</span> <span class='ocrx_word' id='word_1_202' title='bbox 1696 1797 1827 1876; x_wconf 87' lang='lat' dir='ltr'>pruden-</span> 
     </span>
     <span class='ocr_line' id='line_1_16' title="bbox 197 1891 1825 1976; baseline 0 -19"><span class='ocrx_word' id='word_1_203' title='bbox 197 1895 276 1957; x_wconf 91' lang='lat' dir='ltr'>tium</span> <span class='ocrx_word' id='word_1_204' title='bbox 286 1893 457 1974; x_wconf 88' lang='lat' dir='ltr'>reprobabo.</span> <span class='ocrx_word' id='word_1_205' title='bbox 471 1893 573 1954; x_wconf 74' lang='lat' dir='ltr'>»Vera</span> <span class='ocrx_word' id='word_1_206' title='bbox 584 1891 732 1971; x_wconf 89' lang='lat' dir='ltr'>sapientia</span> <span class='ocrx_word' id='word_1_207' title='bbox 742 1893 847 1972; x_wconf 92' lang='lat' dir='ltr'>perdet</span> <span class='ocrx_word' id='word_1_208' title='bbox 859 1893 966 1957; x_wconf 88' lang='lat' dir='ltr'>iolsam</span> <span class='ocrx_word' id='word_1_209' title='bbox 978 1894 1177 1973; x_wconf 66' lang='lat' dir='ltr'>sapientiam</span> <span class='ocrx_word' id='word_1_210' title='bbox 1192 1903 1406 1976; x_wconf 82' lang='lat' dir='ltr'>etquauqunm</span> <span class='ocrx_word' id='word_1_211' title='bbox 1417 1893 1548 1958; x_wconf 90' lang='lat' dir='ltr'>stultitia</span> <span class='ocrx_word' id='word_1_212' title='bbox 1561 1893 1780 1974; x_wconf 74' lang='lat' dir='ltr'>predicationis</span> <span class='ocrx_word' id='word_1_213' title='bbox 1792 1895 1825 1958; x_wconf 91' lang='lat' dir='ltr'>iu</span> 
     </span>
     <span class='ocr_line' id='line_1_17' title="bbox 198 1989 1825 2076; baseline 0 -22"><span class='ocrx_word' id='word_1_214' title='bbox 198 2009 285 2054; x_wconf 91' lang='lat' dir='ltr'>cruce</span> <span class='ocrx_word' id='word_1_215' title='bbox 297 1991 352 2070; x_wconf 91' lang='lat' dir='ltr'>sit,</span> <span class='ocrx_word' id='word_1_216' title='bbox 368 1997 472 2056; x_wconf 72' lang='lat' dir='ltr'>nmen</span> <span class='ocrx_word' id='word_1_217' title='bbox 481 1989 593 2054; x_wconf 84' lang='lat' dir='ltr'>Paulas</span> <span class='ocrx_word' id='word_1_218' title='bbox 606 1989 784 2069; x_wconf 85' lang='lat' dir='ltr'>sapientiam</span> <span class='ocrx_word' id='word_1_219' title='bbox 798 1989 934 2070; x_wconf 81' lang='lat' dir='ltr'>loquitur</span> <span class='ocrx_word' id='word_1_220' title='bbox 945 1991 1027 2054; x_wconf 90' lang='lat' dir='ltr'>inter</span> <span class='ocrx_word' id='word_1_221' title='bbox 1040 1991 1183 2071; x_wconf 83' lang='lat' dir='ltr'>periectos</span> <span class='ocrx_word' id='word_1_222' title='bbox 1199 2011 1207 2054; x_wconf 91' lang='lat'><strong>:</strong></span> <span class='ocrx_word' id='word_1_223' title='bbox 1221 1991 1400 2070; x_wconf 84' lang='lat' dir='ltr'>sapientiam</span> <span class='ocrx_word' id='word_1_224' title='bbox 1415 1999 1517 2058; x_wconf 87' lang='lat' dir='ltr'>autem</span> <span class='ocrx_word' id='word_1_225' title='bbox 1531 2009 1594 2054; x_wconf 90' lang='lat' dir='ltr'>non</span> <span class='ocrx_word' id='word_1_226' title='bbox 1607 1990 1707 2067; x_wconf 80' lang='lat' dir='ltr'>sectili</span> <span class='ocrx_word' id='word_1_227' title='bbox 1720 1989 1825 2076; x_wconf 73' lang='lat' dir='ltr'>umus,</span> 
     </span>
     <span class='ocr_line' id='line_1_18' title="bbox 196 2086 1826 2172; baseline 0.004 -20"><span class='ocrx_word' id='word_1_228' title='bbox 196 2107 252 2152; x_wconf 88' lang='lat' dir='ltr'>nec</span> <span class='ocrx_word' id='word_1_229' title='bbox 271 2089 443 2169; x_wconf 87' lang='lat' dir='ltr'>principum</span> <span class='ocrx_word' id='word_1_230' title='bbox 459 2087 561 2150; x_wconf 86' lang='lat' dir='ltr'>seculi</span> <span class='ocrx_word' id='word_1_231' title='bbox 578 2086 681 2164; x_wconf 87' lang='lat' dir='ltr'>istius,</span> <span class='ocrx_word' id='word_1_232' title='bbox 697 2105 764 2166; x_wconf 80' lang='lat' dir='ltr'>qna</span> <span class='ocrx_word' id='word_1_233' title='bbox 781 2087 948 2150; x_wconf 88' lang='lat' dir='ltr'>destruitur</span> <span class='ocrx_word' id='word_1_234' title='bbox 957 2107 968 2166; x_wconf 92' lang='lat'>;</span> <span class='ocrx_word' id='word_1_235' title='bbox 984 2089 1036 2152; x_wconf 90' lang='lat' dir='ltr'>sed</span> <span class='ocrx_word' id='word_1_236' title='bbox 1051 2088 1189 2169; x_wconf 87' lang='lat' dir='ltr'>loquitur</span> <span class='ocrx_word' id='word_1_237' title='bbox 1202 2089 1254 2154; x_wconf 88' lang='lat' dir='ltr'>Dei</span> <span class='ocrx_word' id='word_1_238' title='bbox 1271 2088 1451 2167; x_wconf 88' lang='lat' dir='ltr'>sapientiam</span> <span class='ocrx_word' id='word_1_239' title='bbox 1466 2089 1499 2150; x_wconf 88' lang='lat' dir='ltr'>in</span> <span class='ocrx_word' id='word_1_240' title='bbox 1513 2088 1659 2172; x_wconf 81' lang='lat' dir='ltr'>mysterio</span> <span class='ocrx_word' id='word_1_241' title='bbox 1674 2088 1826 2158; x_wconf 83' lang='lat' dir='ltr'>abscondi·</span> 
     </span>
     <span class='ocr_line' id='line_1_19' title="bbox 198 2184 1827 2269; baseline -0.001 -18"><span class='ocrx_word' id='word_1_242' title='bbox 198 2196 280 2263; x_wconf 90' lang='lat' dir='ltr'>tam,</span> <span class='ocrx_word' id='word_1_243' title='bbox 293 2205 384 2269; x_wconf 91' lang='lat' dir='ltr'>quam</span> <span class='ocrx_word' id='word_1_244' title='bbox 398 2185 620 2265; x_wconf 80' lang='lat' dir='ltr'>predestinavit</span> <span class='ocrx_word' id='word_1_245' title='bbox 634 2188 713 2247; x_wconf 84' lang='lat' dir='ltr'>neus</span> <span class='ocrx_word' id='word_1_246' title='bbox 727 2192 796 2248; x_wconf 88' lang='lat' dir='ltr'>ante</span> <span class='ocrx_word' id='word_1_247' title='bbox 810 2184 928 2250; x_wconf 85' lang='lat' dir='ltr'>secula.</span> <span class='ocrx_word' id='word_1_248' title='bbox 945 2187 998 2250; x_wconf 78' lang='lat' dir='ltr'>liei</span> <span class='ocrx_word' id='word_1_249' title='bbox 1012 2187 1182 2267; x_wconf 87' lang='lat' dir='ltr'>sapientia,</span> <span class='ocrx_word' id='word_1_250' title='bbox 1198 2186 1338 2250; x_wconf 85' lang='lat' dir='ltr'>Christus</span> <span class='ocrx_word' id='word_1_251' title='bbox 1351 2193 1417 2264; x_wconf 89' lang='lat' dir='ltr'>est;</span> <span class='ocrx_word' id='word_1_252' title='bbox 1431 2185 1571 2250; x_wconf 86' lang='lat' dir='ltr'>Christus</span> <span class='ocrx_word' id='word_1_253' title='bbox 1584 2185 1685 2264; x_wconf 90' lang='lat' dir='ltr'>euim,</span> <span class='ocrx_word' id='word_1_254' title='bbox 1701 2186 1752 2252; x_wconf 83' lang='lat' dir='ltr'>liei</span> <span class='ocrx_word' id='word_1_255' title='bbox 1767 2188 1827 2252; x_wconf 85' lang='lat' dir='ltr'>rir-</span> 
     </span>
     <span class='ocr_line' id='line_1_20' title="bbox 197 2281 1825 2364; baseline -0.002 -16"><span class='ocrx_word' id='word_1_256' title='bbox 197 2293 266 2362; x_wconf 91' lang='lat' dir='ltr'>tus,</span> <span class='ocrx_word' id='word_1_257' title='bbox 286 2292 316 2348; x_wconf 89' lang='lat' dir='ltr'>ot</span> <span class='ocrx_word' id='word_1_258' title='bbox 336 2285 389 2348; x_wconf 87' lang='lat' dir='ltr'>Dei</span> <span class='ocrx_word' id='word_1_259' title='bbox 407 2281 565 2363; x_wconf 89' lang='lat' dir='ltr'>sapientia.</span> <span class='ocrx_word' id='word_1_260' title='bbox 588 2285 654 2344; x_wconf 82' lang='lat' dir='ltr'>tier</span> <span class='ocrx_word' id='word_1_261' title='bbox 668 2282 817 2362; x_wconf 88' lang='lat' dir='ltr'>sapientie</span> <span class='ocrx_word' id='word_1_262' title='bbox 831 2282 865 2344; x_wconf 90' lang='lat' dir='ltr'>iu</span> <span class='ocrx_word' id='word_1_263' title='bbox 886 2283 1030 2364; x_wconf 78' lang='lat' dir='ltr'>mysterio</span> <span class='ocrx_word' id='word_1_264' title='bbox 1050 2283 1223 2350; x_wconf 83' lang='lat' dir='ltr'>abscondita</span> <span class='ocrx_word' id='word_1_265' title='bbox 1242 2293 1289 2348; x_wconf 88' lang='lat' dir='ltr'>est</span> <span class='ocrx_word' id='word_1_266' title='bbox 1304 2303 1312 2344; x_wconf 83' lang='lat' dir='ltr'>r</span> <span class='ocrx_word' id='word_1_267' title='bbox 1328 2285 1364 2346; x_wconf 90' lang='lat' dir='ltr'>de</span> <span class='ocrx_word' id='word_1_268' title='bbox 1378 2301 1437 2364; x_wconf 83' lang='lat' dir='ltr'>qua</span> <span class='ocrx_word' id='word_1_269' title='bbox 1452 2291 1482 2346; x_wconf 92' lang='lat' dir='ltr'>et</span> <span class='ocrx_word' id='word_1_270' title='bbox 1500 2283 1575 2348; x_wconf 89' lang='lat' dir='ltr'>noni</span> <span class='ocrx_word' id='word_1_271' title='bbox 1593 2283 1703 2362; x_wconf 88' lang='lat' dir='ltr'>psalmi</span> <span class='ocrx_word' id='word_1_272' title='bbox 1717 2283 1825 2346; x_wconf 89' lang='lat' dir='ltr'>titulus</span> 
     </span>
    </p>
   </div>
   <div class='ocr_carea' id='block_1_2' title="bbox 197 2374 1944 2463">
    <p class='ocr_par' dir='ltr' id='par_1_2' title="bbox 197 2374 1944 2463">
     <span class='ocr_line' id='line_1_21' title="bbox 197 2374 1944 2463; baseline 0 -19"><span class='ocrx_word' id='word_1_273' title='bbox 197 2374 392 2463; x_wconf 83' lang='lat' dir='ltr'>prenotatur,</span> <span class='ocrx_word' id='word_1_274' title='bbox 404 2377 614 2442; x_wconf 84' lang='lat' dir='ltr'>«Prooccnltis</span> <span class='ocrx_word' id='word_1_275' title='bbox 624 2378 762 2454; x_wconf 80' lang='lat' dir='ltr'>iilii,oiu</span> <span class='ocrx_word' id='word_1_276' title='bbox 772 2386 910 2459; x_wconf 83' lang='lat' dir='ltr'>quosunt</span> <span class='ocrx_word' id='word_1_277' title='bbox 919 2398 1025 2444; x_wconf 85' lang='lat' dir='ltr'>omues</span> <span class='ocrx_word' id='word_1_278' title='bbox 1035 2380 1172 2446; x_wconf 88' lang='lat' dir='ltr'>thesauri</span> <span class='ocrx_word' id='word_1_279' title='bbox 1182 2380 1338 2460; x_wconf 85' lang='lat' dir='ltr'>sapientiae</span> <span class='ocrx_word' id='word_1_280' title='bbox 1350 2389 1380 2442; x_wconf 87' lang='lat' dir='ltr'>et</span> <span class='ocrx_word' id='word_1_281' title='bbox 1390 2381 1525 2444; x_wconf 82' lang='lat' dir='ltr'>scientie</span> <span class='ocrx_word' id='word_1_282' title='bbox 1534 2380 1586 2442; x_wconf 87' lang='lat' dir='ltr'>bei</span> <span class='ocrx_word' id='word_1_283' title='bbox 1596 2379 1772 2444; x_wconf 89' lang='lat' dir='ltr'>absconditi.</span> <span class='ocrx_word' id='word_1_284' title='bbox 1789 2385 1826 2448; x_wconf 84' lang='lat' dir='ltr'>Et</span> <span class='ocrx_word' id='word_1_285' title='bbox 1939 2410 1944 2417; x_wconf 86' lang='lat'><strong>·</strong></span> 
     </span>
    </p>
   </div>
   <div class='ocr_carea' id='block_1_3' title="bbox 93 2476 1826 5388">
    <p class='ocr_par' dir='ltr' id='par_1_3' title="bbox 93 2476 1826 5388">
     <span class='ocr_line' id='line_1_22' title="bbox 197 2476 1826 2564; baseline -0.002 -19"><span class='ocrx_word' id='word_1_286' title='bbox 197 2479 296 2564; x_wconf 83' lang='lat' dir='ltr'>quiin</span> <span class='ocrx_word' id='word_1_287' title='bbox 309 2478 453 2562; x_wconf 81' lang='lat' dir='ltr'>mysterio</span> <span class='ocrx_word' id='word_1_288' title='bbox 467 2476 656 2540; x_wconf 87' lang='lat' dir='ltr'>absconditus</span> <span class='ocrx_word' id='word_1_289' title='bbox 671 2483 746 2554; x_wconf 88' lang='lat' dir='ltr'>erat,</span> <span class='ocrx_word' id='word_1_290' title='bbox 761 2477 991 2557; x_wconf 81' lang='lat' dir='ltr'>predestinatus</span> <span class='ocrx_word' id='word_1_291' title='bbox 1005 2486 1049 2542; x_wconf 90' lang='lat' dir='ltr'>est</span> <span class='ocrx_word' id='word_1_292' title='bbox 1063 2487 1132 2542; x_wconf 90' lang='lat' dir='ltr'>ante</span> <span class='ocrx_word' id='word_1_293' title='bbox 1146 2478 1256 2542; x_wconf 81' lang='lat' dir='ltr'>secula</span> <span class='ocrx_word' id='word_1_294' title='bbox 1270 2497 1279 2540; x_wconf 77' lang='grc' dir='ltr'><strong>ε</strong></span> <span class='ocrx_word' id='word_1_295' title='bbox 1294 2477 1525 2558; x_wconf 82' lang='lat' dir='ltr'>predestinatus</span> <span class='ocrx_word' id='word_1_296' title='bbox 1537 2485 1637 2540; x_wconf 81' lang='lat' dir='ltr'>autern</span> <span class='ocrx_word' id='word_1_297' title='bbox 1649 2486 1679 2542; x_wconf 93' lang='lat' dir='ltr'>et</span> <span class='ocrx_word' id='word_1_298' title='bbox 1689 2478 1826 2559; x_wconf 85' lang='lat' dir='ltr'>preliga-</span> 
     </span>
     <span class='ocr_line' id='line_1_23' title="bbox 196 2571 1824 2657; baseline -0.001 -16"><span class='ocrx_word' id='word_1_299' title='bbox 196 2585 281 2641; x_wconf 88' lang='lat' dir='ltr'>ratns</span> <span class='ocrx_word' id='word_1_300' title='bbox 303 2575 337 2640; x_wconf 93' lang='lat' dir='ltr'>iu</span> <span class='ocrx_word' id='word_1_301' title='bbox 357 2575 421 2655; x_wconf 89' lang='lat' dir='ltr'>lege</span> <span class='ocrx_word' id='word_1_302' title='bbox 445 2581 475 2636; x_wconf 89' lang='lat' dir='ltr'>et</span> <span class='ocrx_word' id='word_1_303' title='bbox 496 2571 653 2653; x_wconf 87' lang='lat' dir='ltr'>Prophetis</span> <span class='ocrx_word' id='word_1_304' title='bbox 668 2591 677 2633; x_wconf 75' lang='grc' dir='ltr'><em>τ</em></span> <span class='ocrx_word' id='word_1_305' title='bbox 696 2573 779 2635; x_wconf 92' lang='lat' dir='ltr'>unde</span> <span class='ocrx_word' id='word_1_306' title='bbox 793 2580 823 2636; x_wconf 90' lang='lat' dir='ltr'>et</span> <span class='ocrx_word' id='word_1_307' title='bbox 836 2574 992 2655; x_wconf 76' lang='lat' dir='ltr'>Prophetae</span> <span class='ocrx_word' id='word_1_308' title='bbox 1005 2576 1199 2656; x_wconf 90' lang='lat' dir='ltr'>appellantur</span> <span class='ocrx_word' id='word_1_309' title='bbox 1213 2575 1370 2654; x_wconf 89' lang='lat' dir='ltr'>videntes,</span> <span class='ocrx_word' id='word_1_310' title='bbox 1384 2575 1455 2656; x_wconf 88' lang='lat' dir='ltr'>qnia</span> <span class='ocrx_word' id='word_1_311' title='bbox 1471 2574 1616 2638; x_wconf 90' lang='lat' dir='ltr'>videbant</span> <span class='ocrx_word' id='word_1_312' title='bbox 1628 2591 1721 2652; x_wconf 90' lang='lat' dir='ltr'>eum,</span> <span class='ocrx_word' id='word_1_313' title='bbox 1734 2594 1824 2657; x_wconf 91' lang='lat' dir='ltr'>quem</span> 
     </span>
     <span class='ocr_line' id='line_1_24' title="bbox 196 2669 1823 2754; baseline -0.005 -12"><span class='ocrx_word' id='word_1_314' title='bbox 196 2676 293 2742; x_wconf 84' lang='lat' dir='ltr'>caeteri</span> <span class='ocrx_word' id='word_1_315' title='bbox 316 2691 378 2738; x_wconf 93' lang='lat' dir='ltr'>non</span> <span class='ocrx_word' id='word_1_316' title='bbox 399 2672 553 2736; x_wconf 89' lang='lat' dir='ltr'>videbant.</span> <span class='ocrx_word' id='word_1_317' title='bbox 575 2669 731 2735; x_wconf 84' lang='lat' dir='ltr'>Abraham</span> <span class='ocrx_word' id='word_1_318' title='bbox 744 2670 823 2735; x_wconf 91' lang='lat' dir='ltr'>vidit</span> <span class='ocrx_word' id='word_1_319' title='bbox 840 2670 923 2737; x_wconf 87' lang='lat' dir='ltr'>diem</span> <span class='ocrx_word' id='word_1_320' title='bbox 936 2674 1013 2753; x_wconf 88' lang='lat' dir='ltr'>ejns,</span> <span class='ocrx_word' id='word_1_321' title='bbox 1029 2681 1058 2738; x_wconf 89' lang='lat' dir='ltr'>at</span> <span class='ocrx_word' id='word_1_322' title='bbox 1072 2673 1187 2738; x_wconf 80' lang='lat' dir='ltr'>letatus</span> <span class='ocrx_word' id='word_1_323' title='bbox 1201 2680 1256 2736; x_wconf 89' lang='lat' dir='ltr'>est.</span> <span class='ocrx_word' id='word_1_324' title='bbox 1271 2672 1494 2754; x_wconf 72' lang='lat' dir='ltr'>aperiebantur</span> <span class='ocrx_word' id='word_1_325' title='bbox 1508 2672 1576 2736; x_wconf 76' lang='lat' dir='ltr'>coeli</span> <span class='ocrx_word' id='word_1_326' title='bbox 1589 2671 1757 2752; x_wconf 86' lang='lat' dir='ltr'>Ezechieli,</span> <span class='ocrx_word' id='word_1_327' title='bbox 1772 2675 1823 2754; x_wconf 76' lang='lat' dir='ltr'>qrti</span> 
     </span>
     <span class='ocr_line' id='line_1_25' title="bbox 195 2767 1821 2857; baseline -0.005 -18"><span class='ocrx_word' id='word_1_328' title='bbox 195 2770 457 2857; x_wconf 89' lang='lat' dir='ltr'>populopeccatori</span> <span class='ocrx_word' id='word_1_329' title='bbox 471 2767 564 2834; x_wconf 89' lang='lat' dir='ltr'>clausi</span> <span class='ocrx_word' id='word_1_330' title='bbox 576 2776 674 2832; x_wconf 87' lang='lat' dir='ltr'>erant.</span> <span class='ocrx_word' id='word_1_331' title='bbox 691 2768 837 2844; x_wconf 71' lang='lat' dir='ltr'>«Revela,</span> <span class='ocrx_word' id='word_1_332' title='bbox 847 2768 949 2851; x_wconf 88' lang='lat' dir='ltr'>inquit</span> <span class='ocrx_word' id='word_1_333' title='bbox 957 2769 1061 2846; x_wconf 85' lang='lat' dir='ltr'>David,</span> <span class='ocrx_word' id='word_1_334' title='bbox 1076 2771 1175 2836; x_wconf 85' lang='lat' dir='ltr'>oculos</span> <span class='ocrx_word' id='word_1_335' title='bbox 1189 2789 1282 2849; x_wconf 90' lang='lat' dir='ltr'>meos,</span> <span class='ocrx_word' id='word_1_336' title='bbox 1294 2779 1325 2832; x_wconf 87' lang='lat' dir='ltr'>at</span> <span class='ocrx_word' id='word_1_337' title='bbox 1337 2769 1530 2834; x_wconf 88' lang='lat' dir='ltr'>considerabo</span> <span class='ocrx_word' id='word_1_338' title='bbox 1541 2769 1695 2832; x_wconf 88' lang='lat' dir='ltr'>mirabilia</span> <span class='ocrx_word' id='word_1_339' title='bbox 1707 2770 1744 2834; x_wconf 89' lang='lat' dir='ltr'>da</span> <span class='ocrx_word' id='word_1_340' title='bbox 1758 2770 1821 2850; x_wconf 75' lang='lat' dir='ltr'>lage</span> 
     </span>
     <span class='ocr_line' id='line_1_26' title="bbox 194 2865 1823 2949; baseline -0.005 -11"><span class='ocrx_word' id='word_1_341' title='bbox 194 2881 275 2938; x_wconf 75' lang='lat' dir='ltr'>tua.»</span> <span class='ocrx_word' id='word_1_342' title='bbox 290 2876 351 2935; x_wconf 79' lang='lat' dir='ltr'>Lex</span> <span class='ocrx_word' id='word_1_343' title='bbox 360 2871 443 2934; x_wconf 89' lang='lat' dir='ltr'>enim</span> <span class='ocrx_word' id='word_1_344' title='bbox 452 2867 619 2949; x_wconf 87' lang='lat' dir='ltr'>spiritualis</span> <span class='ocrx_word' id='word_1_345' title='bbox 634 2873 689 2944; x_wconf 86' lang='lat' dir='ltr'>est,</span> <span class='ocrx_word' id='word_1_346' title='bbox 701 2873 732 2930; x_wconf 91' lang='lat' dir='ltr'>et</span> <span class='ocrx_word' id='word_1_347' title='bbox 741 2866 923 2932; x_wconf 81' lang='lat' dir='ltr'>revelatione</span> <span class='ocrx_word' id='word_1_348' title='bbox 933 2886 1009 2948; x_wconf 90' lang='lat' dir='ltr'>opus</span> <span class='ocrx_word' id='word_1_349' title='bbox 1020 2875 1076 2946; x_wconf 87' lang='lat' dir='ltr'>est,</span> <span class='ocrx_word' id='word_1_350' title='bbox 1086 2874 1122 2932; x_wconf 93' lang='lat' dir='ltr'>ut</span> <span class='ocrx_word' id='word_1_351' title='bbox 1136 2867 1340 2948; x_wconf 89' lang='lat' dir='ltr'>intelligatur,</span> <span class='ocrx_word' id='word_1_352' title='bbox 1357 2885 1389 2930; x_wconf 88' lang='lat' dir='ltr'>ac</span> <span class='ocrx_word' id='word_1_353' title='bbox 1398 2865 1531 2930; x_wconf 90' lang='lat' dir='ltr'>revelata</span> <span class='ocrx_word' id='word_1_354' title='bbox 1544 2865 1620 2928; x_wconf 90' lang='lat' dir='ltr'>facie</span> <span class='ocrx_word' id='word_1_355' title='bbox 1630 2867 1682 2930; x_wconf 78' lang='lat' dir='ltr'>liei</span> <span class='ocrx_word' id='word_1_356' title='bbox 1695 2866 1823 2946; x_wconf 85' lang='lat' dir='ltr'>gloriam</span> 
     </span>
     <span class='ocr_line' id='line_1_27' title="bbox 193 2963 1823 3050; baseline -0.007 -13"><span class='ocrx_word' id='word_1_357' title='bbox 193 2969 443 3050; x_wconf 84' lang='lat' dir='ltr'>contemplemur.</span> <span class='ocrx_word' id='word_1_358' title='bbox 458 2966 547 3035; x_wconf 89' lang='lat' dir='ltr'>Liber</span> <span class='ocrx_word' id='word_1_359' title='bbox 568 2965 602 3029; x_wconf 90' lang='lat' dir='ltr'>iu</span> <span class='ocrx_word' id='word_1_360' title='bbox 624 2963 799 3045; x_wconf 78' lang='lat' dir='ltr'>Apocalypsi</span> <span class='ocrx_word' id='word_1_361' title='bbox 813 2971 927 3044; x_wconf 86' lang='lat' dir='ltr'>septem</span> <span class='ocrx_word' id='word_1_362' title='bbox 944 2965 1053 3046; x_wconf 84' lang='lat' dir='ltr'>sigillis</span> <span class='ocrx_word' id='word_1_363' title='bbox 1071 2965 1207 3047; x_wconf 85' lang='lat' dir='ltr'>signatus</span> <span class='ocrx_word' id='word_1_364' title='bbox 1220 2967 1391 3030; x_wconf 88' lang='lat' dir='ltr'>ostenditur</span> <span class='ocrx_word' id='word_1_365' title='bbox 1405 2984 1413 3028; x_wconf 72' lang='grc' dir='ltr'><strong>ε</strong></span> <span class='ocrx_word' id='word_1_366' title='bbox 1428 2981 1520 3046; x_wconf 89' lang='lat' dir='ltr'>quem</span> <span class='ocrx_word' id='word_1_367' title='bbox 1534 2964 1560 3026; x_wconf 89' lang='lat' dir='ltr'>si</span> <span class='ocrx_word' id='word_1_368' title='bbox 1574 2963 1691 3028; x_wconf 89' lang='lat' dir='ltr'>dederis</span> <span class='ocrx_word' id='word_1_369' title='bbox 1705 2965 1823 3027; x_wconf 84' lang='lat' dir='ltr'>ltottuut</span> 
     </span>
     <span class='ocr_line' id='line_1_28' title="bbox 193 3059 1823 3145; baseline -0.007 -11"><span class='ocrx_word' id='word_1_370' title='bbox 193 3067 300 3134; x_wconf 89' lang='lat' dir='ltr'>scienti</span> <span class='ocrx_word' id='word_1_371' title='bbox 311 3067 426 3131; x_wconf 88' lang='lat' dir='ltr'>litteras</span> <span class='ocrx_word' id='word_1_372' title='bbox 439 3072 473 3130; x_wconf 91' lang='lat' dir='ltr'>nt</span> <span class='ocrx_word' id='word_1_373' title='bbox 485 3065 576 3144; x_wconf 86' lang='lat' dir='ltr'>leget,</span> <span class='ocrx_word' id='word_1_374' title='bbox 589 3061 782 3143; x_wconf 88' lang='lat' dir='ltr'>respondebit</span> <span class='ocrx_word' id='word_1_375' title='bbox 794 3061 871 3126; x_wconf 87' lang='lat' dir='ltr'>tibi:</span> <span class='ocrx_word' id='word_1_376' title='bbox 887 3067 952 3129; x_wconf 90' lang='lat' dir='ltr'>Non</span> <span class='ocrx_word' id='word_1_377' title='bbox 966 3081 1086 3144; x_wconf 91' lang='lat' dir='ltr'>possum</span> <span class='ocrx_word' id='word_1_378' title='bbox 1099 3063 1257 3142; x_wconf 85' lang='lat' dir='ltr'>:signatus</span> <span class='ocrx_word' id='word_1_379' title='bbox 1270 3071 1315 3125; x_wconf 87' lang='lat' dir='ltr'>est</span> <span class='ocrx_word' id='word_1_380' title='bbox 1330 3061 1425 3124; x_wconf 87' lang='lat' dir='ltr'>anim.</span> <span class='ocrx_word' id='word_1_381' title='bbox 1440 3061 1552 3136; x_wconf 89' lang='lat' dir='ltr'>Quanti</span> <span class='ocrx_word' id='word_1_382' title='bbox 1566 3059 1656 3124; x_wconf 88' lang='lat' dir='ltr'>hodie</span> <span class='ocrx_word' id='word_1_383' title='bbox 1670 3069 1777 3145; x_wconf 87' lang='lat' dir='ltr'>putaut</span> <span class='ocrx_word' id='word_1_384' title='bbox 1792 3081 1823 3126; x_wconf 76' lang='lat' dir='ltr'>se</span> 
     </span>
     <span class='ocr_line' id='line_1_29' title="bbox 193 3157 1822 3242; baseline -0.006 -10"><span class='ocrx_word' id='word_1_385' title='bbox 193 3185 280 3232; x_wconf 91' lang='lat' dir='ltr'>nosse</span> <span class='ocrx_word' id='word_1_386' title='bbox 293 3165 419 3240; x_wconf 88' lang='lat' dir='ltr'>litteras,</span> <span class='ocrx_word' id='word_1_387' title='bbox 431 3167 538 3226; x_wconf 88' lang='lat' dir='ltr'>tenent</span> <span class='ocrx_word' id='word_1_388' title='bbox 551 3159 705 3240; x_wconf 87' lang='lat' dir='ltr'>signatum</span> <span class='ocrx_word' id='word_1_389' title='bbox 718 3159 844 3236; x_wconf 88' lang='lat' dir='ltr'>librum,</span> <span class='ocrx_word' id='word_1_390' title='bbox 858 3177 914 3224; x_wconf 91' lang='lat' dir='ltr'>nec</span> <span class='ocrx_word' id='word_1_391' title='bbox 928 3160 1044 3242; x_wconf 87' lang='lat' dir='ltr'>aperire</span> <span class='ocrx_word' id='word_1_392' title='bbox 1058 3169 1194 3239; x_wconf 91' lang='lat' dir='ltr'>possunt,</span> <span class='ocrx_word' id='word_1_393' title='bbox 1205 3159 1268 3222; x_wconf 91' lang='lat' dir='ltr'>nisi</span> <span class='ocrx_word' id='word_1_394' title='bbox 1279 3158 1333 3221; x_wconf 92' lang='lat' dir='ltr'>ille</span> <span class='ocrx_word' id='word_1_395' title='bbox 1346 3159 1526 3222; x_wconf 83' lang='lat' dir='ltr'>reseraverit</span> <span class='ocrx_word' id='word_1_396' title='bbox 1538 3158 1590 3239; x_wconf 89' lang='lat' dir='ltr'>qni</span> <span class='ocrx_word' id='word_1_397' title='bbox 1605 3158 1695 3221; x_wconf 88' lang='lat' dir='ltr'>babet</span> <span class='ocrx_word' id='word_1_398' title='bbox 1705 3157 1822 3224; x_wconf 81' lang='lat' dir='ltr'>clavem</span> 
     </span>
     <span class='ocr_line' id='line_1_30' title="bbox 93 3245 1824 3345; baseline -0.006 -15"><span class='ocrx_word' id='word_1_399' title='bbox 93 3245 95 3250; x_wconf 36' lang='lat'><strong>¹</strong></span> <span class='ocrx_word' id='word_1_400' title='bbox 192 3265 298 3342; x_wconf 87' lang='lat' dir='ltr'>David,</span> <span class='ocrx_word' id='word_1_401' title='bbox 313 3263 367 3344; x_wconf 88' lang='lat' dir='ltr'>qni</span> <span class='ocrx_word' id='word_1_402' title='bbox 382 3259 489 3345; x_wconf 86' lang='lat' dir='ltr'>aperit,</span> <span class='ocrx_word' id='word_1_403' title='bbox 503 3266 534 3320; x_wconf 91' lang='lat' dir='ltr'>et</span> <span class='ocrx_word' id='word_1_404' title='bbox 546 3273 637 3320; x_wconf 90' lang='lat' dir='ltr'>nemo</span> <span class='ocrx_word' id='word_1_405' title='bbox 651 3255 784 3336; x_wconf 88' lang='lat' dir='ltr'>claudit;</span> <span class='ocrx_word' id='word_1_406' title='bbox 799 3257 923 3336; x_wconf 87' lang='lat' dir='ltr'>claudit,</span> <span class='ocrx_word' id='word_1_407' title='bbox 937 3266 968 3322; x_wconf 91' lang='lat' dir='ltr'>et</span> <span class='ocrx_word' id='word_1_408' title='bbox 979 3275 1071 3322; x_wconf 88' lang='lat' dir='ltr'>nemo</span> <span class='ocrx_word' id='word_1_409' title='bbox 1085 3257 1203 3338; x_wconf 90' lang='lat' dir='ltr'>aperitt</span> <span class='ocrx_word' id='word_1_410' title='bbox 1217 3261 1250 3322; x_wconf 89' lang='lat' dir='ltr'>ln</span> <span class='ocrx_word' id='word_1_411' title='bbox 1266 3257 1391 3322; x_wconf 81' lang='lat' dir='ltr'>Actibus</span> <span class='ocrx_word' id='word_1_412' title='bbox 1407 3255 1616 3336; x_wconf 80' lang='lat' dir='ltr'>Apostolorum</span> <span class='ocrx_word' id='word_1_413' title='bbox 1631 3263 1753 3322; x_wconf 87' lang='lat' dir='ltr'>sanctus</span> <span class='ocrx_word' id='word_1_414' title='bbox 1770 3275 1824 3322; x_wconf 79' lang='lat' dir='ltr'>err·</span> 
     </span>
     <span class='ocr_line' id='line_1_31' title="bbox 191 3353 1823 3436; baseline -0.004 -10"><span class='ocrx_word' id='word_1_415' title='bbox 191 3361 325 3436; x_wconf 88' lang='lat' dir='ltr'>nncbns,</span> <span class='ocrx_word' id='word_1_416' title='bbox 339 3359 435 3422; x_wconf 91' lang='lat' dir='ltr'>immo</span> <span class='ocrx_word' id='word_1_417' title='bbox 446 3357 495 3421; x_wconf 90' lang='lat' dir='ltr'>vir</span> <span class='ocrx_word' id='word_1_418' title='bbox 509 3356 561 3434; x_wconf 90' lang='lat' dir='ltr'>(sic</span> <span class='ocrx_word' id='word_1_419' title='bbox 573 3354 657 3418; x_wconf 90' lang='lat' dir='ltr'>enim</span> <span class='ocrx_word' id='word_1_420' title='bbox 669 3371 741 3416; x_wconf 92' lang='lat' dir='ltr'>eum</span> <span class='ocrx_word' id='word_1_421' title='bbox 753 3354 815 3418; x_wconf 85' lang='lat' dir='ltr'>Scri</span> <span class='ocrx_word' id='word_1_422' title='bbox 819 3361 908 3434; x_wconf 86' lang='lat' dir='ltr'>ptura</span> <span class='ocrx_word' id='word_1_423' title='bbox 921 3355 1139 3434; x_wconf 83' lang='lat' dir='ltr'>cognominat),</span> <span class='ocrx_word' id='word_1_424' title='bbox 1154 3373 1225 3420; x_wconf 88' lang='lat' dir='ltr'>oum</span> <span class='ocrx_word' id='word_1_425' title='bbox 1239 3356 1351 3434; x_wconf 89' lang='lat' dir='ltr'>legeret</span> <span class='ocrx_word' id='word_1_426' title='bbox 1365 3355 1473 3418; x_wconf 89' lang='lat' dir='ltr'>lsaiam</span> <span class='ocrx_word' id='word_1_427' title='bbox 1487 3353 1676 3434; x_wconf 88' lang='lat' dir='ltr'>prophetam,</span> <span class='ocrx_word' id='word_1_428' title='bbox 1693 3354 1823 3422; x_wconf 73' lang='lat' dir='ltr'>interro</span> 
     </span>
     <span class='ocr_line' id='line_1_32' title="bbox 147 3450 1822 3541; baseline -0.005 -18"><span class='ocrx_word' id='word_1_429' title='bbox 147 3501 157 3516; x_wconf 80' lang='lat'>,</span> <span class='ocrx_word' id='word_1_430' title='bbox 190 3467 275 3541; x_wconf 86' lang='lat' dir='ltr'>gatus</span> <span class='ocrx_word' id='word_1_431' title='bbox 295 3456 464 3536; x_wconf 86' lang='lat' dir='ltr'>aPhilippo</span> <span class='ocrx_word' id='word_1_432' title='bbox 479 3474 488 3517; x_wconf 76' lang='lat' dir='ltr'>a</span> <span class='ocrx_word' id='word_1_433' title='bbox 503 3457 655 3516; x_wconf 76' lang='lat' dir='ltr'>«Putasne</span> <span class='ocrx_word' id='word_1_434' title='bbox 668 3450 816 3530; x_wconf 88' lang='lat' dir='ltr'>intelligis</span> <span class='ocrx_word' id='word_1_435' title='bbox 838 3469 905 3534; x_wconf 80' lang='lat' dir='ltr'>quae</span> <span class='ocrx_word' id='word_1_436' title='bbox 926 3451 1023 3532; x_wconf 84' lang='lat' dir='ltr'>legist</span> <span class='ocrx_word' id='word_1_437' title='bbox 1037 3451 1214 3532; x_wconf 86' lang='lat' dir='ltr'>respondit:</span> <span class='ocrx_word' id='word_1_438' title='bbox 1231 3452 1383 3526; x_wconf 88' lang='lat' dir='ltr'>Quomodo</span> <span class='ocrx_word' id='word_1_439' title='bbox 1404 3468 1545 3532; x_wconf 90' lang='lat' dir='ltr'>possum,</span> <span class='ocrx_word' id='word_1_440' title='bbox 1560 3451 1622 3514; x_wconf 88' lang='lat' dir='ltr'>nisi</span> <span class='ocrx_word' id='word_1_441' title='bbox 1643 3451 1753 3532; x_wconf 86' lang='lat' dir='ltr'>aliquis</span> <span class='ocrx_word' id='word_1_442' title='bbox 1773 3470 1822 3516; x_wconf 91' lang='lat' dir='ltr'>me</span> 
     </span>
     <span class='ocr_line' id='line_1_33' title="bbox 191 3548 1821 3634; baseline -0.006 -12"><span class='ocrx_word' id='word_1_443' title='bbox 191 3555 371 3622; x_wconf 74' lang='lat' dir='ltr'>docueritis</span> <span class='ocrx_word' id='word_1_444' title='bbox 387 3557 447 3632; x_wconf 85' lang='lat' dir='ltr'>Ego</span> <span class='ocrx_word' id='word_1_445' title='bbox 459 3555 504 3630; x_wconf 91' lang='lat' dir='ltr'>(nt</span> <span class='ocrx_word' id='word_1_446' title='bbox 517 3551 552 3612; x_wconf 91' lang='lat' dir='ltr'>de</span> <span class='ocrx_word' id='word_1_447' title='bbox 569 3567 618 3612; x_wconf 89' lang='lat' dir='ltr'>me</span> <span class='ocrx_word' id='word_1_448' title='bbox 630 3550 737 3630; x_wconf 85' lang='lat' dir='ltr'>loquar</span> <span class='ocrx_word' id='word_1_449' title='bbox 750 3548 890 3626; x_wconf 90' lang='lat' dir='ltr'>interim)</span> <span class='ocrx_word' id='word_1_450' title='bbox 905 3566 961 3612; x_wconf 89' lang='lat' dir='ltr'>nee</span> <span class='ocrx_word' id='word_1_451' title='bbox 974 3549 1105 3612; x_wconf 85' lang='lat' dir='ltr'>sanctior</span> <span class='ocrx_word' id='word_1_452' title='bbox 1117 3566 1188 3614; x_wconf 91' lang='lat' dir='ltr'>sum</span> <span class='ocrx_word' id='word_1_453' title='bbox 1203 3549 1259 3611; x_wconf 89' lang='lat' dir='ltr'>boc</span> <span class='ocrx_word' id='word_1_454' title='bbox 1270 3549 1431 3626; x_wconf 82' lang='lat' dir='ltr'>eunrrcho,</span> <span class='ocrx_word' id='word_1_455' title='bbox 1445 3566 1501 3612; x_wconf 88' lang='lat' dir='ltr'>noc</span> <span class='ocrx_word' id='word_1_456' title='bbox 1521 3549 1702 3630; x_wconf 90' lang='lat' dir='ltr'>studiosior;</span> <span class='ocrx_word' id='word_1_457' title='bbox 1716 3550 1772 3634; x_wconf 85' lang='lat' dir='ltr'>qni</span> <span class='ocrx_word' id='word_1_458' title='bbox 1785 3552 1821 3614; x_wconf 90' lang='lat' dir='ltr'>de</span> 
     </span>
     <span class='ocr_line' id='line_1_34' title="bbox 142 3641 1821 3734; baseline -0.008 -12"><span class='ocrx_word' id='word_1_459' title='bbox 142 3641 146 3648; x_wconf 45' lang='lat'><strong>⁴</strong></span> <span class='ocrx_word' id='word_1_460' title='bbox 190 3652 360 3734; x_wconf 82' lang='lat' dir='ltr'>AEthiopia,</span> <span class='ocrx_word' id='word_1_461' title='bbox 374 3651 480 3728; x_wconf 91' lang='lat' dir='ltr'>idest,</span> <span class='ocrx_word' id='word_1_462' title='bbox 495 3650 531 3712; x_wconf 89' lang='lat' dir='ltr'>de</span> <span class='ocrx_word' id='word_1_463' title='bbox 545 3647 689 3710; x_wconf 76' lang='lat' dir='ltr'>extremis</span> <span class='ocrx_word' id='word_1_464' title='bbox 700 3645 808 3710; x_wconf 89' lang='lat' dir='ltr'>mundi</span> <span class='ocrx_word' id='word_1_465' title='bbox 824 3645 953 3723; x_wconf 88' lang='lat' dir='ltr'>linibus,</span> <span class='ocrx_word' id='word_1_466' title='bbox 968 3645 1054 3710; x_wconf 89' lang='lat' dir='ltr'>venit</span> <span class='ocrx_word' id='word_1_467' title='bbox 1068 3646 1106 3711; x_wconf 89' lang='lat' dir='ltr'>nd</span> <span class='ocrx_word' id='word_1_468' title='bbox 1118 3646 1287 3726; x_wconf 88' lang='lat' dir='ltr'>templum,</span> <span class='ocrx_word' id='word_1_469' title='bbox 1301 3647 1427 3728; x_wconf 90' lang='lat' dir='ltr'>reliquit</span> <span class='ocrx_word' id='word_1_470' title='bbox 1441 3645 1543 3710; x_wconf 76' lang='lat' dir='ltr'>arulam</span> <span class='ocrx_word' id='word_1_471' title='bbox 1560 3647 1673 3725; x_wconf 89' lang='lat' dir='ltr'>regiam</span> <span class='ocrx_word' id='word_1_472' title='bbox 1688 3665 1696 3710; x_wconf 78' lang='lat' dir='ltr'>a</span> <span class='ocrx_word' id='word_1_473' title='bbox 1711 3655 1741 3710; x_wconf 91' lang='lat' dir='ltr'>et</span> <span class='ocrx_word' id='word_1_474' title='bbox 1756 3653 1821 3710; x_wconf 90' lang='lat' dir='ltr'>ten-</span> 
     </span>
     <span class='ocr_line' id='line_1_35' title="bbox 190 3742 1819 3830; baseline -0.007 -12"><span class='ocrx_word' id='word_1_475' title='bbox 190 3761 239 3818; x_wconf 90' lang='lat' dir='ltr'>tus</span> <span class='ocrx_word' id='word_1_476' title='bbox 253 3758 369 3816; x_wconf 89' lang='lat' dir='ltr'>amator</span> <span class='ocrx_word' id='word_1_477' title='bbox 383 3747 457 3830; x_wconf 88' lang='lat' dir='ltr'>legia</span> <span class='ocrx_word' id='word_1_478' title='bbox 471 3746 641 3825; x_wconf 80' lang='lat' dir='ltr'>divineque</span> <span class='ocrx_word' id='word_1_479' title='bbox 662 3743 794 3807; x_wconf 77' lang='lat' dir='ltr'>scientiae</span> <span class='ocrx_word' id='word_1_480' title='bbox 816 3742 894 3820; x_wconf 86' lang='lat' dir='ltr'>luit,</span> <span class='ocrx_word' id='word_1_481' title='bbox 908 3750 944 3808; x_wconf 93' lang='lat' dir='ltr'>ut</span> <span class='ocrx_word' id='word_1_482' title='bbox 962 3743 1054 3806; x_wconf 87' lang='lat' dir='ltr'>etiarn</span> <span class='ocrx_word' id='word_1_483' title='bbox 1074 3743 1109 3806; x_wconf 91' lang='lat' dir='ltr'>in</span> <span class='ocrx_word' id='word_1_484' title='bbox 1124 3744 1266 3810; x_wconf 85' lang='lat' dir='ltr'>vehiculo</span> <span class='ocrx_word' id='word_1_485' title='bbox 1280 3745 1392 3824; x_wconf 88' lang='lat' dir='ltr'>legeret</span> <span class='ocrx_word' id='word_1_486' title='bbox 1411 3743 1527 3806; x_wconf 87' lang='lat' dir='ltr'>litterae</span> <span class='ocrx_word' id='word_1_487' title='bbox 1547 3761 1654 3806; x_wconf 90' lang='lat' dir='ltr'>sacras.</span> <span class='ocrx_word' id='word_1_488' title='bbox 1669 3747 1706 3806; x_wconf 88' lang='lat' dir='ltr'>Et</span> <span class='ocrx_word' id='word_1_489' title='bbox 1718 3750 1819 3807; x_wconf 88' lang='lat' dir='ltr'>tamen</span> 
     </span>
     <span class='ocr_line' id='line_1_36' title="bbox 189 3839 1818 3923; baseline -0.009 -7"><span class='ocrx_word' id='word_1_490' title='bbox 189 3870 259 3916; x_wconf 90' lang='lat' dir='ltr'>cnm</span> <span class='ocrx_word' id='word_1_491' title='bbox 279 3849 394 3915; x_wconf 89' lang='lat' dir='ltr'>librum</span> <span class='ocrx_word' id='word_1_492' title='bbox 416 3850 549 3923; x_wconf 89' lang='lat' dir='ltr'>teneret,</span> <span class='ocrx_word' id='word_1_493' title='bbox 563 3851 594 3906; x_wconf 90' lang='lat' dir='ltr'>et</span> <span class='ocrx_word' id='word_1_494' title='bbox 607 3842 698 3906; x_wconf 88' lang='lat' dir='ltr'>verba</span> <span class='ocrx_word' id='word_1_495' title='bbox 711 3839 833 3906; x_wconf 86' lang='lat' dir='ltr'>Domini</span> <span class='ocrx_word' id='word_1_496' title='bbox 847 3840 1024 3920; x_wconf 88' lang='lat' dir='ltr'>cogitatione</span> <span class='ocrx_word' id='word_1_497' title='bbox 1044 3841 1227 3921; x_wconf 89' lang='lat' dir='ltr'>conciperet,</span> <span class='ocrx_word' id='word_1_498' title='bbox 1242 3840 1347 3920; x_wconf 88' lang='lat' dir='ltr'>lingna</span> <span class='ocrx_word' id='word_1_499' title='bbox 1366 3839 1515 3918; x_wconf 90' lang='lat' dir='ltr'>volveret,</span> <span class='ocrx_word' id='word_1_500' title='bbox 1529 3840 1620 3904; x_wconf 89' lang='lat' dir='ltr'>labiis</span> <span class='ocrx_word' id='word_1_501' title='bbox 1635 3847 1818 3921; x_wconf 87' lang='lat' dir='ltr'>personaret,</span> 
     </span>
     <span class='ocr_line' id='line_1_37' title="bbox 188 3937 1820 4030; baseline -0.007 -17"><span class='ocrx_word' id='word_1_502' title='bbox 188 3948 346 4030; x_wconf 75' lang='lat' dir='ltr'>ignorabat</span> <span class='ocrx_word' id='word_1_503' title='bbox 364 3963 452 4022; x_wconf 91' lang='lat' dir='ltr'>eum,</span> <span class='ocrx_word' id='word_1_504' title='bbox 467 3960 558 4024; x_wconf 86' lang='lat' dir='ltr'>quem</span> <span class='ocrx_word' id='word_1_505' title='bbox 580 3942 616 4002; x_wconf 89' lang='lat' dir='ltr'>in</span> <span class='ocrx_word' id='word_1_506' title='bbox 638 3940 717 4001; x_wconf 93' lang='lat' dir='ltr'>libro</span> <span class='ocrx_word' id='word_1_507' title='bbox 738 3939 874 4002; x_wconf 87' lang='lat' dir='ltr'>nesciens</span> <span class='ocrx_word' id='word_1_508' title='bbox 897 3937 1110 4001; x_wconf 87' lang='lat' dir='ltr'>venerabatur.</span> <span class='ocrx_word' id='word_1_509' title='bbox 1133 3939 1225 4001; x_wconf 88' lang='lat' dir='ltr'>Venit</span> <span class='ocrx_word' id='word_1_510' title='bbox 1249 3937 1421 4016; x_wconf 88' lang='lat' dir='ltr'>Philippus,</span> <span class='ocrx_word' id='word_1_511' title='bbox 1438 3937 1571 4000; x_wconf 89' lang='lat' dir='ltr'>ostendit</span> <span class='ocrx_word' id='word_1_512' title='bbox 1589 3938 1616 4001; x_wconf 87' lang='lat' dir='ltr'>ei</span> <span class='ocrx_word' id='word_1_513' title='bbox 1630 3942 1753 4016; x_wconf 87' lang='lat' dir='ltr'>lesum,</span> <span class='ocrx_word' id='word_1_514' title='bbox 1767 3939 1820 4020; x_wconf 88' lang='lat' dir='ltr'>qui</span> 
     </span>
     <span class='ocr_line' id='line_1_38' title="bbox 188 4033 1821 4118; baseline -0.005 -9"><span class='ocrx_word' id='word_1_515' title='bbox 188 4044 310 4109; x_wconf 90' lang='lat' dir='ltr'>clausus</span> <span class='ocrx_word' id='word_1_516' title='bbox 331 4043 444 4107; x_wconf 89' lang='lat' dir='ltr'>latebat</span> <span class='ocrx_word' id='word_1_517' title='bbox 463 4041 498 4104; x_wconf 90' lang='lat' dir='ltr'>iu</span> <span class='ocrx_word' id='word_1_518' title='bbox 520 4039 669 4102; x_wconf 90' lang='lat' dir='ltr'>littera.0</span> <span class='ocrx_word' id='word_1_519' title='bbox 692 4036 773 4100; x_wconf 88' lang='lat' dir='ltr'>mira</span> <span class='ocrx_word' id='word_1_520' title='bbox 793 4033 921 4098; x_wconf 86' lang='lat' dir='ltr'>doctoris</span> <span class='ocrx_word' id='word_1_521' title='bbox 942 4034 1060 4098; x_wconf 85' lang='lat' dir='ltr'>virtus!</span> <span class='ocrx_word' id='word_1_522' title='bbox 1075 4035 1180 4098; x_wconf 90' lang='lat' dir='ltr'>eadem</span> <span class='ocrx_word' id='word_1_523' title='bbox 1200 4037 1277 4098; x_wconf 88' lang='lat' dir='ltr'>hora</span> <span class='ocrx_word' id='word_1_524' title='bbox 1296 4035 1392 4096; x_wconf 87' lang='lat' dir='ltr'>credit</span> <span class='ocrx_word' id='word_1_525' title='bbox 1406 4033 1575 4112; x_wconf 83' lang='lat' dir='ltr'>otrnuchus,</span> <span class='ocrx_word' id='word_1_526' title='bbox 1589 4034 1775 4118; x_wconf 87' lang='lat' dir='ltr'>baptizatur,</span> <span class='ocrx_word' id='word_1_527' title='bbox 1790 4049 1821 4102; x_wconf 93' lang='lat' dir='ltr'>et</span> 
     </span>
     <span class='ocr_line' id='line_1_39' title="bbox 188 4131 1819 4232; baseline -0.006 -24"><span class='ocrx_word' id='word_1_528' title='bbox 188 4143 322 4212; x_wconf 85' lang='lat' dir='ltr'>tideliset</span> <span class='ocrx_word' id='word_1_529' title='bbox 331 4147 450 4224; x_wconf 86' lang='lat' dir='ltr'>sauctus</span> <span class='ocrx_word' id='word_1_530' title='bbox 459 4137 554 4202; x_wconf 87' lang='lat' dir='ltr'>lactus</span> <span class='ocrx_word' id='word_1_531' title='bbox 566 4143 624 4214; x_wconf 88' lang='lat' dir='ltr'>est;</span> <span class='ocrx_word' id='word_1_532' title='bbox 636 4153 669 4198; x_wconf 91' lang='lat' dir='ltr'>ao</span> <span class='ocrx_word' id='word_1_533' title='bbox 678 4133 820 4214; x_wconf 89' lang='lat' dir='ltr'>magister</span> <span class='ocrx_word' id='word_1_534' title='bbox 833 4133 870 4194; x_wconf 91' lang='lat' dir='ltr'>de</span> <span class='ocrx_word' id='word_1_535' title='bbox 877 4131 1033 4211; x_wconf 89' lang='lat' dir='ltr'>discipulo,</span> <span class='ocrx_word' id='word_1_536' title='bbox 1043 4132 1118 4232; x_wconf 39' lang='lat' dir='ltr'>&#39;plns</span> <span class='ocrx_word' id='word_1_537' title='bbox 1131 4131 1165 4193; x_wconf 91' lang='lat' dir='ltr'>in</span> <span class='ocrx_word' id='word_1_538' title='bbox 1179 4131 1296 4194; x_wconf 89' lang='lat' dir='ltr'>deserto</span> <span class='ocrx_word' id='word_1_539' title='bbox 1308 4131 1390 4194; x_wconf 88' lang='lat' dir='ltr'>sonte</span> <span class='ocrx_word' id='word_1_540' title='bbox 1403 4132 1551 4206; x_wconf 77' lang='lat' dir='ltr'>Ecclesia,</span> <span class='ocrx_word' id='word_1_541' title='bbox 1563 4150 1654 4212; x_wconf 87' lang='lat' dir='ltr'>quatu</span> <span class='ocrx_word' id='word_1_542' title='bbox 1668 4133 1701 4198; x_wconf 87' lang='lat' dir='ltr'>in</span> <span class='ocrx_word' id='word_1_543' title='bbox 1714 4145 1819 4202; x_wconf 89' lang='lat' dir='ltr'>aurato</span> 
     </span>
     <span class='ocr_line' id='line_1_40' title="bbox 189 4227 1819 4324; baseline -0.008 -18"><span class='ocrx_word' id='word_1_544' title='bbox 189 4258 344 4324; x_wconf 82' lang='lat' dir='ltr'>synagoge</span> <span class='ocrx_word' id='word_1_545' title='bbox 357 4237 469 4317; x_wconf 90' lang='lat' dir='ltr'>templo</span> <span class='ocrx_word' id='word_1_546' title='bbox 483 4233 604 4314; x_wconf 86' lang='lat' dir='ltr'>reperit.</span> <span class='ocrx_word' id='word_1_547' title='bbox 618 4236 687 4296; x_wconf 81' lang='lat' dir='ltr'>Haec</span> <span class='ocrx_word' id='word_1_548' title='bbox 701 4249 719 4293; x_wconf 91' lang='lat' dir='ltr'>a</span> <span class='ocrx_word' id='word_1_549' title='bbox 732 4249 781 4293; x_wconf 93' lang='lat' dir='ltr'>me</span> <span class='ocrx_word' id='word_1_550' title='bbox 795 4231 955 4311; x_wconf 89' lang='lat' dir='ltr'>perstricta</span> <span class='ocrx_word' id='word_1_551' title='bbox 967 4237 1040 4292; x_wconf 91' lang='lat' dir='ltr'>suut</span> <span class='ocrx_word' id='word_1_552' title='bbox 1052 4229 1182 4292; x_wconf 89' lang='lat' dir='ltr'>breviter</span> <span class='ocrx_word' id='word_1_553' title='bbox 1194 4231 1309 4310; x_wconf 85' lang='lat' dir='ltr'>(neque</span> <span class='ocrx_word' id='word_1_554' title='bbox 1323 4229 1405 4292; x_wconf 91' lang='lat' dir='ltr'>euim</span> <span class='ocrx_word' id='word_1_555' title='bbox 1418 4227 1585 4308; x_wconf 86' lang='lat' dir='ltr'>epistolaris</span> <span class='ocrx_word' id='word_1_556' title='bbox 1599 4232 1739 4310; x_wconf 86' lang='lat' dir='ltr'>angustia</span> <span class='ocrx_word' id='word_1_557' title='bbox 1751 4250 1819 4302; x_wconf 85' lang='lat' dir='ltr'>eva-</span> 
     </span>
     <span class='ocr_line' id='line_1_41' title="bbox 188 4326 1817 4420; baseline -0.005 -17"><span class='ocrx_word' id='word_1_558' title='bbox 188 4339 251 4420; x_wconf 88' lang='lat' dir='ltr'>gari</span> <span class='ocrx_word' id='word_1_559' title='bbox 264 4338 384 4418; x_wconf 88' lang='lat' dir='ltr'>longius</span> <span class='ocrx_word' id='word_1_560' title='bbox 395 4333 588 4415; x_wconf 87' lang='lat' dir='ltr'>patiebatur),</span> <span class='ocrx_word' id='word_1_561' title='bbox 601 4337 636 4394; x_wconf 93' lang='lat' dir='ltr'>nt</span> <span class='ocrx_word' id='word_1_562' title='bbox 650 4329 837 4409; x_wconf 85' lang='lat' dir='ltr'>intelligeres</span> <span class='ocrx_word' id='word_1_563' title='bbox 849 4336 879 4392; x_wconf 90' lang='lat' dir='ltr'>te</span> <span class='ocrx_word' id='word_1_564' title='bbox 892 4329 924 4390; x_wconf 92' lang='lat' dir='ltr'>in</span> <span class='ocrx_word' id='word_1_565' title='bbox 939 4327 1101 4406; x_wconf 83' lang='lat' dir='ltr'>scripturis</span> <span class='ocrx_word' id='word_1_566' title='bbox 1123 4326 1213 4388; x_wconf 87' lang='lat' dir='ltr'>sacris</span> <span class='ocrx_word' id='word_1_567' title='bbox 1227 4327 1293 4388; x_wconf 88' lang='lat' dir='ltr'>sine</span> <span class='ocrx_word' id='word_1_568' title='bbox 1307 4326 1417 4406; x_wconf 76' lang='lat' dir='ltr'>praevio</span> <span class='ocrx_word' id='word_1_569' title='bbox 1432 4333 1462 4388; x_wconf 89' lang='lat' dir='ltr'>et</span> <span class='ocrx_word' id='word_1_570' title='bbox 1476 4335 1664 4390; x_wconf 86' lang='lat' dir='ltr'>monstrante</span> <span class='ocrx_word' id='word_1_571' title='bbox 1678 4331 1817 4396; x_wconf 86' lang='lat' dir='ltr'>semitam</span> 
     </span>
     <span class='ocr_line' id='line_1_42' title="bbox 189 4421 1816 4517; baseline -0.006 -16"><span class='ocrx_word' id='word_1_572' title='bbox 189 4455 249 4500; x_wconf 90' lang='lat' dir='ltr'>non</span> <span class='ocrx_word' id='word_1_573' title='bbox 262 4452 345 4517; x_wconf 85' lang='lat' dir='ltr'>posse</span> <span class='ocrx_word' id='word_1_574' title='bbox 359 4429 489 4512; x_wconf 89' lang='lat' dir='ltr'>ingredi.</span> <span class='ocrx_word' id='word_1_575' title='bbox 504 4433 597 4492; x_wconf 85' lang='lat' dir='ltr'>Taceo</span> <span class='ocrx_word' id='word_1_576' title='bbox 609 4426 645 4488; x_wconf 91' lang='lat' dir='ltr'>de</span> <span class='ocrx_word' id='word_1_577' title='bbox 658 4425 876 4506; x_wconf 84' lang='lat' dir='ltr'>grammaticis,</span> <span class='ocrx_word' id='word_1_578' title='bbox 890 4424 1075 4502; x_wconf 75' lang='lat' dir='ltr'>rhetoribuS,</span> <span class='ocrx_word' id='word_1_579' title='bbox 1090 4421 1289 4502; x_wconf 90' lang='lat' dir='ltr'>philosophis,</span> <span class='ocrx_word' id='word_1_580' title='bbox 1303 4423 1476 4502; x_wconf 76' lang='lat' dir='ltr'>generatus,</span> <span class='ocrx_word' id='word_1_581' title='bbox 1492 4423 1665 4502; x_wconf 85' lang='lat' dir='ltr'>dialecticis,</span> <span class='ocrx_word' id='word_1_582' title='bbox 1678 4427 1816 4505; x_wconf 86' lang='lat' dir='ltr'>musicis,</span> 
     </span>
     <span class='ocr_line' id='line_1_43' title="bbox 186 4520 1817 4610; baseline -0.006 -11"><span class='ocrx_word' id='word_1_583' title='bbox 186 4534 383 4609; x_wconf 90' lang='lat' dir='ltr'>astronomis,</span> <span class='ocrx_word' id='word_1_584' title='bbox 398 4527 572 4610; x_wconf 87' lang='lat' dir='ltr'>astrologis,</span> <span class='ocrx_word' id='word_1_585' title='bbox 587 4525 715 4590; x_wconf 89' lang='lat' dir='ltr'>modicis</span> <span class='ocrx_word' id='word_1_586' title='bbox 726 4572 737 4602; x_wconf 94' lang='lat'>,</span> <span class='ocrx_word' id='word_1_587' title='bbox 748 4540 880 4606; x_wconf 90' lang='lat' dir='ltr'>quorum</span> <span class='ocrx_word' id='word_1_588' title='bbox 895 4522 1021 4586; x_wconf 85' lang='lat' dir='ltr'>scientia</span> <span class='ocrx_word' id='word_1_589' title='bbox 1035 4520 1216 4583; x_wconf 86' lang='lat' dir='ltr'>mortalibus</span> <span class='ocrx_word' id='word_1_590' title='bbox 1231 4520 1280 4582; x_wconf 90' lang='lat' dir='ltr'>vel</span> <span class='ocrx_word' id='word_1_591' title='bbox 1294 4520 1461 4582; x_wconf 88' lang='lat' dir='ltr'>utilissima</span> <span class='ocrx_word' id='word_1_592' title='bbox 1473 4527 1539 4598; x_wconf 91' lang='lat' dir='ltr'>est,</span> <span class='ocrx_word' id='word_1_593' title='bbox 1553 4528 1584 4585; x_wconf 88' lang='lat' dir='ltr'>et</span> <span class='ocrx_word' id='word_1_594' title='bbox 1596 4521 1630 4584; x_wconf 91' lang='lat' dir='ltr'>in</span> <span class='ocrx_word' id='word_1_595' title='bbox 1644 4530 1705 4586; x_wconf 90' lang='lat' dir='ltr'>tres</span> <span class='ocrx_word' id='word_1_596' title='bbox 1718 4533 1817 4606; x_wconf 80' lang='lat' dir='ltr'>portes</span> 
     </span>
     <span class='ocr_line' id='line_1_44' title="bbox 186 4617 1817 4710; baseline -0.01 -12"><span class='ocrx_word' id='word_1_597' title='bbox 186 4633 354 4710; x_wconf 88' lang='lat' dir='ltr'>scinditur,</span> <span class='ocrx_word' id='word_1_598' title='bbox 371 4631 397 4682; x_wconf 65' lang='grc' dir='ltr'>τὸ</span> <span class='ocrx_word' id='word_1_599' title='bbox 418 4624 513 4700; x_wconf 58' lang='grc' dir='ltr'>δόγμα,</span> <span class='ocrx_word' id='word_1_600' title='bbox 533 4627 575 4680; x_wconf 59' lang='lat' dir='ltr'>tlt</span> <span class='ocrx_word' id='word_1_601' title='bbox 590 4620 699 4698; x_wconf 68' lang='lat' dir='ltr'>panda,</span> <span class='ocrx_word' id='word_1_602' title='bbox 715 4626 756 4681; x_wconf 63' lang='lat' dir='ltr'>tir</span> <span class='ocrx_word' id='word_1_603' title='bbox 775 4622 904 4693; x_wconf 59' lang='lat' dir='ltr'>speratae.</span> <span class='ocrx_word' id='word_1_604' title='bbox 923 4620 968 4684; x_wconf 84' lang='lat' dir='ltr'>Ad</span> <span class='ocrx_word' id='word_1_605' title='bbox 988 4619 1121 4682; x_wconf 91' lang='lat' dir='ltr'>minores</span> <span class='ocrx_word' id='word_1_606' title='bbox 1139 4625 1218 4682; x_wconf 90' lang='lat' dir='ltr'>artes</span> <span class='ocrx_word' id='word_1_607' title='bbox 1236 4617 1376 4697; x_wconf 87' lang='lat' dir='ltr'>veniam,</span> <span class='ocrx_word' id='word_1_608' title='bbox 1397 4625 1427 4680; x_wconf 92' lang='lat' dir='ltr'>et</span> <span class='ocrx_word' id='word_1_609' title='bbox 1444 4635 1511 4697; x_wconf 81' lang='lat' dir='ltr'>que</span> <span class='ocrx_word' id='word_1_610' title='bbox 1528 4636 1591 4684; x_wconf 90' lang='lat' dir='ltr'>non</span> <span class='ocrx_word' id='word_1_611' title='bbox 1610 4627 1674 4682; x_wconf 87' lang='lat' dir='ltr'>tarn</span> <span class='ocrx_word' id='word_1_612' title='bbox 1693 4620 1817 4703; x_wconf 85' lang='lat' dir='ltr'>lingna,</span> 
     </span>
     <span class='ocr_line' id='line_1_45' title="bbox 145 4715 1818 4812; baseline -0.007 -18"><span class='ocrx_word' id='word_1_613' title='bbox 145 4737 147 4742; x_wconf 86' lang='lat'>&#39;</span> <span class='ocrx_word' id='word_1_614' title='bbox 185 4748 277 4812; x_wconf 88' lang='lat' dir='ltr'>quam</span> <span class='ocrx_word' id='word_1_615' title='bbox 298 4746 394 4793; x_wconf 89' lang='lat' dir='ltr'>manu</span> <span class='ocrx_word' id='word_1_616' title='bbox 407 4725 671 4790; x_wconf 88' lang='lat' dir='ltr'>administrantur.</span> <span class='ocrx_word' id='word_1_617' title='bbox 685 4721 841 4802; x_wconf 79' lang='lat' dir='ltr'>Agricolae,</span> <span class='ocrx_word' id='word_1_618' title='bbox 859 4715 1063 4792; x_wconf 81' lang='lat' dir='ltr'>cementarii,</span> <span class='ocrx_word' id='word_1_619' title='bbox 1077 4715 1155 4778; x_wconf 87' lang='lat' dir='ltr'>labri</span> <span class='ocrx_word' id='word_1_620' title='bbox 1168 4715 1383 4794; x_wconf 89' lang='lat' dir='ltr'>metallorum,</span> <span class='ocrx_word' id='word_1_621' title='bbox 1396 4715 1609 4798; x_wconf 89' lang='lat' dir='ltr'>lignorumque</span> <span class='ocrx_word' id='word_1_622' title='bbox 1623 4734 1759 4796; x_wconf 80' lang='lat' dir='ltr'>cesores,</span> <span class='ocrx_word' id='word_1_623' title='bbox 1775 4717 1818 4784; x_wconf 91' lang='lat' dir='ltr'>la-</span> 
     </span>
     <span class='ocr_line' id='line_1_46' title="bbox 184 4811 1817 4908; baseline -0.007 -16"><span class='ocrx_word' id='word_1_624' title='bbox 184 4827 266 4892; x_wconf 89' lang='lat' dir='ltr'>narii</span> <span class='ocrx_word' id='word_1_625' title='bbox 280 4843 410 4908; x_wconf 85' lang='lat' dir='ltr'>quoque,</span> <span class='ocrx_word' id='word_1_626' title='bbox 423 4831 454 4886; x_wconf 90' lang='lat' dir='ltr'>et</span> <span class='ocrx_word' id='word_1_627' title='bbox 466 4818 606 4896; x_wconf 88' lang='lat' dir='ltr'>lullonas,</span> <span class='ocrx_word' id='word_1_628' title='bbox 623 4829 652 4881; x_wconf 89' lang='lat' dir='ltr'>et</span> <span class='ocrx_word' id='word_1_629' title='bbox 665 4819 763 4884; x_wconf 79' lang='lat' dir='ltr'>ceteri</span> <span class='ocrx_word' id='word_1_630' title='bbox 777 4818 830 4900; x_wconf 86' lang='lat' dir='ltr'>qui</span> <span class='ocrx_word' id='word_1_631' title='bbox 843 4815 959 4880; x_wconf 90' lang='lat' dir='ltr'>variam</span> <span class='ocrx_word' id='word_1_632' title='bbox 973 4811 1191 4894; x_wconf 89' lang='lat' dir='ltr'>supellectilem</span> <span class='ocrx_word' id='word_1_633' title='bbox 1205 4819 1236 4874; x_wconf 92' lang='lat' dir='ltr'>et</span> <span class='ocrx_word' id='word_1_634' title='bbox 1248 4811 1323 4873; x_wconf 87' lang='lat' dir='ltr'>vilia</span> <span class='ocrx_word' id='word_1_635' title='bbox 1335 4811 1477 4892; x_wconf 87' lang='lat' dir='ltr'>opuscula</span> <span class='ocrx_word' id='word_1_636' title='bbox 1490 4811 1691 4893; x_wconf 83' lang='lat' dir='ltr'>fabricantur,</span> <span class='ocrx_word' id='word_1_637' title='bbox 1705 4813 1817 4897; x_wconf 88' lang='lat' dir='ltr'>absque</span> 
     </span>
     <span class='ocr_line' id='line_1_47' title="bbox 183 4910 1817 5003; baseline -0.007 -14"><span class='ocrx_word' id='word_1_638' title='bbox 183 4928 302 4989; x_wconf 90' lang='lat' dir='ltr'>doctore</span> <span class='ocrx_word' id='word_1_639' title='bbox 316 4942 384 4987; x_wconf 87' lang='lat' dir='ltr'>esse</span> <span class='ocrx_word' id='word_1_640' title='bbox 399 4939 462 4986; x_wconf 90' lang='lat' dir='ltr'>nou</span> <span class='ocrx_word' id='word_1_641' title='bbox 476 4925 601 5000; x_wconf 89' lang='lat' dir='ltr'>possunt</span> <span class='ocrx_word' id='word_1_642' title='bbox 620 4918 698 4999; x_wconf 90' lang='lat' dir='ltr'>quod</span> <span class='ocrx_word' id='word_1_643' title='bbox 716 4917 855 5003; x_wconf 89' lang='lat' dir='ltr'>cupiunt.</span> <span class='ocrx_word' id='word_1_644' title='bbox 878 4913 962 4992; x_wconf 91' lang='lat' dir='ltr'>Quod</span> <span class='ocrx_word' id='word_1_645' title='bbox 983 4911 1171 4975; x_wconf 90' lang='lat' dir='ltr'>medicorum</span> <span class='ocrx_word' id='word_1_646' title='bbox 1192 4917 1254 4985; x_wconf 88' lang='lat' dir='ltr'>est,</span> <span class='ocrx_word' id='word_1_647' title='bbox 1275 4910 1458 4990; x_wconf 89' lang='lat' dir='ltr'>promittunt</span> <span class='ocrx_word' id='word_1_648' title='bbox 1474 4910 1602 4990; x_wconf 89' lang='lat' dir='ltr'>medici;</span> <span class='ocrx_word' id='word_1_649' title='bbox 1625 4919 1754 4974; x_wconf 90' lang='lat' dir='ltr'>tractant</span> <span class='ocrx_word' id='word_1_650' title='bbox 1774 4912 1817 4978; x_wconf 83' lang='lat' dir='ltr'>ta·</span> 
     </span>
     <span class='ocr_line' id='line_1_48' title="bbox 183 5005 1813 5096; baseline -0.009 -9"><span class='ocrx_word' id='word_1_651' title='bbox 183 5023 275 5087; x_wconf 92' lang='lat' dir='ltr'>brilia</span> <span class='ocrx_word' id='word_1_652' title='bbox 288 5021 365 5085; x_wconf 89' lang='lat' dir='ltr'>fabri</span> <span class='ocrx_word' id='word_1_653' title='bbox 382 5040 390 5082; x_wconf 91' lang='lat'>:</span> <span class='ocrx_word' id='word_1_654' title='bbox 405 5017 468 5084; x_wconf 90' lang='lat' dir='ltr'>sola</span> <span class='ocrx_word' id='word_1_655' title='bbox 483 5016 707 5096; x_wconf 82' lang='lat' dir='ltr'>scripturarum</span> <span class='ocrx_word' id='word_1_656' title='bbox 729 5033 778 5078; x_wconf 90' lang='lat' dir='ltr'>ars</span> <span class='ocrx_word' id='word_1_657' title='bbox 799 5019 859 5089; x_wconf 88' lang='lat' dir='ltr'>est,</span> <span class='ocrx_word' id='word_1_658' title='bbox 873 5028 965 5092; x_wconf 89' lang='lat' dir='ltr'>quam</span> <span class='ocrx_word' id='word_1_659' title='bbox 985 5007 1043 5072; x_wconf 90' lang='lat' dir='ltr'>sibi</span> <span class='ocrx_word' id='word_1_660' title='bbox 1064 5007 1178 5088; x_wconf 88' lang='lat' dir='ltr'>passim</span> <span class='ocrx_word' id='word_1_661' title='bbox 1198 5023 1303 5068; x_wconf 89' lang='lat' dir='ltr'>omues</span> <span class='ocrx_word' id='word_1_662' title='bbox 1324 5005 1492 5069; x_wconf 87' lang='lat' dir='ltr'>vindicant.</span> <span class='ocrx_word' id='word_1_663' title='bbox 1508 5006 1676 5070; x_wconf 86' lang='lat' dir='ltr'>Scribimus</span> <span class='ocrx_word' id='word_1_664' title='bbox 1699 5007 1813 5074; x_wconf 90' lang='lat' dir='ltr'>indocti</span> 
     </span>
     <span class='ocr_line' id='line_1_49' title="bbox 182 5102 1815 5204; baseline -0.012 -18"><span class='ocrx_word' id='word_1_665' title='bbox 182 5121 323 5204; x_wconf 89' lang='lat' dir='ltr'>doctique</span> <span class='ocrx_word' id='word_1_666' title='bbox 335 5125 472 5202; x_wconf 87' lang='lat' dir='ltr'>poemata</span> <span class='ocrx_word' id='word_1_667' title='bbox 484 5115 607 5196; x_wconf 90' lang='lat' dir='ltr'>passim.</span> <span class='ocrx_word' id='word_1_668' title='bbox 622 5115 707 5178; x_wconf 86' lang='lat' dir='ltr'>Hanc</span> <span class='ocrx_word' id='word_1_669' title='bbox 720 5109 841 5192; x_wconf 87' lang='lat' dir='ltr'>garrula</span> <span class='ocrx_word' id='word_1_670' title='bbox 858 5123 946 5185; x_wconf 91' lang='lat' dir='ltr'>anus,</span> <span class='ocrx_word' id='word_1_671' title='bbox 965 5107 1045 5170; x_wconf 89' lang='lat' dir='ltr'>banc</span> <span class='ocrx_word' id='word_1_672' title='bbox 1063 5104 1178 5168; x_wconf 91' lang='lat' dir='ltr'>delirus</span> <span class='ocrx_word' id='word_1_673' title='bbox 1196 5120 1306 5180; x_wconf 80' lang='lat' dir='ltr'>senex,</span> <span class='ocrx_word' id='word_1_674' title='bbox 1320 5103 1401 5166; x_wconf 83' lang='lat' dir='ltr'>bauo</span> <span class='ocrx_word' id='word_1_675' title='bbox 1414 5102 1549 5182; x_wconf 83' lang='lat' dir='ltr'>sophista</span> <span class='ocrx_word' id='word_1_676' title='bbox 1561 5102 1716 5184; x_wconf 81' lang='lat' dir='ltr'>verbosus,</span> <span class='ocrx_word' id='word_1_677' title='bbox 1735 5103 1815 5171; x_wconf 86' lang='lat' dir='ltr'>hanc</span> 
     </span>
     <span class='ocr_line' id='line_1_50' title="bbox 139 5197 1812 5298; baseline -0.012 -14"><span class='ocrx_word' id='word_1_678' title='bbox 139 5283 142 5290; x_wconf 82' lang='grc'><em>,</em></span> <span class='ocrx_word' id='word_1_679' title='bbox 181 5217 317 5284; x_wconf 88' lang='lat' dir='ltr'>universi</span> <span class='ocrx_word' id='word_1_680' title='bbox 329 5218 535 5298; x_wconf 84' lang='lat' dir='ltr'>praesumunt,</span> <span class='ocrx_word' id='word_1_681' title='bbox 551 5209 699 5286; x_wconf 88' lang='lat' dir='ltr'>lacerent,</span> <span class='ocrx_word' id='word_1_682' title='bbox 714 5207 820 5272; x_wconf 90' lang='lat' dir='ltr'>docent</span> <span class='ocrx_word' id='word_1_683' title='bbox 832 5212 996 5286; x_wconf 88' lang='lat' dir='ltr'>antequam</span> <span class='ocrx_word' id='word_1_684' title='bbox 1010 5202 1138 5266; x_wconf 87' lang='lat' dir='ltr'>discant.</span> <span class='ocrx_word' id='word_1_685' title='bbox 1156 5198 1234 5276; x_wconf 83' lang='lat' dir='ltr'>Alii,</span> <span class='ocrx_word' id='word_1_686' title='bbox 1250 5199 1378 5263; x_wconf 92' lang='lat' dir='ltr'>adducto</span> <span class='ocrx_word' id='word_1_687' title='bbox 1391 5197 1568 5283; x_wconf 88' lang='lat' dir='ltr'>supercilio,</span> <span class='ocrx_word' id='word_1_688' title='bbox 1582 5201 1708 5280; x_wconf 86' lang='lat' dir='ltr'>grandia</span> <span class='ocrx_word' id='word_1_689' title='bbox 1720 5200 1812 5264; x_wconf 87' lang='lat' dir='ltr'>verba</span> 
     </span>
     <span class='ocr_line' id='line_1_51' title="bbox 180 5295 1813 5388; baseline -0.012 -8"><span class='ocrx_word' id='word_1_690' title='bbox 180 5317 385 5388; x_wconf 89' lang='lat' dir='ltr'>trutinantes,</span> <span class='ocrx_word' id='word_1_691' title='bbox 405 5311 487 5374; x_wconf 90' lang='lat' dir='ltr'>inter</span> <span class='ocrx_word' id='word_1_692' title='bbox 507 5304 704 5371; x_wconf 86' lang='lat' dir='ltr'>mulierculas</span> <span class='ocrx_word' id='word_1_693' title='bbox 726 5304 762 5367; x_wconf 90' lang='lat' dir='ltr'>de</span> <span class='ocrx_word' id='word_1_694' title='bbox 785 5302 875 5367; x_wconf 91' lang='lat' dir='ltr'>sacris</span> <span class='ocrx_word' id='word_1_695' title='bbox 886 5301 997 5365; x_wconf 88' lang='lat' dir='ltr'>litteris</span> <span class='ocrx_word' id='word_1_696' title='bbox 1017 5297 1279 5382; x_wconf 89' lang='lat' dir='ltr'>philosophantur.</span> <span class='ocrx_word' id='word_1_697' title='bbox 1301 5297 1366 5360; x_wconf 85' lang='lat' dir='ltr'>Alii</span> <span class='ocrx_word' id='word_1_698' title='bbox 1384 5297 1506 5360; x_wconf 89' lang='lat' dir='ltr'>discunt</span> <span class='ocrx_word' id='word_1_699' title='bbox 1519 5297 1614 5379; x_wconf 90' lang='lat' dir='ltr'>(proh</span> <span class='ocrx_word' id='word_1_700' title='bbox 1632 5295 1769 5378; x_wconf 87' lang='lat' dir='ltr'>pudort)</span> <span class='ocrx_word' id='word_1_701' title='bbox 1794 5314 1813 5360; x_wconf 86' lang='lat' dir='ltr'>a</span> 
     </span>
    </p>
   </div>
   <div class='ocr_carea' id='block_1_4' title="bbox 181 5387 1764 5494">
    <p class='ocr_par' dir='ltr' id='par_1_4' title="bbox 181 5387 1764 5494">
     <span class='ocr_line' id='line_1_52' title="bbox 181 5387 1764 5494; baseline -0.02 -14"><span class='ocrx_word' id='word_1_702' title='bbox 181 5415 324 5493; x_wconf 81' lang='lat' dir='ltr'>leminis,</span> <span class='ocrx_word' id='word_1_703' title='bbox 337 5409 418 5494; x_wconf 88' lang='lat' dir='ltr'>quod</span> <span class='ocrx_word' id='word_1_704' title='bbox 430 5409 511 5473; x_wconf 89' lang='lat' dir='ltr'>viros</span> <span class='ocrx_word' id='word_1_705' title='bbox 528 5407 718 5491; x_wconf 60' lang='lat' dir='ltr'>decernat</span> <span class='ocrx_word' id='word_1_706' title='bbox 730 5426 769 5472; x_wconf 88' lang='lat' dir='ltr'>ne</span> <span class='ocrx_word' id='word_1_707' title='bbox 781 5424 890 5490; x_wconf 88' lang='lat' dir='ltr'>parum</span> <span class='ocrx_word' id='word_1_708' title='bbox 900 5405 958 5469; x_wconf 91' lang='lat' dir='ltr'>hoc</span> <span class='ocrx_word' id='word_1_709' title='bbox 968 5405 1026 5481; x_wconf 89' lang='lat' dir='ltr'>sit,</span> <span class='ocrx_word' id='word_1_710' title='bbox 1040 5397 1171 5485; x_wconf 86' lang='lat' dir='ltr'>quedem</span> <span class='ocrx_word' id='word_1_711' title='bbox 1191 5391 1336 5458; x_wconf 83' lang='lat' dir='ltr'>facilitate</span> <span class='ocrx_word' id='word_1_712' title='bbox 1355 5394 1536 5474; x_wconf 89' lang='lat' dir='ltr'>verborum,</span> <span class='ocrx_word' id='word_1_713' title='bbox 1552 5396 1648 5458; x_wconf 91' lang='lat' dir='ltr'>immo</span> <span class='ocrx_word' id='word_1_714' title='bbox 1661 5387 1764 5457; x_wconf 76' lang='lat' dir='ltr'>anda·</span> 
     </span>
    </p>
   </div>
   <div class='ocr_carea' id='block_1_5' title="bbox 0 0 2014 6026">
    <p class='ocr_par' dir='ltr' id='par_1_5' title="bbox 0 0 2014 6026">
     <span class='ocr_line' id='line_1_53' title="bbox 0 0 2014 6026; baseline 0 0"><span class='ocrx_word' id='word_1_715' title='bbox 0 0 2014 6026; x_wconf 95' lang='lat' dir='ltr'> </span> 
     </span>
    </p>
   </div>
  </div>
 </body>
</html>
