4182 6044
289 281 343 344 ret
791 277 1030 340 curuamine
1049 275 1412 353 marcomerem.

288 393 495 467 phantesmata
501 389 650 466 prestare,
663 389 827 460 etcorpora
836 385 960 460 fingere,
970 385 1081 462 quibus
1124 403 1179 462 per
1190 391 1296 462 usum,
1309 387 1364 446 sed
1376 402 1431 462 per
1441 381 1655 446 incantationes
1667 398 1843 460 magorum,
1856 383 1925 462 qni-
1955 393 2036 438 uus

289 476 446 536 exteriores
459 471 562 532 oculos
575 469 826 542 circumveniunt,
840 470 893 529 sed
907 471 993 529 ltosis
1006 469 1082 530 reri·
1124 469 1183 529 bus
1197 471 1298 546 utique
1307 469 1460 546 invocatus
1469 467 1590 528 daemon
1602 469 1713 540 aderat,
1726 467 1832 526 allecta
1840 483 1922 527 esse:
1937 457 1983 500 ω·

289 565 335 620 tas
347 559 536 619 mendacium
548 573 653 616 eorum
667 553 853 614 devoravit.»
1124 558 1154 612 et
1168 555 1192 612 sl
1206 559 1281 612 Deus
1293 553 1342 611 bic
1360 553 1537 627 utrobique,
1555 551 1665 610 scilicet
1676 557 1739 611 tam
1758 555 1843 628 apnd
1861 557 1923 613 ilo-

178 665 273 710 tama
324 649 431 704 Verum
440 643 538 704 verius
551 643 605 713 est,
619 641 703 716 quod
717 645 835 696 censent
848 641 876 698 S.
890 639 1081 712 augustinns,
1125 654 1192 708 sen,
1207 655 1301 714 ᾳιιιιιιι
1313 638 1395 710 apud
1410 653 1531 710 magos,
1551 637 1606 694 tuit
1619 637 1720 711 epiiex
1734 640 1922 714 draconum

172 728 194 770 ⁵·
203 729 277 773 aneu·
288 730 498 799 Theodoretus,
512 729 655 802 lyranus,
669 724 837 794 abulensis,
849 727 1017 797 Burgensis,
1029 726 1082 783 Ca·
1125 737 1197 794 ergo
1210 739 1311 780 secum
1326 721 1387 796 ipse
1399 719 1556 796 pugnavit,
1576 724 1605 777 et
1622 725 1683 777 tam
1696 723 1845 782 mendacii
1857 741 1923 782 ma-

182 790 266 903 ffi'
285 813 402 887 jetauus
421 817 450 870 et
471 811 536 882 alii,
558 826 644 868 seros
657 809 713 866 hos
730 823 888 880 magorum
907 807 997 866 luisse
1012 810 1081 865 dra-
1125 821 1250 878 gerum,
1269 821 1363 880 quam
1382 803 1509 862 veritatis
1528 803 1610 878 npnd
1628 805 1727 862 llosen
1743 806 1824 863 testis
1844 806 1920 866 tuit:

185 913 259 954 vetus
287 913 387 956 eones,
728 889 738 896 ‘
974 883 981 890 ’
1028 885 1047 892 ”
1125 893 1187 946 tam
1200 891 1279 946 enim
1292 889 1364 959 boc,
1384 904 1476 962 qnam
1491 887 1571 946 istud
1582 903 1638 962 per
1651 905 1728 962 opus
1745 898 1923 966 supernatu-

200 977 242 1017 ⁸⁸²¹
292 969 468 1038 'Probatur
485 985 590 1054 prime,
612 995 683 1036 uum
705 977 733 1034 S.
755 975 903 1050 Scriptura
921 991 1006 1048 reque
1025 975 1082 1032 bos
1124 974 1201 1044 rale,
1220 987 1334 1047 perque
1353 971 1483 1042 sigillum
1501 969 1559 1027 sibi
1578 973 1753 1046 proprium,
1776 979 1848 1050 puta
1863 992 1922 1052 per

288 1083 456 1138 magorum,
471 1071 559 1140 atque
573 1063 640 1122 illos
654 1061 776 1120 aaronis
790 1065 818 1116 et
828 1061 923 1130 ilosis,
938 1060 1081 1116 dracones
1124 1056 1318 1128 miraculum,
1332 1055 1499 1127 obsignavit
1510 1059 1539 1111 et
1553 1055 1750 1116 confirmavit.

288 1155 384 1209 vocat.
396 1151 526 1216 Sarnade,
540 1149 612 1225 quia
621 1147 711 1205 draeo
721 1143 843 1202 aaronis
852 1143 1004 1200 devoravit
1014 1143 1081 1200 dra·
1161 1141 1229 1198 Dico
1248 1155 1320 1212 ergo
1338 1140 1488 1196 daemones
1501 1139 1622 1201 aliunde
1635 1139 1691 1198 hos
1708 1141 1852 1200 maeones
1864 1145 1921 1202 ad·
1959 1151 2019 1208 aaa

288 1249 377 1292 cenes
391 1250 547 1306 magorum
570 1251 576 1288 :
600 1246 667 1304 quae
681 1246 751 1285 sane
766 1226 918 1285 devoratio
932 1243 1002 1284 vera
1015 1225 1079 1284 luit.
1124 1223 1254 1295 duxisse,
1269 1237 1379 1296 eosque
1392 1223 1482 1294 virgis
1496 1221 1595 1279 subito
1609 1227 1637 1279 et
1651 1217 1922 1300 imperceptibiliter
1933 1216 2033 1322 ⁹¹4⁰ss

286 1317 386 1390 Neque
398 1317 477 1374 euim
492 1316 523 1374 in
538 1315 645 1372 divinis
656 1314 701 1369 bis
711 1312 796 1369 iliosis
805 1311 947 1386 portentis
956 1311 1018 1368 ulla
1026 1311 1081 1367 luit
1123 1307 1296 1378 subductis,
1315 1323 1418 1367 samm
1434 1305 1503 1362 loco
1519 1305 1702 1364 substituisse
1724 1327 1732 1366 :
1754 1309 1794 1367 ita
1807 1316 1839 1369 ut
1851 1313 1921 1387 qui·
1933 1289 2021 1380 ”Q

286 1399 386 1460 illusio
400 1419 407 1458 :
422 1399 464 1457 sic
477 1399 557 1458 enirn
571 1398 653 1454 variis
668 1395 788 1470 spectris
800 1396 916 1452 lusisset
929 1393 1080 1468 AEgyptios
1123 1409 1253 1468 cumque
1272 1391 1335 1448 bac
1348 1390 1475 1459 videret,
1494 1390 1600 1460 magia
1618 1393 1646 1446 et
1658 1391 1772 1450 iraudis
1784 1393 1919 1468 ignarus,
1942 1398 2026 1444 aum

287 1489 396 1556 ltoses3
410 1485 530 1542 luerunt
547 1501 617 1554 ergo
635 1482 696 1538 vert
713 1481 871 1544 dracones,
887 1479 940 1552 qui
955 1497 973 1536 a
986 1479 1080 1550 magis
1122 1481 1240 1552 putaret
1253 1493 1358 1548 magos
1372 1491 1456 1550 teque
1470 1489 1505 1532 ae
1517 1478 1678 1545 Aaronem,
1691 1477 1791 1548 virgas
1804 1495 1872 1537 suas
1887 1481 1919 1537 in
1930 1459 2033 1570 22⁶2

287 1569 425 1643 producti
438 1587 457 1626 a
469 1563 729 1625 draconettaronis
742 1567 811 1620 sunt
822 1563 964 1619 devorati.
979 1563 1078 1633 Tertia,
1123 1567 1272 1635 serpentes
1291 1559 1468 1618 convertisse
1485 1561 1537 1615 :et
1554 1557 1610 1614 bac
1630 1559 1744 1617 ratione
1758 1560 1919 1637 Scriptura,
1937 1585 2027 1634 effi,

287 1654 360 1728 quia
376 1653 409 1710 iu
427 1653 511 1710 tertio
532 1653 617 1722 signo
635 1648 788 1722 ciniphum
807 1647 975 1702 deiecerunt
988 1647 1079 1718 magi,
1122 1663 1190 1722 quen
1201 1660 1284 1702 more
1298 1643 1381 1715 vulgi
1394 1641 1542 1716 loquitur,
1560 1641 1630 1699 dicit
1645 1645 1861 1716 magoslecisse
1878 1649 1918 1706 si-

287 1737 360 1812 quia
378 1753 440 1794 nou
456 1737 616 1809 potuerunt
634 1749 684 1790 cos
700 1731 879 1804 producere;
894 1745 965 1800 ergo
979 1729 1080 1802 priora
1121 1731 1229 1787 militer
1245 1744 1279 1786 ac
1291 1726 1399 1784 iecerat
1412 1731 1524 1798 Aaron3
1538 1723 1627 1782 simili
1645 1728 1725 1782 enim
1739 1729 1831 1786 modo
1845 1731 1918 1789 dicit

288 1820 350 1878 duo
364 1821 526 1892 signavere
546 1817 693 1886 iecerunt,
715 1813 829 1887 alioqui
849 1812 938 1870 etiam
958 1812 989 1868 in
1007 1813 1079 1886 ipsis
1122 1829 1187 1886 cap.
1202 1829 1246 1882 ιιι,
1261 1827 1336 1868 vers.
1351 1813 1381 1880 2,
1394 1809 1506 1866 rubum
1520 1809 1636 1880 arsisse,
1648 1811 1720 1884 qnia
1733 1813 1917 1872 intuentibus

287 1903 468 1962 deiecissent.
484 1905 597 1970 Quarto,
612 1901 636 1956 si
648 1915 708 1956 non
717 1895 909 1954 tuissentvcri
919 1901 1079 1968 serpentes,
1121 1895 1279 1954 ridebatur
1293 1893 1414 1965 ardere,
1433 1909 1503 1950 cum
1523 1908 1625 1951 revera
1642 1909 1704 1952 non
1725 1898 1853 1970 arderet;
1875 1901 1918 1957 sic

286 1991 378 2048 lloses
391 1987 545 2046 detexisset
559 1985 635 2042 hanc
649 1981 813 2052 fallaciam,
827 1979 926 2054 itaque
944 1996 995 2036 eos
1009 1995 1080 2037 con·
1122 1981 1245 2052 angelos
1268 1981 1309 2036 ait
1332 1977 1513 2048 comedisse,
1532 1976 1605 2052 quia
1624 1977 1802 2038 videbantur
1819 1997 1918 2040 come·

284 2069 419 2130 ludisset.
433 2071 562 2142 Denique
571 2066 744 2125 daemonhie
754 2080 874 2121 omnem
884 2079 970 2118 suam
979 2062 1040 2118 vim
1052 2067 1080 2118 et
1123 2065 1207 2135 dere,
1221 2079 1289 2121 eum
1303 2077 1405 2119 revera
1418 2077 1481 2119 non
1493 2063 1691 2121 comederent.

284 2153 460 2214 iudustriam
471 2153 613 2222 exseruit;
629 2167 700 2222 ergo
713 2165 799 2206 veros
810 2147 857 2204 bic
870 2145 1003 2202 exhibuit
1013 2146 1079 2202 drn·
1159 2151 1239 2208 idem
1252 2151 1319 2209 dico
1332 2151 1368 2206 de
1383 2150 1515 2206 secundo
1530 2154 1558 2206 et
1571 2149 1655 2209 tertio
1664 2151 1762 2226 signo,
1776 2153 1920 2213 nimirum

286 2253 391 2309 eones3
411 2237 566 2296 verebatur
587 2235 667 2290 euim
689 2249 744 2302 ne,
767 2231 792 2286 si
813 2229 897 2286 fictos
920 2227 1078 2296 exhiberet,
1123 2235 1161 2293 de
1174 2251 1253 2309 aqua
1264 2235 1294 2292 in
1310 2235 1484 2305 sanguinem
1498 2247 1593 2306 versa,
1607 2239 1636 2292 et
1649 2236 1686 2292 de
1700 2237 1780 2294 ranis
1793 2253 1811 2296 a
1822 2238 1919 2310 magis

285 2323 378 2380 lloses
386 2317 522 2379 fraudem
533 2319 688 2388 detegeret,
699 2331 809 2388 magna
818 2329 873 2371 sua
882 2316 911 2371 et
922 2329 1080 2386 magorum
1123 2319 1276 2394 productis
1291 2336 1299 2375 :
1313 2317 1448 2374 videlicet
1458 2318 1713 2390 tamsanguinem,
1728 2335 1820 2394 qnam
1830 2337 1919 2380 ranas

285 2403 450 2478 ignominia
461 2408 489 2462 et
501 2401 643 2460 ludibrio.
1123 2419 1184 2461 uon
1197 2401 1286 2460 luisse
1304 2419 1322 2459 a
1334 2402 1470 2460 daemone
1483 2402 1643 2475 preducta,
1662 2403 1715 2460 sed
1729 2403 1849 2463 aliunde
1862 2405 1920 2464 ad·

167 2501 275 2557 permees
322 2491 454 2560 Quaeres,
469 2485 624 2560 quomodo
644 2483 701 2541 bos
720 2483 864 2542 dracems
885 2480 1081 2556 produxerint
1122 2486 1222 2544 ductu.
1243 2486 1417 2544 Naturaliter
1434 2485 1514 2543 enim
1533 2501 1619 2544 verus
1636 2473 1756 2559 sanguis
1778 2473 1921 2546 haemi

171 2567 389 2679 ,mamm
1115 2563 1256 2644 'generari
1277 2573 1391 2643 potest,
1418 2585 1510 2644 quam
1533 2569 1725 2641 inanimali,
1749 2587 1802 2630 nec
1823 2573 1921 2644 aliter,

170 2687 275 2731 mg„
322 2657 476 2727 caietanus
488 2656 572 2729 putat
585 2653 734 2732 <daemones
746 2651 801 2708 bas
811 2649 908 2722 virgas
921 2667 1080 2722 magorum
1122 2653 1332 2730 quamsirtute
1346 2654 1469 2723 animae,
1489 2657 1518 2711 et
1534 2669 1588 2728 per
1607 2653 1737 2713 calorem
1753 2656 1920 2714 naturalem

187 2750 265 2794 enea
286 2755 341 2814 per
353 2755 400 2797 res
414 2737 528 2812 aliquas
542 2733 689 2794 naturales
702 2734 790 2793 nobis
804 2735 933 2806 ignotas,
952 2734 1006 2792 sed
1020 2735 1080 2792 elil·
1122 2740 1176 2815 qui
1196 2737 1287 2795 estin
1305 2735 1436 2794 animali.
1459 2739 1552 2796 ltoses
1569 2753 1640 2796 vere
1658 2739 1921 2812 supernaturaliter

186 2811 256 2928 ἢ
286 2823 466 2894 cecissimas,
487 2821 596 2878 sensim
610 2821 672 2892 jam
692 2825 759 2878 ante
777 2818 957 2892 disposuisse
971 2819 1010 2876 ad
1021 2819 1081 2876 for·
1123 2825 1172 2882 tlei
1186 2827 1292 2882 virtute
1306 2839 1417 2897 aquam
1432 2824 1462 2880 in
1477 2824 1652 2896 sauguinem
1665 2827 1768 2898 vertit,
1789 2831 1816 2885 et
1829 2843 1920 2886 ranas

181 2933 263 2990 epu.
286 2926 367 2968 mam
381 2909 544 2967 draconum
550 2927 559 2980 3
572 2905 613 2964 ita
626 2909 673 2977 ut,
688 2922 756 2963 cum
774 2904 854 2976 magi
867 2903 967 2976 virgas
980 2905 1012 2962 in
1025 2908 1080 2962 ter·
1122 2910 1221 2968 subito
1240 2925 1276 2966 ex
1293 2907 1379 2982 aquis
1397 2908 1549 2979 produxit.
1571 2911 1640 2966 ltine
1659 2907 1770 2967 ilebraei
1788 2911 1818 2968 bi
1837 2912 1920 2984 magi

169 3006 210 3039 ¹¹⁰⁸
236 3007 274 3068 μ’
285 3012 350 3054 ram
363 2995 555 3069 projicerent,
570 2992 628 3051 itlae
639 2993 702 3063 jam
716 2991 851 3048 ultimam
865 2989 1008 3048 baberent
1022 2991 1081 3048 dis·
1121 2998 1266 3052 vocantur
1283 2993 1487 3064 meccssepbim,
1500 2991 1532 3049 id
1546 2999 1589 3049 est
1602 2995 1842 3067 praestigiatores,
1855 3011 1920 3054 nou

178 3064 265 3166 212¹ss
286 3081 464 3156 positionem
484 3079 523 3136 nd
536 3077 664 3135 termam
679 3073 858 3145 draconuui,
874 3091 941 3147 qnae
954 3075 1080 3148 proinde
1121 3079 1225 3154 quood
1233 3094 1297 3136 rem
1306 3077 1495 3150 productam,
1508 3075 1555 3133 vel
1569 3076 1667 3149 potius
1679 3079 1850 3151 adductam,
1863 3081 1918 3138 sed

206 3179 242 3224 us.
286 3167 356 3222 tunc
367 3162 464 3220 statim
479 3159 516 3218 sit
527 3159 648 3219 inducta
656 3158 853 3234 productique
867 3159 926 3215 siut
940 3159 1001 3216 veri
1015 3159 1082 3218 dra-
1122 3159 1358 3238 quoadmodum
1368 3157 1796 3232 operandividebauturenim
1803 3163 1917 3236 virgam

286 3265 385 3310 eones.
1122 3246 1153 3303 in
1167 3247 1325 3304 draconem
1338 3249 1517 3315 convertere,
1531 3260 1600 3301 cum
1611 3245 1709 3318 reipsa
1720 3262 1782 3305 non
1796 3263 1917 3306 conver-

182 3337 274 3386 aetetu·
321 3335 429 3392 Verum
441 3332 500 3390 hcc
512 3346 620 3406 parum
629 3333 672 3386 est
681 3325 848 3402 probabile,
862 3331 924 3384 tum
934 3325 1006 3400 quia
1015 3325 1082 3384 dra·
1122 3333 1230 3400 terent,
1250 3329 1302 3384 sed
1316 3329 1476 3386 draconem
1490 3327 1610 3385 aliunde
1623 3329 1816 3401 adducerent,
1834 3331 1917 3390 etla-

168 3405 213 3447 ’ω’
287 3433 376 3475 eones
393 3433 462 3474 cum
480 3416 538 3472 siut
555 3411 696 3470 animatia
714 3411 856 3482 perlecta,
875 3425 937 3466 non
957 3414 1082 3482 possunt
1122 3417 1215 3471 tenter
1228 3428 1283 3486 pro
1297 3411 1381 3484 virga
1394 3409 1614 3470 substituerent.

288 3503 394 3559 nisiex
408 3499 519 3556 semiue
530 3495 659 3572 parentis
674 3495 765 3567 (quod
780 3493 828 3550 bic
840 3509 902 3550 non
916 3491 979 3566 luit)
994 3511 1081 3566 genc—
1159 3499 1293 3568 Quaeres,
1311 3511 1365 3554 eur
1386 3495 1521 3570 permisit
1541 3499 1616 3554 Deus
1635 3511 1738 3570 magos
1756 3497 1820 3556 bec
1841 3499 1917 3558 mira
1929 3526 1970 3571 s..
1988 3537 2041 3570 ea-
2087 3527 2089 3578 ι

287 3584 360 3654 rari;
381 3588 445 3639 tum
463 3581 534 3653 quia
550 3579 736 3656 nullacausa
755 3575 896 3633 naturalis
914 3581 1082 3650 potestvir-
1122 3581 1256 3640 efficeret
1929 3599 1958 3632 a
2008 3586 2038 3630 ιι

287 3683 356 3740 gam
369 3665 538 3720 immediate
558 3661 590 3716 in
610 3661 769 3716 draconem
790 3665 958 3717 convertere
983 3679 992 3718 ι
1016 3662 1081 3719 lon-
1158 3665 1333 3738 Respondes
1346 3668 1449 3737 primm
1467 3669 1499 3722 ut
1518 3667 1684 3726 ostenderet
1701 3669 1846 3742 quantum
1866 3683 1916 3726 ars
1956 3661 2011 3706 Ψ*

287 3749 406 3821 gissime
424 3747 503 3802 enirn
521 3745 630 3801 distant
647 3741 730 3813 virga
747 3747 775 3799 et
794 3743 885 3800 draco
895 3762 904 3814 ;
926 3744 979 3800 scd
998 3745 1081 3819 prius
1123 3751 1238 3820 magica
1251 3750 1361 3822 possit,
1380 3763 1531 3821 quumque
1545 3751 1680 3808 sensibus
1692 3751 1847 3810 bominum
1861 3752 1918 3809 im·
1933 3711 2032 3828 effla

287 3833 378 3904 virgae
393 3827 555 3902 corrumpi,
568 3831 595 3884 et
609 3825 640 3882 in
655 3825 727 3882 alias
742 3825 873 3897 aliasque
891 3841 953 3895 res,
967 3842 1001 3882 ac
1016 3832 1081 3886 tan·
1122 3838 1224 3907 ponat.
1237 3833 1366 3898 Secundo,
1379 3837 1412 3888 ut
1425 3832 1456 3888 in
1469 3831 1547 3889 hisce
1559 3833 1640 3892 miris
1655 3836 1734 3906 magi
1745 3851 1917 3909 superaren-
1944 3845 2020 3904 reses

288 3918 358 3974 dem
369 3915 399 3972 in
412 3913 554 3970 dracones
567 3909 697 3968 conuerti
711 3909 829 3966 debent.
848 3908 898 3966 ilic
909 3913 1008 3966 autem
1022 3913 1082 3968 vir·
1123 3919 1171 3973 tur
1185 3919 1306 3986 aiiose,
1320 3931 1374 3972 nec
1387 3931 1492 3986 magus
1504 3921 1656 3988 putaretur
1667 3933 1730 3974 esse
1741 3919 1848 3990 ltoses,
1862 3919 1917 3976 sed
1930 3892 2037 3998 ffise

288 4014 412 4072 goeeum
425 3995 505 4067 magi
518 4011 567 4052 eas
580 3993 771 4068 projicerent,
796 3995 878 4049 erant
892 3993 1079 4066 verterirgar,
1123 3999 1222 4074 potius
1244 4003 1399 4072 appareret
1420 4015 1577 4072 magorum
1599 4001 1800 4074 antagonistae,
1823 4001 1918 4060 victor

288 4099 323 4140 ae
336 4081 433 4138 statim
446 4096 501 4155 pro
514 4077 604 4150 virgis
618 4081 819 4150 apparuerunt
830 4075 972 4134 dracones
988 4095 995 4132 :
1010 4095 1080 4150 ergo
1123 4086 1152 4138 et
1172 4082 1315 4152 domitor,
1337 4098 1372 4138 ac
1395 4089 1608 4155 consequenter
1625 4099 1712 4141 verns
1730 4101 1916 4160 magnusque

288 4181 351 4222 uon
363 4167 524 4238 potuerunt
538 4161 580 4219 illi
597 4165 657 4216 tam
669 4159 725 4216 cito
737 4163 766 4216 et
779 4159 946 4216 immediate
959 4177 995 4216 ex
1009 4178 1081 4218 cou-
1123 4165 1223 4236 magni
1242 4165 1290 4221 Dei
1308 4179 1409 4220 servus
1424 4169 1451 4222 et
1466 4167 1626 4240 Propheta:
1644 4169 1723 4225 itas.
1744 4170 1916 4242 Chrysosto·

288 4249 422 4306 versione
442 4247 593 4317 virgarum
610 4241 686 4298 ellici
707 4260 715 4298 :
736 4243 811 4298 iuter
823 4241 933 4298 formas
946 4245 1026 4300 enim
1038 4249 1082 4303 est
1124 4263 1201 4318 mus,
1215 4248 1297 4304 hom.
1311 4249 1347 4303 ta
1361 4252 1390 4303 ia
1404 4248 1477 4304 Acta
1489 4249 1689 4320 Apostolorum.
1708 4253 1811 4323 Tertio,
1825 4258 1858 4309 ut
1869 4267 1915 4310 os-

288 4333 364 4392 ordo
378 4331 500 4406 quidam
514 4325 671 4395 naturalis,
690 4325 743 4398 qui
762 4341 815 4386 nec
830 4343 848 4383 a
862 4327 1011 4399 demone,
1027 4345 1082 4387 nec
1123 4331 1255 4388 tenderet
1267 4331 1375 4404 impios
1389 4331 1460 4404 piis,
1476 4333 1752 4407 pseudoprophetas
1765 4336 1916 4410 prophetis

288 4415 328 4473 ab
340 4414 456 4486 angelo,
472 4410 624 4468 sedasolo
635 4411 691 4465 Deo
703 4411 852 4467 immutari
861 4417 966 4484 potest.
981 4413 1080 4484 Tertio,
1123 4427 1239 4486 semper
1251 4411 1400 4470 adversari
1414 4418 1442 4471 ct
1456 4415 1601 4474 obluctari
1617 4436 1623 4474 :
1639 4417 1681 4475 ita
1692 4419 1822 4476 Michaeli
1837 4419 1916 4476 resti-

289 4497 361 4572 quia
373 4499 516 4554 dracones
529 4491 560 4550 hi
577 4509 637 4550 non
653 4497 734 4550 erant
748 4495 839 4550 teneri
861 4497 888 4551 et
907 4495 1008 4568 parvi,
1029 4495 1082 4553 sed
1124 4497 1156 4554 tit
1175 4495 1304 4567 Lucifer,
1325 4497 1417 4554 Abelo
1439 4499 1526 4570 Cain,
1545 4503 1644 4559 isaaco
1663 4504 1785 4575 ismael,
1806 4503 1916 4562 tacebo

288 4582 405 4652 magni,
422 4577 542 4653 perfecti
562 4583 590 4634 et
608 4576 690 4646 longi
708 4578 799 4633 instar
813 4577 963 4648 virgarum
979 4597 985 4635 :
1000 4587 1083 4636 erant
1123 4585 1212 4652 Esau,
1229 4581 1355 4655 losepho
1369 4582 1487 4653 fratres,
1501 4587 1571 4642 liosi
1588 4587 1698 4643 llatban
1713 4587 1915 4658 aethneas

289 4666 368 4722 enim
383 4661 512 4736 aequales
529 4661 633 4732 virgis;
653 4662 765 4734 alioqui
786 4678 848 4718 uon
867 4661 991 4720 luissent
1011 4665 1082 4722 visae
1124 4669 1206 4723 Petro
1219 4666 1319 4722 Simon
1333 4667 1446 4738 ringus,
1459 4669 1549 4725 Paulo
1564 4671 1670 4741 tudaet,
1682 4672 1828 4744 apostolis
1849 4669 1916 4744 pbi-

288 4748 378 4820 rirgne
394 4745 502 4802 mutari
515 4745 544 4802 in
559 4747 712 4802 dracones
1122 4749 1255 4823 losophi‚
1274 4750 1352 4822 magi
1372 4757 1399 4805 et
1413 4751 1549 4807 haeretiei.
1566 4753 1683 4820 Quarto,
1703 4758 1736 4810 ut
1753 4755 1919 4814 ostenderet

190 4845 252 4905 nep.
323 4829 1082 4902 Secundo,CalriunsccnsetDeumvirgasmagorum
1124 4835 1291 4890 daemonem
1314 4851 1376 4889 esse
1397 4835 1487 4890 veluti
1510 4836 1626 4892 simiam
1650 4838 1716 4907 θείς
1742 4837 1919 4896 sicutenim

170 4910 269 5014 (ltffi
288 4919 416 4974 mutasse
430 4917 460 4971 in
475 4919 636 4988 serpentes,
658 4931 708 4970 eos
723 4914 830 4969 seilicet
845 4916 986 4984 creando,
1004 4931 1081 4989 quos
1124 4921 1208 4989 Deus,
1223 4917 1264 4973 sic
1278 4921 1306 4973 et
1321 4919 1438 4974 demon
1453 4918 1500 4974 Dei
1513 4921 1637 4976 cernulus
1649 4921 1712 4978 vult
1724 4921 1834 4979 habere
1847 4935 1920 4980 suos

154 5077 157 5082 Ι
182 4999 368 5084 '1‚,.„„’ntagi
388 5017 443 5074 pro
463 4999 553 5072 virgis
575 5003 775 5072 supponerent
797 5015 805 5053 :
828 4999 917 5052 licum
937 4998 1081 5056 autemid
1122 5001 1298 5076 prophetas,
1314 5019 1368 5056 sua
1381 5000 1507 5074 templa,
1522 5019 1576 5059 sua
1591 5003 1747 5076 sacrificia,
1761 5021 1816 5062 sua
1830 5006 1920 5064 mira·

170 5091 270 5138 dracone·
288 5085 389 5140 iecisse
404 5086 483 5155 justa
503 5083 649 5152 uindicta,
672 5084 704 5136 ut
723 5081 831 5137 scilicet
852 5081 1033 5138 Pharaonem
1053 5087 1081 5142 et
1123 5085 1209 5156 cula,
1233 5101 1303 5142 suos
1327 5086 1498 5158 Religicses.
1524 5087 1641 5154 Quinto,
1668 5088 1707 5144 ad
1729 5087 1921 5161 probandam

187 5166 259 5208 ’ΜΨ
289 5169 457 5242 AEgyptios,
479 5167 587 5240 impios
602 5165 810 5223 etincrerlulcs
823 5165 976 5223 rrrrndaeio
991 5167 1081 5223 irreti-
1124 5169 1215 5226 tidem
1235 5173 1264 5225 et
1277 5171 1471 5226 coustantium
1486 5171 1572 5227 Masis
1586 5176 1614 5229 et
1627 5171 1831 5244 Hebraeorum,
1846 5187 1922 5230 uum

171 5225 277 5322 mm
289 5255 332 5309 rct
346 5258 373 5308 et
387 5251 557 5309 obduraret.
580 5249 636 5306 Sed
658 5263 751 5320 apage
773 5247 963 5321 lrlasphemire
984 5267 1083 5307 mons·
1126 5269 1180 5328 per
1192 5251 1254 5310 hmo
1268 5269 1423 5324 magorum
1438 5255 1522 5326 signa
1535 5255 1565 5310 in
1578 5255 1638 5312 veri
1654 5255 1703 5312 Dei
1722 5257 1820 5327 cultu,
1841 5257 1922 5327 ejus-

288 5337 381 5396 trum!
392 5335 538 5408 Scriptura
548 5334 625 5390 enim
636 5350 711 5388 vers.
724 5336 767 5400 ll,
784 5333 889 5390 diserte
901 5335 939 5388 ait
949 5335 1010 5390 limo
1022 5351 1081 5394 nen
1126 5353 1183 5410 que
1196 5339 1349 5412 promissis
1365 5337 1419 5395 sibi
1433 5338 1514 5396 iactis
1529 5339 1688 5398 titubarent
1700 5345 1728 5400 et
1740 5341 1923 5404 dubitarent.

1765 5447 1909 5502 ’.ίι
