4042 6032
248 265 371 326 ΰιιιιιιιιι

249 371 380 431 mahar
403 373 570 442 inducitur,
594 371 644 429 vel
663 372 702 430 ab
725 373 790 447 ipsa
809 375 930 445 natura3
944 389 1040 447 quan·
1118 372 1215 431 Placet
1227 373 1275 432 hic
1289 375 1523 446 animadvertere
1536 371 1620 448 quod
1633 372 1659 444 t§
1672 371 1720 446 75)
1735 369 1875 440 indicavi,

251 455 352 532 doque
370 456 459 516 etiam
471 460 533 514 arte
547 455 742 522 medicorum,
759 459 792 512 ut
804 455 1042 532 modo‘comper·
1084 457 1227 532 quodque
1240 473 1302 514 non
1314 473 1422 532 parum
1435 457 1467 512 in
1487 472 1550 514 rem
1564 459 1695 512 nostram
1708 453 1781 512 mihi
1794 453 1876 510 vide·

250 542 314 596 tum
325 543 377 598 eti·
584 555 587 562 '
905 595 906 600 ,
1083 545 1131 600 tur
1147 541 1257 600 habere
1276 541 1427 598 momenti.
1448 541 1549 614 Capite
1566 557 1587 597 rr
1602 541 1709 598 deneas
1722 538 1829 595 iterum
1843 537 1877 609 (a

285 623 365 694 Adae,
378 625 476 682 statim
489 623 563 682 acin
575 623 1041 700 paradisopcsitusest,proecep·
1083 643 1160 684 vers.
1175 625 1205 700 ι)
1227 627 1264 684 de
1284 627 1381 700 prima
1401 641 1502 682 rerum
1521 623 1674 682 molitione
1693 637 1790 684 sermo
1810 627 1874 678 est:

250 710 313 764 turn
327 707 402 765 Deus
416 707 506 778 dedit,
521 723 582 782 quo
596 708 682 765 illum
702 708 869 782 prohibuit,
880 711 1041 782 quominus
1083 725 1188 767 verum
1208 710 1265 767 hoc
1284 711 1377 782 capite
1399 709 1448 765 vix
1465 723 1556 782 opera
1576 707 1651 766 tertii
1667 711 1719 764 aut
1730 706 1804 762 sexti
1818 705 1876 763 diei

250 794 333 848 certa
356 791 511 862 cujrrsdam
539 791 655 851 arboris
680 791 791 849 nucius
818 797 963 865 gustaret,
982 797 1042 852 ilco
1083 798 1299 852 memorentur:
1321 799 1349 852 ct
1368 810 1464 868 pauca
1483 793 1536 850 illa
1555 809 1622 868 quae
1636 791 1673 850 de
1687 797 1813 865 utroque
1827 791 1876 848 die

250 875 423 933 mandatum
435 875 493 933 soli
506 875 575 934 lde
583 876 695 934 editum
705 874 804 944 fuisse,
816 882 976 951 antequam
983 878 1041 936 ior·
1084 877 1130 933 hic
1144 878 1337 949 adjiciuntur,
1358 895 1424 936 eccc
1437 878 1491 934 tibi
1507 880 1606 934 statim
1619 883 1793 947 argumenta
1806 891 1876 949 sup-

250 961 329 1014 mata
350 961 427 1016 esset
442 958 562 1030 mulier,
582 959 728 1034 Scriptura
751 959 881 1018 indicare
903 963 1040 1031 videtur3
1084 961 1214 1034 peditent
1224 967 1325 1018 contra
1333 962 1486 1032 vulgarem
1496 961 1681 1031 sententiam,
1695 975 1729 1016 ac
1742 965 1875 1032 receptos

250 1041 356 1100 dicitur
377 1041 457 1100 enim
467 1058 533 1117 cap.
549 1058 581 1113 ιι,
596 1046 630 1100 16
645 1062 653 1100 ι
671 1043 833 1118 «Praecepit
845 1046 873 1104 ci
890 1045 1042 1102 :exomni
1084 1044 1151 1100 illos
1165 1046 1267 1116 viginti
1281 1051 1409 1120 quatuor
1425 1046 1567 1104 horarum
1582 1045 1645 1102 dies
1660 1044 1690 1117 (ᾖ
1702 1043 1760 1115 st).
1775 1047 1875 1100 Nonne

249 1123 331 1196 ligno
343 1125 474 1201 paradisi
487 1127 626 1185 comede:
638 1147 652 1180 o
663 1127 748 1201 quod
760 1127 903 1200 singulari
915 1142 1040 1186 numero
1084 1128 1172 1201 igitur
1191 1129 1391 1199 argumentari
1405 1130 1494 1186 nobis
1506 1130 1622 1199 licebit,
1638 1130 1721 1203 quod
1737 1128 1824 1186 etiam
1838 1127 1875 1184 de

251 1209 436 1282 dictumest,
456 1215 486 1268 et
506 1215 667 1284 antequam
689 1213 774 1268 Herae
796 1216 878 1270 ortus
896 1217 1040 1268 narretur.
1084 1212 1193 1271 cenas
1208 1213 1314 1271 diebus
1329 1215 1409 1272 idem
1422 1213 1560 1284 eveniret,
1574 1213 1608 1282 si,
1621 1211 1876 1286 quamadmodum

250 1296 364 1354 Puuvit
386 1297 564 1369 Augustinus
589 1297 624 1370 (t)
647 1297 711 1368 jam
732 1295 839 1354 iactam
863 1297 1042 1367 mulierem,
1086 1295 1123 1354 de
1142 1297 1366 1368 domestecis,
1391 1299 1432 1356 ita
1451 1299 1488 1355 de
1507 1312 1692 1371 unoquoque
1705 1301 1876 1352 caeterorum

249 1395 345 1455 quum
356 1383 431 1440 licus
443 1381 541 1453 legem
552 1381 630 1440 hanc
644 1380 776 1438 sancivit.
791 1383 834 1438 En
848 1382 913 1453 ejus
924 1382 1018 1440 verba
1032 1399 1040 1437 ε
1085 1396 1168 1437 sacer
1186 1382 1311 1454 scriptor
1329 1381 1420 1456 paulo
1433 1380 1528 1439 fusius
1539 1381 1642 1454 aliquo
1658 1382 1690 1436 in
1707 1380 1774 1436 loco
1788 1377 1876 1435 disse·

253 1463 311 1524 «ab
319 1465 401 1524 omni
409 1465 491 1536 ligno
500 1465 584 1540 quod
595 1468 639 1522 est
651 1465 683 1522 in
695 1465 836 1538 paradiso
847 1481 944 1542 escam
954 1465 1041 1536 edes3
1083 1464 1183 1520 rercti

250 1563 312 1608 non
325 1549 416 1608 dixit:
430 1549 531 1607 edetis.
546 1550 656 1606 Deinde
669 1549 823 1621 adjungit:
837 1551 877 1608 lte
890 1549 973 1622 ligno
987 1563 1042 1606 au·
1119 1547 1191 1604 Cum
1208 1547 1305 1622 primo
1323 1547 1417 1622 capite
1438 1546 1502 1608 dies
1522 1551 1604 1604 sexta
1618 1546 1805 1605 concluditur
1817 1545 1877 1602 iilis

250 1636 310 1691 tem
323 1633 520 1707 cognoscendi
532 1633 648 1690 bonurn
661 1637 691 1689 et
701 1627 825 1704 rna'lurn,
838 1647 900 1691 non
914 1631 1041 1690 mandu-
1084 1629 1196 1688 verbis:
1214 1631 1376 1705 «viditque
1396 1633 1472 1690 Deus
1489 1635 1594 1688 cuncta
1616 1646 1684 1705 qua
1706 1629 1827 1699 iecerat,
1849 1633 1879 1686 et

252 1716 354 1777 cubitis
368 1719 406 1777 da
418 1717 482 1776 illo.
500 1721 565 1775 iam
583 1717 630 1775 hic
643 1721 785 1790 tanquam
804 1717 844 1774 ad
857 1716 963 1774 ambos
975 1715 1042 1791 plu·
1084 1720 1168 1774 erant
1179 1716 1266 1773 ualde
1277 1715 1368 1773 hona.
1385 1718 1417 1774 at
1430 1715 1540 1773 tectum
1552 1720 1725 1788 estvcspere
1740 1718 1877 1783 etmaue,

251 1801 540 1878 raliterpraeceptum
552 1800 806 1870 terminat,dicens
818 1818 825 1855 ι
839 1801 902 1869 Qua
913 1800 960 1857 die
971 1799 1042 1858 eda·
1085 1799 1147 1857 dies
1159 1804 1295 1857 sextus.»
1315 1799 1392 1857 Audi
1411 1799 1443 1856 in
1455 1800 1519 1856 hac
1535 1797 1725 1856 daereutm
1742 1796 1879 1869 augusti-

251 1887 313 1945 ritis
325 1885 364 1946 ab
378 1902 425 1956 eo,
439 1890 533 1944 morte
552 1883 731 1944 moriemini.
746 1904 760 1938 ι
777 1885 848 1954 Qua
861 1885 978 1941 numeri
991 1899 1042 1939 ve·
1083 1897 1156 1942 num
1171 1883 1207 1957 (6)
1218 1901 1226 1939 :
1239 1903 1253 1936 c
1268 1885 1364 1952 Quum
1378 1883 1416 1940 de
1430 1882 1553 1956 anguis
1566 1886 1677 1956 ageret,
1686 1880 1803 1938 dicebat
1815 1884 1878 1938 tau-

250 1970 337 2030 rietas
349 1969 382 2030 in
393 1970 495 2042 graecis
508 1969 661 2026 codicibus
675 1967 810 2039 occurrit,
823 1982 892 2025 cum
905 1967 1042 2026 hebraice
1084 1970 1164 2024 tum:
1182 1966 1260 2024 Vidit
1279 1970 1356 2025 Deus
1374 1967 1445 2042 quia
1461 1967 1578 2026 bonurn
1590 1971 1634 2024 est
1641 1986 1651 2040 ς
1669 1981 1765 2041 quum
1777 1970 1878 2023 autem

251 2058 281 2114 et
300 2069 391 2130 penes
411 2051 621 2127 Symmachum
640 2051 799 2126 utrobique
819 2051 856 2108 sit
873 2051 1040 2126 singularis.
1084 2051 1122 2109 de
1143 2051 1282 2118 omnihus
1302 2052 1463 2124 diceretur,
1482 2067 1590 2126 parum
1608 2049 1664 2109 tuit
1683 2049 1780 2109 dicere
1794 2052 1884 2117 hono,-

251 2139 304 2198 Uni
315 2137 385 2198 ede
396 2141 575 2211 preceptum
582 2135 1043 2211 indicereordinatissimepctuit
1084 2135 1141 2191 nisi
1160 2135 1319 2194 adderetur
1340 2139 1368 2192 ct
1385 2136 1530 2196 calciati
1552 2136 1633 2194 enim
1649 2135 1767 2207 angula
1786 2150 1879 2211 opera

251 2226 337 2296 Deus,
349 2224 384 2281 ut
394 2238 447 2299 per
460 2223 558 2279 virum
569 2220 609 2278 ad
621 2221 774 2278 ioeminam
782 2219 858 2276 illud
866 2221 1041 2294 perveniret,
1083 2219 1148 2288 Dei,
1167 2233 1263 2294 quum
1281 2219 1506 2280 considerantur
1527 2237 1546 2278 a
1563 2219 1777 2296 prudentibus,
1797 2219 1878 2276 inve-

250 2307 506 2386 quemadmodum
517 2304 646 2364 sentiunt
652 2304 877 2380 chrysostomus
888 2305 924 2378 (t)
935 2309 965 2362 et
975 2310 1042 2361 arn·
1084 2304 1206 2360 niuntur
1219 2303 1329 2362 babere
1346 2303 1513 2364 laudabiles
1527 2319 1682 2364 mensuras
1695 2307 1724 2362 et
1736 2319 1878 2362 numeros

159 2470 164 2476 ο
250 2391 369 2452 brosius
382 2391 430 2467 (3).
1084 2392 1113 2444 et
1135 2386 1270 2459 ordines,
1293 2388 1326 2445 in
1346 2403 1403 2446 suc
1423 2403 1553 2464 quaque
1572 2403 1678 2462 genere
1701 2387 1877 2460 constituta,

284 2475 380 2536 Nimia
400 2474 551 2535 enimvero
571 2473 710 2532 videntur
730 2473 804 2531 sexti
818 2472 878 2533 diei
891 2487 983 2548 opera
991 2473 1042 2545 ,si
1085 2477 1197 2548 quanto
1211 2471 1306 2546 magis
1318 2471 1421 2532 omnia
1432 2472 1538 2544 simul,
1551 2472 1584 2530 id
1597 2475 1643 2531 est
1652 2472 1719 2547 ipsa
1733 2471 1877 2530 universi·

250 2561 300 2622 hie
321 2558 426 2620 solaris
444 2563 533 2632 atque
555 2556 722 2615 ordinarius
744 2557 807 2614 dies
827 2555 900 2630 iuit3
914 2557 1043 2631 primam
1085 2563 1146 2628 tas,
1160 2572 1228 2632 qun
1243 2557 1304 2614 istis
1318 2557 1441 2629 singulis
1460 2557 1493 2614 in
1505 2573 1601 2616 unum
1613 2557 1727 2616 collant
1746 2557 1877 2630 compte-

251 2642 528 2716 enimdieipartem
540 2640 721 2698 terreshium
733 2633 890 2699 brutorum
903 2639 1041 2700 formatio
1084 2643 1156 2700 turi
1180 2641 1282 2700 Omnis
1307 2642 1387 2700 enirn
1411 2639 1623 2716 pulchritudo,
1648 2655 1716 2716 que
1742 2643 1877 2717 pertibus

252 2727 415 2802 occupavit,
428 2741 497 2801 que
507 2726 592 2799 juxta
603 2724 770 2798 gaotogicas
783 2725 932 2783 dochinus
951 2724 1043 2796 longa
1085 2729 1214 2798 constat,
1231 2725 1327 2786 multo
1346 2730 1393 2786 est
1407 2723 1588 2786 laudabilior
1608 2726 1640 2782 in
1655 2729 1719 2784 toto
1740 2741 1834 2801 quam
1846 2729 1879 2784 in

251 2812 392 2889 temporis
418 2810 545 2886 periodo
566 2808 697 2884 perlecta
718 2814 772 2868 est.
794 2811 903 2867 Verum
928 2810 1041 2868 tametd
1083 2809 1252 2885 partibus.»

252 2896 336 2957 flocci
346 2895 487 2955 iacienda
500 2898 596 2952 essent
608 2893 782 2966 hujusmodi
794 2891 935 2952 dochine
947 2907 1042 2966 eaque
1121 2895 1168 2954 itis
1187 2896 1237 2954 bei
1255 2895 1356 2955 verbis
1368 2909 1502 2958 reruma
1516 2912 1549 2955 ee
1560 2894 1719 2970 perlectam
1731 2899 1878 2958 univera-

251 2984 327 3044 iaote
339 2983 448 3059 qubus
457 2982 633 3049 innituntur,
643 2978 691 3037 vel
700 2979 725 3036 si
737 2977 893 3037 Buklandii
902 2978 1044 3038 senbntia
1084 2985 1175 3042 tatem
1192 2981 1358 3055 laudamis,
1382 2981 1538 3055 nonnrdii,
1554 2997 1632 3058 quos
1656 2984 1732 3042 inter
1744 2984 1876 3058 wolfius,

252 3067 522 3142 §dadmitteretua
535 3062 680 3138 utprimo
693 3061 738 3120 illi
751 3062 1042 3138 operipauceehorae
1085 3071 1234 3142 ophmamt
1258 3074 1391 3144 systema
1417 3067 1586 3127 confirmari
1608 3072 1766 3144 putarunt,
1794 3073 1878 3146 quod

251 3152 418 3214 ubemur
437 3153 489 3210 aut
511 3149 600 3208 etiarn
621 3161 698 3218 una3
721 3149 821 3205 umen
846 3147 942 3205 toturn
966 3145 1043 3205 iliud
1085 3169 1192 3227 nempe
1206 3153 1354 3214 mundum
1365 3154 1446 3214 bunc
1454 3155 1602 3229 optimum
1614 3171 1688 3229 esse,
1701 3159 1791 3232 atquc
1804 3159 1880 3216 inter

252 3238 336 3314 quod
347 3238 378 3293 in
391 3237 449 3296 hoc
462 3232 551 3293 solari
563 3232 612 3291 dia
624 3235 790 3306 superesset
802 3231 962 3305 temporis,
974 3245 1043 3306 pro·
1085 3252 1189 3296 omnes
1201 3237 1358 3313 possibiles
1370 3237 1616 3313 pertentissimum
1628 3240 1738 3299 staram,
1751 3241 1809 3300 Sed
1819 3243 1879 3300 sm.

251 3320 590 3391 iectonimisangustum
598 3315 788 3388 cestuque
801 3313 1045 3388 inaofaotasunt
1085 3327 1168 3379 stra:
1189 3321 1291 3380 nullus
1314 3323 1395 3382 enim
1417 3322 1466 3382 hic
1486 3325 1716 3398 comparationis
1732 3325 1879 3385 erminus

251 3402 611 3476 contncndis,unicuique
618 3399 714 3460 videri
723 3399 822 3458 debet»
831 3401 901 3468 011ae
910 3399 1043 3456 animad-
1085 3407 1224 3480 adparet,
1239 3419 1334 3480 quare
1346 3407 1518 3482 simpliciter
1531 3408 1753 3481 incusandum
1763 3414 1820 3482 est,
1834 3409 1882 3467 in-

251 3493 347 3552 versio
361 3489 455 3551 mrdto
469 3488 564 3560 magis
576 3486 665 3558 valet,
678 3485 703 3543 si
720 3484 815 3543 verba
834 3483 887 3542 iila
898 3499 974 3542 vers.
988 3487 1043 3556 ιι,
1085 3496 1201 3563 regrum
1214 3505 1292 3563 opus
1304 3488 1355 3548 bai
1366 3490 1446 3548 octdc
1459 3493 1555 3550 tonum
1567 3509 1648 3565 esse,
1661 3497 1691 3552 et
1702 3493 1791 3552 etiarn
1804 3495 1881 3568 opti-

251 3592 317 3652 cap.
330 3591 352 3633 ιι
366 3593 374 3632 :
390 3572 534 3632 «eunctis
549 3567 749 3630 ammantibus
762 3573 861 3625 terrra
881 3571 911 3626 et
927 3567 1044 3626 univer·
1085 3590 1170 3633 mum
1183 3574 1285 3648 aliquo
1298 3589 1404 3646 sensu,
1418 3579 1483 3636 turn
1495 3578 1568 3652 quia
1580 3576 1679 3637 omnis
1692 3577 1795 3636 divina
1808 3595 1881 3654 ope·

252 3663 292 3720 sis
304 3658 493 3728 volatilibus,
509 3675 524 3710 e
541 3656 636 3712 stricte
650 3657 721 3712 sunt
739 3651 928 3727 accipienda,
951 3652 999 3709 Vel
1019 3653 1043 3708 si
1086 3661 1161 3718 ratio
1172 3660 1284 3733 optima
1295 3663 1339 3717 est
1351 3658 1500 3720 etiultnita
1513 3662 1642 3738 perlecta
1654 3663 1881 3738 (eheiperieota

252 3743 372 3806 terrenis
385 3739 586 3802 animantibus
598 3735 742 3811 aquatilia
760 3737 940 3806 conjungere
960 3736 1044 3793 volu·
1087 3748 1156 3800 sunt
1167 3758 1269 3817 opera,
1286 3763 1302 3799 r
1318 3748 1398 3802 beat.
1407 3745 1497 3819 ιιιι);
1509 3751 1575 3806 turn
1586 3749 1659 3823 quia
1671 3750 1784 3824 optime
1798 3751 1881 3808 adse·

253 3846 335 3901 mus,
351 3825 400 3886 vel
418 3825 442 3882 si
454 3825 700 3898 protoparentum
712 3819 859 3878 funestam
872 3820 1045 3893 proevarica·
1087 3829 1188 3905 quitur
1204 3830 1297 3888 finem
1315 3845 1407 3905 quern
1426 3833 1502 3890 Deus
1519 3833 1659 3905 intendi,
1679 3836 1764 3910 quod
1777 3841 1807 3892 et
1819 3851 1881 3893 crc-

252 3916 382 3983 tionem,
397 3915 426 3969 et
440 3909 551 3980 iustum
563 3905 673 3962 summi
693 3903 802 3963 luditis
824 3905 997 3961 senientiam
1017 3907 1046 3960 et
1088 3915 1158 3972 dere
1172 3913 1331 3985 debemus,
1351 3919 1381 3973 et
1397 3916 1486 3988 etiarn
1503 3933 1540 3975 ex
1552 3923 1636 3992 parte
1653 3919 1864 3990 cognoscimus
1869 3939 1879 3993 3

252 3997 390 4057 acerbam
403 4011 422 4052 a
436 3993 575 4068 paradiso
589 3988 794 4064 expulsionem
814 3989 871 4064 ipsi
889 3989 949 4046 diei
962 3995 1044 4049 sexto
1087 4006 1151 4058 tum
1165 3999 1286 4058 demum
1297 4000 1371 4072 quia
1381 4000 1541 4076 archetypo
1553 4007 1661 4061 aaran
1675 4002 1708 4062 in
1719 4002 1768 4061 bei
1781 4009 1881 4063 mente

253 4081 449 4142 attribuimus.
463 4079 633 4135 Hoctamcn
647 4080 830 4149 postremum
844 4073 960 4132 nullam
973 4075 1045 4132 mihi
1087 4084 1222 4144 existenti
1247 4083 1457 4158 perfectissimo
1483 4085 1645 4160 respondet
1670 4103 1679 4144 ι
1702 4102 1764 4162 qua
1786 4088 1823 4145 de
1849 4105 1882 4147 ra

252 4163 537 4225 verisimilitudinem
566 4159 676 4219 habere
708 4159 844 4230 videtur
875 4172 938 4217 110ss
965 4157 1046 4216 essim
1089 4167 1227 4226 dubitare
1238 4183 1300 4228 non
1312 4169 1389 4228 ticet.
1398 4171 1462 4227 Non
1476 4170 1567 4242 enirn,
1576 4169 1652 4228 sicut
1663 4170 1791 4244 homini,
1800 4173 1841 4230 ita
1855 4179 1882 4230 et

256 4275 271 4308 a
293 4255 368 4310 beris
395 4249 517 4307 vidisset
543 4244 644 4303 omnia
665 4241 861 4318 queisceret
880 4256 944 4301 esse
964 4241 1047 4300 bona
1090 4255 1148 4312 neo
1161 4253 1314 4326 contingit,
1327 4255 1537 4329 utaliquando
1550 4255 1771 4330 praeformatam
1785 4262 1882 4316 mente

254 4338 353 4409 valde,
366 4357 381 4394 v
398 4335 489 4407 idque
501 4347 569 4389 cum
582 4332 614 4388 iu
627 4346 663 4390 eo
676 4333 738 4388 crat
750 4332 784 4386 ut
796 4328 934 4387 deficeret
947 4333 1046 4386 sexus
1090 4338 1189 4396 ideam
1202 4329 1292 4411 opera
1306 4353 1368 4396 uon
1381 4340 1572 4414 adsequatur.
1591 4343 1733 4399 reseres
1743 4341 1775 4399 in
1788 4357 1884 4418 quars-

253 4412 1046 4495 ffioffies(cap.r‚versult.),sipraecipuumopusinter
1089 4423 1169 4481 tione
1187 4426 1339 4498 cpttmtsms'
1359 4423 1396 4480 de
1409 4425 1490 4482 malo
1501 4423 1610 4484 morali
1622 4426 1771 4500 precipue
1784 4443 1883 4486 sermo

255 4523 290 4566 θιι
303 4520 371 4580 (111oe
383 4501 571 4573 ieceratditm
580 4497 695 4556 malum
703 4499 832 4555 evasisse
840 4496 1046 4570 perspexisset.
1091 4510 1143 4565 est,
1168 4508 1302 4566 Jamvepo
1323 4510 1416 4566 Moses
1429 4509 1467 4566 de
1479 4507 1594 4568 mundo
1611 4508 1813 4584 loquitur,ufl
1834 4511 1885 4568 ffle

254 4590 288 4650 ld
298 4594 399 4648 iumen
411 4586 534 4645 tradunt
545 4583 642 4655 mulii,
655 4582 731 4641 intel
744 4597 821 4657 quos
833 4584 969 4651 henaena,
982 4581 1047 4654 Epi·
1090 4595 1151 4650 erat
1163 4595 1231 4648 ante
1244 4591 1373 4648 hominis
1381 4597 1547 4665 peccatum,
1561 4609 1616 4652 ηερ
1628 4593 1665 4650 de
1679 4593 1822 4668 oporibus
1834 4595 1887 4654 ho.

254 4675 382 4750 phanius
399 4676 429 4731 et
447 4671 576 4745 Ephrem
596 4669 655 4743 (t),
680 4667 733 4742 qui
751 4669 992 4762 protoparentem
1011 4682 1046 4724 00
1065 4743 1069 4764 1
1091 4677 1207 4735 minum
1220 4677 1362 4751 loqu'tur,
1377 4676 1430 4735 sed
1443 4678 1480 4736 de
1494 4682 1596 4736 cunctis
1608 4681 1776 4754 quatem
1791 4684 1885 4739 neus:

256 4761 322 4834 ipsc
334 4750 902 4831 die,quocreetastutttti,0ear³d1⁸⁰
917 4752 1045 4822 eperunt.
1090 4761 1165 4820 inter
1184 4761 1247 4818 haec
1266 4763 1358 4819 homo
1373 4767 1435 4820 erat
1447 4766 1476 4820 et
1488 4763 1552 4838 ipse
1563 4762 1679 4840 honus,
1696 4779 1758 4822 non
1771 4764 1805 4823 iu
1818 4767 1887 4838 hoo,

1091 4845 1175 4920 quod
1192 4852 1366 4920 peccaturus
1386 4845 1621 4921 providebatur,
1641 4849 1693 4906 sed
1707 4849 1888 4925 quiefactus

287 4931 376 5000 (¹1⁰²
388 4937 473 4985 GM·
486 4930 521 4980 td
530 4930 570 4982 ιιι·
585 4925 653 4989 vltt,
666 4937 721 4990 ιιι·
732 4935 792 4980 Μ
1091 4938 1154 4992 erat
1168 4931 1269 4990 bonus
1288 4948 1323 4990 ac
1339 4933 1403 4990 sine
1420 4938 1562 5009 peccato,
1584 4935 1615 4992 in
1638 4939 1715 4993 stetu
1724 4936 1848 5008 justitie
1861 4940 1890 4993 et

287 5003 708 5144 gffiffifflamdmwm·
1092 5017 1250 5078 sarculatis
1262 5020 1453 5091 consumtus,
1470 5020 1618 5092 integrum
1631 5020 1889 5086 habensliberum

287 5147 325 5215 (ιι
339 5146 413 5212 Apud
428 5145 558 5197 Parerium
571 5144 599 5196 in
609 5143 664 5196 lul.
1092 5145 1123 5195 tc
1138 5141 1261 5207 praeiirrit,
1275 5142 1368 5208 partim
1380 5142 1493 5208 longiore
1506 5143 1543 5195 ibi
1556 5143 1634 5196 mine
1648 5144 1729 5210 spatie
1744 5157 1789 5196 eos
1804 5150 1888 5211 putat.

286 5221 323 5286 (ιι)
339 5219 448 5271 Dubium
458 5224 495 5268 est
509 5223 604 5281 quanto
618 5213 741 5278 temporis
755 5212 837 5278 spatio
848 5211 878 5265 tn
887 5209 1047 5278 voluptuario
1091 5213 1218 5266 &dream
1232 5221 1329 5278 septem
1345 5226 1438 5278 annos,
1454 5223 1499 5266 aut
1516 5214 1594 5267 etiam
1608 5223 1720 5268 centnm
1737 5216 1838 5268 Verum
1850 5215 1891 5267 ha

257 5293 301 5346 iilo
317 5291 392 5344 horto
407 5295 435 5341 et
450 5288 589 5340 moecenas
599 5287 659 5340 vita
671 5292 739 5338 statu
754 5284 832 5350 primi
844 5291 960 5348 perantes
971 5297 1047 5337 man·
1092 5284 1260 5338 divinationes
1274 5285 1345 5337 nullo
1358 5283 1437 5336 solido
1453 5286 1572 5338 nituntur
1585 5287 1762 5340 fundamento.

257 5363 346 5418 ruint.
359 5360 480 5416 emerius
492 5360 604 5423 (litator.
618 5357 665 5420 ιιι,
678 5357 801 5422 interrae.
812 5357 879 5422 ιιι),
891 5356 984 5421 partim
994 5355 1048 5408 dies
1124 5356 1159 5420 (t)
1176 5356 1213 5408 De
1225 5361 1309 5410 arma
1322 5365 1410 5410 wana
1422 5355 1529 5410 rauce
1543 5357 1571 5421 t,
1584 5370 1640 5422 cap.
1651 5369 1703 5410 nr.
