4018 5976
225 311 282 372 ‘m
704 307 948 366 commanis
965 309 1000 364 lli
1017 309 1172 378 nouum
1190 318 1254 366 w·
1273 310 1388 366 milli

227 415 344 478 mearat
359 408 530 472 Plutarchus
548 409 580 470 ln
599 407 755 468 emtore.
774 412 883 470 verum
899 411 974 488 quid
988 411 1022 472 hi
1098 415 1313 470 massonus
1325 411 1620 482 manum-ln
1631 407 1867 485 eorumnalmls

226 499 266 560 ad
277 500 389 567 Mosen,
400 494 453 572 qui
462 509 525 552 non
532 509 642 568 eorpus
649 497 776 563 tanmm,
788 493 842 551 sed
851 500 881 552 et
889 496 1022 556 animam
1062 497 1092 552 et
1104 493 1206 564 nubis,
1220 510 1313 569 quam
1323 498 1432 562 movet,
1451 509 1574 570 quaque
1589 493 1677 553 vobis
1693 494 1782 570 quasi
1799 494 1865 553 dux

224 601 281 661 pro
294 581 409 660 populo
425 579 562 650 devovit,
580 580 750 653 oupivitqoe
772 579 864 638 deleri
886 581 923 638 de
942 581 1020 640 libro
1062 577 1143 634 nam
1154 577 1239 652 presit
1252 582 1281 634 et
1292 577 1428 635 ostendit.

224 669 306 737 vitm,
325 680 361 724 so
381 664 414 722 in
433 667 577 722 eternum
598 661 711 735 affligit
735 661 843 720 Similis
865 664 936 721 llosi
964 663 1020 721 tuit
1097 661 1261 720 Eoorursu
1275 675 1305 719 m
1318 675 1366 718 mu
1387 675 1515 718 samoris
1527 676 1656 720 miram
1668 676 1704 718 er
1722 675 1780 720 soc
1793 675 1864 720 rne-

223 751 253 811 S.
265 749 387 818 Paulus,
409 751 515 821 optans
534 747 691 804 anathema
710 745 775 804 fieri
792 761 849 818 pro
862 745 1018 818 iratribusy
1062 757 1156 803 aaron
1169 760 1276 803 sonus.
1291 775 1327 790 ·-
1343 748 1402 802 «ln
1415 745 1462 802 die
1476 745 1640 818 ultionis,»
1659 761 1722 804 non
1737 746 1864 819 eaptivi-

223 835 496 906 etsraooponus,
511 831 563 906 qui
581 846 732 888 examore
749 829 853 886 Christi
872 830 1020 890 desidera-
1061 829 1127 886 tatis
1152 828 1358 901 Babylonium,
1377 831 1430 886 aut
1456 831 1596 886 nomano
1617 829 1676 886 sub
1694 829 1771 898 l'ito;
1795 844 1864 889 non

223 917 276 978 bat
288 916 431 974 sustineto
443 916 476 972 in
487 913 544 972 huo
557 913 616 971 vitu
635 929 739 970 omnes
757 912 893 980 labores,
912 929 1019 970 aarum·
1061 910 1369 982 etiamindieJudieii,
1380 909 1514 968 autolias
1525 910 1863 984 quandoaliailebraeo-

222 1015 289 1071 nae,
300 1014 426 1070 angores
438 1001 467 1055 et
481 996 617 1067 dolores,
631 996 684 1069 qui
699 995 797 1051 vorbis
811 996 952 1069 exprimi,
967 999 1019 1054 aut
1060 1007 1128 1050 rum
1135 1000 1254 1067 peecata
1262 997 1337 1050 lleus
1348 993 1463 1066 punivit
1468 1012 1478 1065 3
1488 1009 1550 1051 non
1564 993 1651 1051 etiam
1662 994 1721 1052 hoe
1731 994 1799 1068 ipso
1808 995 1860 1053 die
1998 1039 2000 1088 y

223 1087 323 1148 animo
337 1085 452 1158 concipi
463 1087 588 1158 possunt
599 1100 606 1138 :
619 1082 754 1156 quinimo
763 1081 915 1153 posthanc
926 1081 1018 1136 vitam
1060 1091 1122 1150 quo
1135 1076 1199 1134 haee
1212 1077 1286 1134 dixit
1300 1079 1376 1134 lleus
1390 1094 1398 1132 ε
1416 1075 1518 1134 sedeo
1532 1077 1580 1134 die
1594 1078 1630 1135 de
1642 1091 1705 1152 quo
1717 1079 1859 1151 proximo
1998 1103 2000 1154 y

220 1170 302 1232 trudi
314 1168 346 1226 in
358 1167 517 1236 internum,
531 1170 565 1224 ut
575 1165 618 1223 ibi
630 1180 695 1234 sua,
709 1170 738 1220 et
748 1163 916 1232 homiuum,
928 1163 1017 1222 etiam
1059 1160 1205 1232 sequitur,
1218 1161 1294 1221 dum
1307 1160 1348 1217 ait
1364 1177 1372 1215 :
1999 1156 2001 1252 1

223 1253 447 1326 damnatorum,
462 1255 491 1307 et
504 1249 675 1308 daemonum
690 1247 729 1320 (si
745 1247 808 1304 fieri
821 1247 934 1320 posset)
948 1261 1016 1320 peo-
1093 1245 1139 1300 35.
1163 1246 1314 1302 Psaoussm
1334 1257 1409 1304 suso
1428 1247 1556 1305 Donamus
1576 1261 1716 1306 mausus.
1730 1276 1765 1291 -
1783 1248 1858 1306 ilino
1872 1265 1961 1315 aas

223 1338 288 1398 esis
297 1335 390 1393 luerat
402 1337 431 1392 et
444 1333 583 1407 expiaret.
599 1331 677 1399 Quid
688 1347 743 1388 nos
756 1329 796 1387 ad
809 1330 893 1388 haeai
1057 1326 1214 1385 verisimile
1227 1332 1271 1384 est
1282 1331 1374 1385 ileum
1387 1329 1478 1402 paulo
1491 1335 1560 1402 post
1573 1332 1614 1388 ob
1627 1331 1745 1390 idolum
1757 1331 1856 1400 vituli,

298 1454 426 1506 Laudamus
438 1453 539 1513 ireres,
553 1459 596 1500 uos
609 1447 694 1500 nosris
706 1447 791 1498 utimur
803 1447 878 1500 anuis.
1056 1407 1188 1564 ἓῖἓὲξξ]
1197 1411 1424 1567 θξῦῗῑὲἓὲῑιξξ
1443 1413 1854 1556 ἳὲᾞίῑεξθῧθᾶἑξ,θὲἰῑὲῢὲ

1190 1533 1201 1563 r
1238 1537 1246 1550 ·
1284 1537 1290 1551 ·
1425 1535 1437 1565 r
1611 1541 1618 1554 ·

104 1617 157 1664 ,m
173 1621 206 1663 24,
256 1590 302 1648 el.
317 1588 358 1643 lu
376 1594 468 1641 uorsa
488 1591 578 1648 vaus,
593 1607 628 1622 -
646 1595 674 1648 q.
689 1575 720 1632 d.
739 1577 804 1632 lton
821 1589 905 1632 eures
922 1575 960 1632 de
977 1590 1013 1636 eo
1056 1573 1153 1646 ultio,
1171 1591 1265 1650 quom
1278 1576 1350 1649 ipsis
1367 1593 1443 1634 vers.
1459 1579 1638 1650 precedenti
1655 1581 1854 1638 comminatus

158 1651 162 1662 ¹
221 1669 305 1747 quod
322 1665 430 1744 petiisti
449 1679 505 1737 pro
524 1660 657 1736 populo,
679 1658 732 1716 sed
753 1657 925 1732 obtempera
943 1657 1013 1716 huie
1055 1661 1115 1728 est,
1129 1661 1158 1714 st
1172 1659 1214 1715 sie
1227 1659 1338 1732 optime
1359 1661 1519 1735 respondet
1537 1661 1586 1719 hio
1598 1665 1853 1740 versusprssoed„

220 1751 361 1813 mundato
373 1763 453 1807 meo.
474 1745 545 1801 ilino
558 1743 675 1803 videtur
688 1756 750 1799 non
762 1741 885 1798 omnino
897 1742 1012 1816 populo
1054 1743 1198 1814 tanquam
1211 1743 1343 1801 executio
1360 1759 1419 1800 suae
1433 1745 1583 1802 sententiaa
1598 1749 1629 1802 et
1647 1745 1854 1806 comminatio-

218 1833 422 1896 reconciliatus
434 1828 524 1886 fuisso
537 1829 613 1884 Deus
622 1825 679 1882 imo
692 1824 770 1894 vioe,
786 1839 855 1879 oum
868 1824 965 1881 adhue
979 1840 1011 1884 ss
1053 1824 1117 1895 nis;
1132 1839 1203 1882 nam
1214 1825 1327 1898 alioqui
1335 1827 1482 1900 rumpitur
1492 1827 1539 1884 hie
1551 1828 1639 1885 series
1647 1830 1789 1887 orationis
1798 1831 1853 1889 lto

217 1919 351 1980 mianum
370 1915 518 1976 minatur:
534 1909 587 1966 sed
605 1909 637 1966 in
654 1906 714 1965 fine
733 1905 931 1980 quadraginta
951 1905 1013 1964 die·
1053 1907 1128 1966 mini
1144 1925 1231 1984 :qum
1245 1910 1327 1968 enim
1339 1925 1405 1986 cap.
1426 1911 1561 1984 sequenti
1574 1911 1613 1970 ds
1625 1912 1779 1984 colloquio
1792 1915 1853 1970 llo-

217 2019 301 2073 rum,
315 1999 425 2075 quibus
438 2000 532 2054 lioses
543 2008 613 2050 eum
626 1989 750 2050 Domino
764 1987 895 2048 seeundo
913 1987 967 2046 iuit
979 1989 1012 2046 in
1053 1989 1093 2048 sis
1106 2006 1176 2050 oum
1190 1993 1315 2051 Domino
1327 1997 1494 2062 narrantur,
1506 1995 1613 2052 eadem
1624 1995 1698 2052 serie
1711 2011 1783 2052 oum
1791 1993 1852 2054 eoi·

217 2089 335 2156 monta,
355 2095 483 2155 eumque
500 2092 556 2153 pro
570 2073 659 2134 venia
677 2071 785 2144 oravit,
804 2071 938 2147 placatus
957 2068 1012 2130 ioit
1052 2072 1157 2148 loquio
1171 2076 1257 2134 llosis
1269 2081 1298 2133 st
1309 2076 1462 2151 liei,quod
1474 2077 1522 2134 bio
1533 2081 1709 2149 recensetur,
1722 2079 1768 2135 uti
1780 2094 1852 2138 oon·

216 2170 370 2240 Dominus,
383 2164 631 2241 utpotetlieuter.
645 2151 1012 2232 eap.1x,rers.ti,ethio
1051 2157 1197 2234 tigerunt,
1219 2161 1400 2236 pertexendo
1426 2165 1455 2219 et
1480 2161 1681 2224 oonueateuda
1705 2165 1784 2220 sunt
1809 2165 1851 2220 lta

219 2249 522 2331 oap.seq.,rers.it.
1052 2239 1087 2302 ll.
1100 2241 1242 2302 Salomon
1254 2245 1283 2302 et
1295 2243 1461 2302 abulensis.

538 2591 744 2710 CAPUT
782 2585 1180 2694 TRIGESIMUM
1216 2583 1516 2696 TERTIUM.

824 2831 1027 2896 sidereis
1053 2830 1234 2898 assiria.

215 3045 341 3106 naemu
352 3039 441 3098 odim
453 3039 525 3095 Deris
536 3033 651 3106 popolo,
663 3033 713 3088 tlte
728 3033 815 3101 lupata
830 3028 917 3088 moso
929 3039 1011 3085 orant
1024 3025 1134 3084 amem
1146 3031 1253 3085 omuino
1266 3029 1351 3086 sarm
1362 3029 1463 3102 pontio
1476 3029 1649 3097 noemam,
1664 3031 1848 3104 impetratque

249 3147 282 3200 ut
291 3153 346 3198 nou
356 3133 480 3208 ametur,
494 3129 626 3190 aedilem
638 3131 698 3201 ipse
711 3128 750 3184 sit
761 3129 813 3184 aia
825 3123 893 3187 duo.
907 3123 1040 3191 Secundo.
1055 3139 1125 3180 aare.
1141 3125 1189 3188 la,
1203 3128 1275 3196 petit
1285 3125 1373 3183 Moser
1384 3125 1475 3184 uideo
1486 3125 1602 3198 ammo
1613 3126 1680 3200 lter,
1690 3126 1845 3200 motaque

249 3234 368 3296 Vidubia
380 3229 546 3309 posteriora
558 3241 642 3298 mes,
654 3223 760 3284 faeiem
774 3219 1100 3286 autemmeamvidere
1113 3233 1176 3278 non
1187 3219 1307 3294 poteris.
1750 3222 1754 3228 ·

259 3445 290 3510 l.
306 3440 515 3526 mentuque
527 3437 575 3499 est
587 3428 750 3499 Dominus
762 3426 804 3496 sd
816 3423 971 3517 Moysen,
985 3423 1117 3494 disens:
1132 3423 1243 3510 Vade,
1265 3426 1400 3495 amende
1412 3425 1454 3494 de
1465 3427 1538 3496 loeo
1549 3427 1613 3496 isto
1625 3435 1680 3514 tu,
1695 3435 1729 3498 et
1740 3449 1844 3521 popu·

212 3551 267 3618 lus
279 3553 357 3615 tuus
369 3563 469 3634 quem
482 3535 625 3608 eduxisti
637 3533 678 3604 de
689 3541 777 3602 terro
787 3530 939 3624 AEgypti,
952 3530 990 3598 in
1002 3537 1124 3600 terram
1137 3551 1239 3622 quam
1248 3531 1361 3621 iuravi
1373 3532 1552 3618 Abraham,
1567 3532 1667 3619 Isaeo,
1683 3541 1717 3603 et
1728 3533 1839 3621 Jaeob,

212 3653 345 3722 disens:
363 3643 490 3716 Semini
502 3651 561 3711 tuo
574 3639 659 3710 dabo
671 3661 763 3723 eam,
780 3637 813 3704 2.
829 3647 863 3705 et
876 3637 1004 3704 mittam
1016 3655 1252 3727 praecursorem
1264 3637 1314 3704 tui
1328 3637 1500 3726 angelum,
1520 3645 1559 3708 ui
1574 3639 1702 3729 ejiciam
1715 3639 1841 3710 Chana-

212 3777 342 3839 naeum,
362 3759 395 3820 et
411 3745 660 3827 Amorrhaeum,
679 3751 713 3810 et
729 3741 923 3827 Hethaeum,
941 3749 974 3809 et
991 3740 1222 3826 Pherezaeum,
1244 3751 1276 3809 et
1293 3741 1471 3830 Hevaeum,
1489 3753 1522 3814 et
1538 3740 1744 3832 Jebusaeum,
1759 3745 1794 3815 3.
1809 3755 1840 3816 et

211 3863 314 3931 intres
326 3859 363 3927 in
375 3864 496 3925 terram
514 3850 671 3920 fluentem
688 3847 771 3918 laete
789 3854 823 3916 et
839 3847 949 3918 molle.
968 3845 1043 3916 Non
1056 3847 1145 3918 enim
1161 3848 1333 3916 ascendam
1346 3856 1471 3934 meum,
1491 3850 1571 3942 quis
1587 3851 1732 3942 populus
1746 3850 1838 3922 durae

182 3963 186 3971 ’
212 3965 345 4038 cervicis
360 3986 396 4032 es
406 3989 416 4050 3
436 3982 479 4030 ne
496 3958 581 4028 forte
593 3955 779 4046 disperdam
796 3961 829 4023 te
845 3953 882 4023 iu
899 3953 965 4022 vio.
988 3954 1022 4022 l.
1042 3952 1256 4045 Audiensque
1272 3953 1415 4046 populus
1433 3977 1617 4024 sermonem
1635 3956 1726 4026 hune
1741 3958 1839 4050 pessi·

211 4094 325 4157 mum,
342 4067 451 4154 luxit3
469 4073 502 4134 et
520 4063 635 4132 nullus
648 4083 690 4130 ex
703 4082 794 4132 more
808 4058 946 4128 indutus
958 4065 1007 4127 est
1018 4057 1111 4128 eultu
1126 4081 1199 4128 suo.
1220 4059 1254 4128 5.
1277 4057 1431 4151 Dixitque
1449 4061 1609 4132 Dominus
1621 4061 1663 4130 ad
1677 4059 1837 4154 Moysen:

211 4177 360 4270 loquere
372 4172 453 4242 filiis
463 4169 562 4240 lsrael
579 4191 589 4234 a
607 4166 758 4256 Populus
773 4166 867 4234 durae
883 4163 1019 4234 eerviois
1035 4186 1085 4250 es,
1105 4164 1205 4234 semel
1218 4166 1390 4236 escendam
1407 4165 1444 4234 in
1462 4165 1570 4236 medio
1584 4168 1652 4254 tui,
1673 4175 1707 4236 et
1724 4167 1840 4238 delebo

210 4290 256 4353 te.
269 4281 344 4351 Janr
356 4299 447 4349 nano
458 4275 584 4366 depone
599 4279 753 4341 ornatum
769 4277 885 4354 tuum,
904 4275 944 4337 ut
961 4268 1062 4339 seiam
1076 4269 1158 4360 quid
1170 4270 1288 4340 {seiam
1301 4271 1374 4339 tibi.
1394 4271 1427 4340 6.
1444 4271 1673 4364 Deposueruut
1684 4293 1764 4362 ergo
1775 4273 1839 4341 filii

210 4387 311 4457 lsrael
330 4391 484 4455 ornatum
501 4401 601 4449 suum
617 4400 638 4446 a
655 4384 765 4446 monte
782 4375 906 4446 Horeb.
929 4375 961 4442 7.
982 4375 1109 4466 Moyses
1128 4397 1262 4468 quoque
1278 4377 1397 4447 tollens
1414 4377 1680 4464 tabernaculum,
1702 4379 1840 4452 tetendit

211 4501 304 4562 extra
317 4497 422 4558 eastra
438 4485 574 4578 proenl,
587 4483 781 4574 vocavitque
798 4504 919 4552 nomen
938 4481 1026 4573 ejus,
1046 4481 1309 4552 Tebernaoulum
1327 4483 1469 4554 ioederis.
1492 4483 1534 4554 Et
1553 4483 1660 4552 omnis
1677 4485 1837 4578 populns,

211 4598 272 4690 qui
290 4593 430 4665 habebat
448 4591 595 4682 aliquam
616 4590 848 4680 quaestionem,
870 4588 1098 4677 egrediebatur
1115 4589 1156 4657 ad
1175 4588 1425 4660 tabernaeulum
1444 4590 1591 4677 federis,
1611 4597 1704 4660 extra
1720 4597 1835 4659 casura

211 4703 244 4772 8.
259 4701 410 4792 Cumque
422 4697 630 4786 egrederetur
642 4695 770 4786 Moyses
781 4694 824 4764 ad
836 4694 1102 4780 tabernaculum,
1116 4693 1270 4784 surgebat
1283 4695 1437 4764 universa
1448 4696 1558 4787 plebs,
1573 4703 1606 4764 et
1618 4696 1724 4766 stabat
1736 4717 1839 4766 unus

211 4808 351 4900 quisque
366 4806 404 4873 in
421 4803 503 4872 ostio
517 4801 692 4896 papilionis
705 4803 774 4885 sui,
796 4801 1061 4892 aspioiebantque
1079 4808 1211 4889 tergum
1230 4799 1351 4892 Moysi,
1373 4801 1476 4870 donee
1491 4801 1719 4890 ingrederetur
1732 4808 1837 4870 tento-

210 4913 310 4984 rium.
325 4911 360 4980 9.
374 4911 524 4999 Ingresso
536 4917 647 4979 autern
658 4905 719 4976 illo
732 4906 980 4975 tabernaculum
996 4906 1144 4993 foederiS,
1165 4907 1378 4976 descendebat
1389 4906 1544 4976 columna
1555 4906 1673 4993 nubis,
1688 4914 1722 4977 et
1732 4907 1836 4977 stabat

210 5015 252 5087 ad
264 5017 403 5099 ostium,
418 5013 680 5104 loquebaturque
692 5034 769 5080 eum
781 5009 910 5102 Moyse,
927 5011 981 5081 10.
996 5014 1205 5082 sernentibus
1216 5013 1380 5082 universis
1393 5011 1483 5104 quod
1495 5013 1649 5082 columna
1661 5012 1762 5083 nubis
1773 5019 1835 5081 sta-

209 5127 261 5190 ret
276 5119 319 5188 ad
337 5119 459 5187 ostium
476 5117 690 5188 tabernaculi.
709 5117 912 5208 Stabantque
930 5118 1010 5210 ipsi,
1032 5127 1065 5187 et
1081 5119 1261 5188 adorabant
1276 5141 1334 5210 per
1351 5118 1437 5186 iores
1455 5117 1744 5188 tabernaculorum
1760 5141 1833 5186 suo-

210 5245 298 5296 rum.
315 5223 370 5291 11.
385 5221 596 5314 Loquebetur
608 5231 718 5294 autem
726 5223 888 5292 Dominus
901 5221 942 5294 ad
954 5226 1090 5315 Moysen
1103 5226 1184 5293 faeie
1193 5225 1234 5293 ad
1244 5225 1376 5308 faeiem,
1392 5225 1475 5292 sieut
1484 5223 1567 5292 solet
1577 5224 1671 5316 loqui
1682 5224 1780 5294 homo
1792 5225 1831 5291 ad

211 5329 355 5408 mum
373 5349 485 5403 suum·
504 5328 656 5422 Cumque
667 5327 725 5400 ille
742 5337 960 5402 reverteretur
977 5333 1014 5400 in
1030 5341 1151 5418 rastra,
1171 5330 1320 5400 minister
1334 5338 1405 5422 ejus
1416 5329 1514 5400 Josue
1527 5327 1619 5398 filius
1628 5327 1722 5418 Nun,
1737 5352 1830 5423 puer,
