4134 6056
662 309 1132 392 cernnmiannceresrr‚
1152 321 1277 382 nnn.
1737 306 1790 386 loa

136 418 278 477 incurrit
292 409 460 478 absolutam
475 416 649 478 senientiam
661 420 774 480 mortis.
788 421 870 495 barn,
883 433 949 498 cap.
993 425 1094 498 gulam
1116 442 1179 485 esse
1202 433 1327 488 matrem
1346 424 1497 501 libidinis,
1518 429 1594 488 elcut
1613 421 1790 496 abstinentia

137 519 184 573 rr,
199 521 286 562 vers.
301 507 348 574 17,
362 520 398 561 ea
411 505 471 560 lata
483 504 539 560 luit
552 505 688 562 absolute
704 520 711 562 ε
730 527 744 559 ιι
759 509 789 563 ln
807 523 950 581 quacum·
994 515 1088 570 mater
1101 515 1144 572 est
1155 517 1302 574 castitatis.
1323 535 1337 570 c
1349 514 1458 588 Adam,
1470 517 1526 589 alt,
1540 524 1603 575 non
1615 517 1672 574 nisi
1683 519 1789 575 intem*

138 603 222 660 que,
239 587 292 659 ait,
308 588 356 645 die
372 588 537 645 comederis
551 605 587 645 ex
604 606 651 660 eo,
668 595 764 648 morte
777 591 947 662 morieris»
993 597 1125 668 perantia
1146 603 1326 670 provocante
1348 603 1438 658 Evam
1462 602 1623 674 cognovit:
1642 598 1789 674 quamdltt

138 671 176 728 id
190 676 251 742 est,
264 672 426 728 certissime
441 673 583 730 morieris.
993 679 1072 736 enlm
1084 680 1115 736 ia
1129 681 1188 738 illis
1201 685 1309 740 mansit
1322 688 1484 758 temperata
1495 685 1634 758 parcitas,
1645 683 1789 744 mansitat

180 755 312 814 liehraea
324 760 354 812 et
366 755 555 828 Septuaginta
576 756 692 816 addunt
711 773 819 824 secem,
840 758 950 815 scilieet
993 761 1150 836 impolluta
1169 766 1340 838 virginitas3
1356 772 1383 824 et
1397 769 1542 841 quamdiu
1561 769 1731 840 jejunarunt
1748 766 1787 828 ab

139 842 210 896 Eva
222 856 350 914 pomum
363 836 525 910 dedilviro,
537 841 569 898 ut
582 857 682 897 secum
691 857 751 898 una
765 845 948 914 vesceretur3
992 846 1151 904 interdictis
1162 850 1268 922 epulis,
1278 851 1391 908 tamdiu
1402 855 1430 908 et
1440 851 1788 924 apudendisjejunarunt

138 925 270 982 videtur
284 941 354 996 ergo
369 929 426 982 tiva
437 925 484 983 bis
498 921 681 996 comedisse,
704 922 794 982 semel
809 926 873 982 sola
883 969 893 996 ,
905 941 949 984 se·
992 930 1127 1002 peccatis.
1148 935 1249 989 Fames
1268 934 1347 990 enim
1361 934 1456 991 amica
1469 934 1642 1006 virginitatis
1656 935 1713 1006 est,
1732 933 1787 993 ini-

140 1007 253 1068 cundo
273 1027 342 1066 cum
355 1009 486 1080 Adamo,
507 1012 540 1065 ut
557 1025 627 1066 eum
642 1010 681 1067 ad
695 1025 778 1066 esum
800 1008 949 1082 pelliceret
992 1011 1068 1069 mica
1086 1014 1231 1086 laseiviee;
1251 1019 1387 1073 saturitas
1406 1033 1475 1075 vero
1495 1017 1655 1076 castitatem
1674 1019 1786 1092 prodit,

141 1099 174 1151 et
185 1093 223 1150 in
240 1111 294 1150 esu
308 1112 338 1150 se
360 1093 471 1150 sociam
485 1092 638 1166 preberet.
663 1093 743 1150 Unde
760 1090 949 1166 Septuaginta
991 1095 1082 1154 nulrit
1095 1097 1274 1158 illecebram.
1290 1122 1304 1155 ιι
1320 1101 1409 1158 Addit
1421 1095 1534 1160 ibidem
1547 1103 1574 1158 S.
1591 1100 1785 1176 Augustinus,

141 1179 276 1248 habent,
291 1182 320 1235 et
333 1178 512 1244 comederant,
526 1169 555 1233 el
568 1175 734 1247 Chaldaea,
746 1177 870 1235 comedit.
884 1177 948 1250 (sei
991 1180 1046 1237 hac
1061 1180 1098 1238 de
1113 1198 1202 1240 causa
1220 1185 1366 1242 Christum
1385 1185 1534 1258 jejunasse
1557 1189 1585 1244 et
1604 1185 1740 1244 esuriisse
1753 1187 1786 1245 in

143 1262 221 1320 licet
240 1261 354 1335 Adam)
369 1276 438 1319 eum
453 1277 497 1318 ea.
993 1263 1124 1335 deserto,
1142 1269 1175 1322 ut
1190 1281 1244 1323 suo
1256 1265 1368 1339 jejunio
1381 1274 1521 1342 purgaret
1534 1266 1635 1342 gulam
1650 1270 1785 1328 etlibidi-

40 1348 131 1414 ΓΜ·-
185 1349 318 1418 Quaeres‚
332 1343 522 1417 utergravius
533 1347 707 1418 peccaverit,
716 1347 809 1402 Adam
821 1363 858 1404 an
871 1349 948 1404 Eva?
990 1359 1059 1403 nein
1074 1349 1158 1420 Adae,
1173 1349 1332 1424 ipsumque
1347 1357 1375 1407 et
1388 1366 1443 1409 nos
1457 1352 1678 1426 Immortalitatl,
1692 1367 1784 1429 quam

19 1416 133 1519 '¹25⁰'
147 1433 322 1507 Respondet
333 1425 365 1488 h.
379 1431 505 1488 'thomas
521 1431 595 1499 1111,
612 1431 713 1496 deest.
730 1425 902 1500 6111111111.
917 1435 947 1502 t,
990 1446 1043 1503 per
1057 1432 1158 1502 gulam
1172 1436 1234 1506 ejus
1247 1435 1443 1508 perdidimus,
1458 1436 1629 1496 restitueret.

13 1512 26 1561 l'
46 1533 102 1575 ran
147 1520 344 1592 sipeccatum
353 1515 384 1572 in
393 1530 424 1570 se
434 1517 556 1587 spectes,
566 1515 829 1587 graviuspeecasse
840 1514 945 1584 Evam,
1025 1515 1173 1572 increurr
1187 1531 1240 1574 siai
1254 1530 1497 1592 eaarzoniri,-
1511 1519 1543 1579 ld
1556 1527 1599 1578 est
1612 1523 1731 1597 cingula
1743 1525 1783 1582 'ad
1796 1531 1904 1589 tremet·

40 1605 57 1637 ὓ
67 1583 132 1636 ²5²²
147 1608 218 1660 tum
232 1599 304 1676 quia
313 1599 395 1674 prior
408 1597 556 1672 peccavit,
573 1601 639 1655 tum
660 1599 730 1673 qnia
747 1599 893 1656 adamum
908 1600 948 1656 ad
989 1603 1138 1670 ventrem,
1153 1605 1225 1672 puta
1239 1601 1404 1675 lumbaria,
1425 1619 1478 1661 seu
1497 1602 1642 1663 ventralia
1653 1607 1783 1680 subliga·
1795 1595 1890 1638 Μ’

146 1691 308 1762 peccatum
327 1681 461 1751 induxit,
483 1679 582 1756 itaque
598 1698 645 1750 se,
665 1687 693 1738 et
712 1683 812 1755 ipsum
831 1697 946 1756 nosque
990 1682 1071 1752 cula,
1091 1688 1124 1740 ut
1138 1685 1245 1753 scilicet
1259 1690 1388 1756 tegerent
1400 1691 1499 1761 partes
1518 1689 1710 1746 inhonestas:
1730 1705 1785 1748 cte-

147 1787 258 1830 omnes
266 1767 403 1844 perdidit.
411 1765 801 1824 Sitamencircumstantiam
811 1781 947 1838 personae
988 1771 1052 1825 tere
1075 1768 1154 1824 enim
1174 1784 1299 1842 corpore
1318 1774 1490 1828 manserunt
1509 1763 1603 1842 nudi,
1628 1773 1784 1847 sicutipse

146 1859 285 1930 spectes,
308 1849 426 1924 gravius
446 1866 582 1923 peccasse
603 1852 768 1920 Adamum,
791 1853 855 1906 tum
875 1847 947 1922 quia
989 1851 1083 1907 Adam
1099 1851 1138 1907 ait
1159 1853 1217 1910 ilco
1232 1869 1309 1910 vers.
1327 1855 1382 1924 10,
1397 1855 1440 1911 uti
1459 1854 1642 1926 iaoluntjam
1656 1856 1783 1928 Brasilil‚

146 1937 306 2014 perfectior
326 1940 388 1994 erat
411 1939 439 1992 et
458 1933 633 2006 prudentior
658 1949 750 2006 quam
773 1933 856 2002 Eva,
881 1935 946 1989 tum
989 1933 1105 2005 Calres,
1128 1933 1238 2009 aliique
1259 1937 1334 1994 indi.
1357 1939 1440 1994 Putat
1459 1937 1487 1994 S.
1503 1939 1638 2008 lrenaeus,
1661 1937 1715 1997 lib.
1739 1939 1783 2012 lll,

147 2023 223 2098 quia
234 2021 328 2078 Adam
346 2017 514 2076 immediate
531 2019 621 2073 alteo
637 2020 787 2088 acceperat
800 2016 857 2072 hoc
872 2031 947 2088 pree·
989 2034 1054 2091 cap.
1070 2033 1184 2091 rrtvrt,
1208 2035 1260 2076 cos
1277 2035 1313 2076 ex
1331 2019 1390 2078 ficu
1404 2021 1466 2077 haec
1482 2019 1603 2093 iecisse,
1617 2021 1649 2078 in
1664 2023 1783 2094 signnm

147 2110 288 2182 ceptum,
307 2105 368 2160 Eva
381 2117 453 2159 vcro
472 2093 597 2156 mediate
611 2100 745 2171 tantum,
769 2099 879 2156 scilicet
892 2113 945 2173 per
988 2104 1182 2176 peanitentiae,
1201 2107 1229 2161 et
1243 2106 1329 2178 quasi
1343 2105 1472 2162 cilicium
1485 2105 1541 2163 sibi
1561 2109 1691 2179 aptassc3
1711 2119 1782 2164 nam

148 2193 309 2249 Adamum.
987 2186 1058 2242 iulia
1074 2185 1147 2244 ficus
1161 2192 1299 2260 pungunt
1320 2192 1348 2246 et
1365 2186 1528 2246 stimulant.
1543 2187 1615 2246 Vide
1628 2193 1656 2246 et
1668 2190 1696 2248 S.
1715 2191 1782 2247 Am·

44 2279 89 2320 aa
112 2283 135 2321 r·
184 2279 214 2332 7.
228 2278 268 2332 Er
281 2288 382 2331 aerari
396 2287 466 2328 surr
480 2285 562 2328 ocuti
575 2282 722 2339 ιιιιιοιιιιιι,
734 2299 770 2311 -
779 2287 806 2340 q.
830 2269 858 2324 d.
877 2269 945 2325 Gra·
988 2269 1142 2341 brasium,
1156 2271 1210 2328 lib.
1227 2275 1266 2327 tle
1279 2271 1423 2343 Parodtso,
1437 2288 1504 2345 cap.
1519 2285 1581 2330 rur.

44 2339 136 2410 ¹·''''³'‘-¹⁰
149 2363 197 2420 tie
209 2365 237 2417 et
247 2357 365 2430 justitie
379 2355 529 2428 originalis
542 2358 713 2426 tegumento
726 2369 780 2426 per
791 2355 944 2426 peccalum
1024 2355 1051 2411 8.
1065 2357 1104 2412 Er
1118 2369 1173 2412 cue
1189 2371 1340 2412 iecissem
1353 2369 1444 2413 socen
1459 2358 1580 2428 bonini,
1591 2388 1626 2400 -
1639 2363 1712 2433 puta
1723 2362 1780 2418 ter-
1794 2369 1853 2414 Ven.
1878 2376 1899 2416 e.

45 2407 137 2506 affin
149 2443 279 2520 spoliati,
294 2441 483 2498 adverterunt
495 2455 581 2496 suam
595 2437 776 2507 nuditatem,
796 2436 943 2494 confusio·
986 2437 1104 2495 ribilem
1116 2439 1268 2512 strepitum
1279 2443 1307 2495 ct
1319 2437 1467 2511 fragorem
1479 2455 1515 2496 ex
1530 2442 1721 2500 concussione
1735 2457 1781 2500 ar·
1793 2431 1899 2537 fflmff

55 2526 119 2569 ΑΜ
150 2545 220 2587 nem
234 2531 263 2585 et
274 2523 494 2595 verecundiam,
513 2539 550 2580 ex
563 2539 599 2580 ec
613 2522 698 2596 quod
712 2520 852 2578 sentirent
866 2519 897 2576 in
913 2535 944 2576 se
987 2521 1096 2578 borum
1120 2539 1138 2579 a
1161 2522 1219 2579 lteo
1233 2523 1495 2593 cxcitatum3nam
1510 2523 1644 2596 quaslad
1659 2525 1781 2597 vestigia
1815 2554 1881 2599 hug,

148 2607 502 2683 motusconcupiseentiae
514 2600 638 2664 rebelles
651 2605 768 2676 rationi,
781 2605 944 2678 presertim
987 2607 1036 2662 Dei
1060 2607 1200 2664 venientis
1221 2624 1240 2665 a
1258 2607 1347 2679 longa
1367 2611 1395 2666 et
1414 2623 1467 2680 per
1481 2607 1602 2665 arbores
1620 2609 1778 2681 gradientis
1794 2615 1837 2659 icit
1857 2617 1899 2662 tn·

11 2721 15 2802 ι
148 2694 485 2756 libidinisadinricem.
500 2691 626 2748 illenim
640 2694 739 2747 motus
748 2689 896 2746 inhonesti
904 2688 944 2745 lta
987 2691 1108 2747 arbores
1128 2692 1372 2749 concutiebantur
1390 2711 1398 2747 ε
1414 2693 1569 2752 eratenim
1583 2695 1715 2753 voxheec
1730 2697 1779 2755 Dei
1793 2690 1903 2786 ΒΜ

148 2784 264 2858 pudore
275 2777 408 2836 afficiunt
420 2773 590 2845 hominem,
604 2774 716 2846 etipsa
730 2772 864 2830 membra
878 2789 943 2841 sua,
988 2775 1205 2833 deambulantis
1227 2779 1258 2834 in
1281 2777 1420 2850 paradiso
1428 2819 1438 2848 ,
1452 2781 1485 2835 ul
1498 2778 1539 2836 ait
1551 2782 1653 2836 lioses.
1668 2781 1780 2852 Cajeta·

147 2857 309 2940 inquibus
331 2861 395 2918 hec
417 2859 655 2932 concupiscentia
674 2859 795 2928 regnat,
817 2859 896 2927 tegat
916 2859 945 2912 et
987 2875 1044 2915 nus
1057 2863 1155 2916 tamen
1167 2875 1272 2917 vocem
1286 2861 1420 2932 intelligit
1434 2876 1496 2917 non
1509 2861 1781 2932 arborum,sedlo·

146 2949 331 3008 abscondat:
344 2943 475 3017 indeque
490 2941 581 3012 terlio,
593 2941 783 2998 adverterunt
796 2943 944 3012 quantum
986 2941 1104 3016 quentis
1116 2945 1144 2999 et
1157 2943 1221 3000 irati
1238 2943 1303 3012 Dei,
1320 2960 1368 3013 ac,
1381 2945 1414 3000 ut
1428 2943 1491 3001 vult
1504 2944 1670 3015 abulensis,
1682 2946 1781 3004 dicen·

145 3034 263 3091 bonum
273 3029 393 3104 justitia
409 3023 558 3099 originalis
570 3027 744 3096 amiserant,
760 3029 789 3081 et
800 3025 831 3082 in
848 3041 943 3098 quan·
985 3025 1021 3082 tis
1036 3043 1043 3081 :
1058 3025 1194 3095 eddam,
1208 3019 1261 3081 ubi
1278 3042 1309 3082 es
1322 3027 1358 3100 (1)
1370 3027 1407 3081 ‘le

146 3125 209 3176 tum
223 3121 378 3192 peccatum
393 3130 427 3170 ac
442 3112 745 3182 malumeeciderant3
757 3117 864 3182 quarto,
876 3126 945 3183 cog·
1022 3111 1112 3167 Porro
1127 3109 1247 3180 agnovit
1258 3109 1351 3166 Adam
1362 3110 1439 3167 hanc
1452 3127 1515 3167 esse
1527 3111 1576 3167 Dei
1587 3124 1709 3183 vocem,
1721 3117 1782 3185 pri-

146 3202 403 3270 noreruntlteum,
415 3195 523 3270 ltelque
533 3195 707 3253 sententiam
719 3211 782 3251 esse
794 3209 925 3251 veracem
933 3214 943 3266 3
987 3210 1044 3259 ma,
1060 3194 1132 3266 quia
1148 3194 1211 3264 jam
1232 3197 1299 3250 ante
1314 3209 1382 3250 cum
1397 3196 1455 3251 Deo
1479 3193 1660 3266 collocutus,
1676 3212 1780 3254 vocem

146 3291 313 3360 serpentem
325 3297 396 3339 vero
411 3285 439 3337 et
453 3281 620 3338 daemonem
641 3295 704 3335 esse
723 3277 897 3335 mandacem
912 3277 944 3335 in
987 3277 1104 3335 solitam
1119 3277 1167 3334 Dei
1181 3277 1301 3348 agnovit
1309 3296 1318 3348 ς
1332 3277 1465 3344 seeundo,
1480 3277 1552 3351 quia
1569 3277 1634 3334 haec
1644 3295 1705 3335 vox
1718 3287 1782 3338 erat

145 3370 301 3446 promissis
319 3363 484 3424 sibilantis.
507 3359 549 3420 lta
573 3363 601 3420 S.
625 3361 867 3436 chrysostomuS,
886 3357 944 3420 llu-
986 3361 1090 3432 ingens
1103 3363 1132 3418 et
1142 3357 1295 3432 terribilia
1308 3361 1458 3435 dignaque
1470 3364 1528 3418 ileo
1541 3359 1626 3418 :licet
1636 3363 1714 3418 enim
1727 3379 1781 3437 per

145 3461 247 3530 pertus
262 3458 290 3510 et
301 3454 328 3512 S.
339 3449 531 3522 Augustinus,
546 3443 600 3505 lib.
616 3444 673 3504 xlv
686 3447 726 3503 lle
741 3447 824 3504 dicit.
839 3463 910 3504 xvir.
986 3445 1126 3517 angelum
1140 3440 1293 3502 efformata
1306 3448 1392 3514 esset,
1404 3449 1503 3502 tamen
1515 3444 1607 3500 Deum
1618 3443 1779 3504 referebat:

181 3546 223 3600 Ex
237 3540 375 3599 hocloco
390 3527 538 3608 colligitur
550 3535 635 3608 quod
648 3536 708 3591 Era
719 3551 772 3608 per
788 3539 943 3607 peccatum
985 3529 1053 3586 ride
1075 3529 1142 3585 Gan.
1163 3527 1218 3599 {63
1233 3529 1330 3593 terlio,
1344 3527 1416 3601 quia
1433 3527 1528 3585 Adam
1540 3527 1650 3584 sciebat
1662 3527 1780 3588 nullum

146 3627 273 3702 spoliala
284 3623 388 3695 gratia,
403 3635 466 3677 non
474 3619 630 3677 adverterit
640 3634 726 3675 suam
735 3618 941 3676 contusionem
986 3613 1078 3670 aliurn
1102 3628 1166 3669 csse
1186 3609 1357 3682 hominem,
1379 3611 1432 3685 qui
1454 3611 1531 3668 hanc
1548 3626 1653 3668 rocem
1675 3613 1781 3670 excita·

146 3717 174 3768 et
187 3711 364 3777 nuditatem,
378 3695 474 3762 denec
487 3701 636 3762 adamum
649 3703 688 3758 ad
697 3701 778 3758 idem
788 3706 943 3774 peceatum
985 3699 1047 3766 ret;
1070 3697 1185 3766 quarte,
1209 3694 1282 3768 quia
1305 3693 1484 3751 conscientia
1505 3694 1635 3768 peccati,
1657 3695 1780 3769 ipseque
1804 3729 1807 3739 ·

145 3795 282 3864 induxit,
298 3792 389 3864 idque
403 3788 476 3862 quja
488 3782 586 3844 brevis
601 3801 686 3842 mora
698 3785 858 3842 intercessit
868 3784 945 3842 inter
986 3781 1061 3836 Deus
1083 3777 1175 3835 menti
1193 3777 1257 3849 ejus
1283 3777 1481 3850 suggerebant
1500 3775 1578 3835 hanc
1591 3778 1642 3835 Del
1654 3775 1780 3836 vindicis

145 3880 301 3952 utriusque
315 3878 484 3949 peceatum,
498 3873 631 3946 qualive
644 3871 706 3926 tota
720 3872 865 3942 occupata
882 3869 943 3924 suis
986 3878 1049 3920 esse
1062 3876 1178 3920 vocem·

145 3963 230 4038 pomi
245 3958 373 4028 deliciis,
388 3962 480 4028 utque
494 3971 544 4012 eas
556 3953 622 4010 viro
637 3969 692 4010 suo
707 3952 824 4009 offerret
836 3955 864 4008 et
877 3967 944 4026 per·
1020 3951 1064 4005 hu
1085 3961 1182 4006 turin
1201 3961 1271 4006 rosr
1293 3963 1450 4017 nrnininn,
1472 3978 1508 3990 -
1529 3951 1603 4022 puta
1620 3949 1779 4008 inclinante

144 4046 283 4104 suaderet
290 4085 300 4114 ,
314 4057 377 4100 non
397 4039 563 4098 reflectebat
584 4037 624 4094 ad
637 4053 723 4093 suam
742 4035 893 4092 miseriam
915 4041 944 4093 et
986 4031 1051 4102 dic,
1073 4030 1198 4104 quando
1219 4028 1349 4102 aspirare
1372 4029 1468 4086 solent
1489 4029 1569 4086 lenes
1593 4030 1730 4105 zephyri,
1753 4039 1782 4090 ct

145 4129 328 4199 nuditatem,
341 4131 391 4184 aut
404 4130 490 4194 certe,
506 4122 607 4180 utvult
616 4120 786 4179 franciscus
795 4120 943 4192 aretinus,
985 4131 1058 4172 aura
1071 4115 1110 4172 ab
1123 4111 1297 4170 hominibus
1311 4113 1420 4170 diffl‘tw
1432 4114 1504 4169 ⁸³⁸¹ss
1516 4111 1643 4185 fatigatis
1656 4116 1779 4188 captari·

144 4220 206 4274 Eva
219 4230 282 4272 non
294 4212 350 4269 fuit
360 4209 488 4284 spoliata
497 4207 609 4279 justitia
622 4203 774 4277 originali,
795 4209 943 4277 quatenus
985 4201 1026 4256 lta
1039 4215 1076 4255 ex
1089 4197 1284 4271 Symmacho,
1298 4196 1404 4270 Aquila
1417 4201 1445 4254 et
1462 4197 1662 4256 theodotione
1676 4199 1702 4256 S.
1717 4195 1780 4258 lite-

145 4315 182 4359 ea
191 4298 248 4355 fuit
258 4295 353 4369 gratia
366 4293 457 4365 gratis
472 4291 551 4361 data,
563 4306 616 4347 nec
626 4289 717 4346 sensit
725 4291 825 4345 motus
836 4305 943 4346 conon·
984 4298 1129 4356 rcnymus
1147 4281 1179 4338 in
1200 4281 1302 4348 Queat.
1328 4279 1444 4338 macte.
1467 4282 1610 4355 Apparuit
1629 4283 1708 4341 enim
1731 4281 1780 4342 hic

144 4381 296 4458 piscentiae
309 4383 338 4436 ct
357 4377 521 4434 nuditatem
536 4391 635 4445 suam,
654 4371 750 4430 donec
767 4370 862 4430 Adam
876 4389 943 4446 pec·
985 4371 1078 4437 Dens,
1100 4370 1151 4423 aut
1174 4364 1273 4439 potius
1286 4363 1410 4436 angelus
1430 4363 1494 4421 vice
1506 4362 1556 4422 Dei
1569 4366 1656 4438 quasi
1669 4365 1779 4439 homo,

145 4467 223 4524 cavit
239 4483 247 4520 :
261 4470 332 4522 tunc
345 4462 426 4518 enim
439 4465 535 4518 totum
548 4459 638 4516 hocce
651 4457 830 4531 primaevum
840 4455 944 4513 inobc-
985 4455 1013 4506 et
1027 4448 1157 4507 hominis
1167 4447 1263 4522 specie
1274 4446 1470 4504 deambulans
1480 4446 1512 4503 in
1522 4445 1662 4520 paradiso
1677 4449 1725 4524 (t).

145 4550 264 4608 dieatiae
285 4551 440 4622 peccatum
463 4546 703 4601 consummatum
721 4538 793 4609 luit,
812 4544 943 4614 tuncque

146 4640 273 4709 uterquc
287 4648 323 4688 cx
335 4631 453 4688 decreto
468 4627 517 4684 Dei
528 4626 641 4699 iustitia
651 4623 788 4695 originali
799 4623 942 4697 spoliatus
1098 4686 1103 4696 ⁴
1311 4683 1317 4695 ,
1356 4683 1362 4694 ,
1771 4685 1778 4696 ·

984 4695 1010 4737 et
1023 4687 1154 4748 strepitum
1168 4681 1284 4748 quemvis
1297 4683 1432 4748 significat.
1451 4683 1537 4741 Quum
1549 4689 1634 4733 autern
1651 4683 1721 4734 nulla
1734 4687 1780 4736 Det

144 4707 944 4869 fgtgsglffiffitegffistSleffffisffevtadgasffilffi
983 4755 1228 4838 ιε1ειιιιιῑιιιιει1ιιι,
1250 4755 1420 4819 quibuscum
1442 4755 1583 4834 adventare·
1600 4754 1781 4807 intellexerunt

145 4890 214 4956 tate,
230 4901 284 4942 nce
298 4900 371 4940 ausa
384 4881 487 4938 luisset
500 4838 633 4936 nu'dairc
645 4877 802 4946 advirum,
817 4877 871 4933 sed
880 4892 942 4950 pree
983 4826 1782 4961 gfff„fflgltffggigfflmffipffiffiifffflffiffi}

145 4969 325 5028 verecundia
348 4965 475 5023 latebras
497 4968 548 5022 aut
571 4968 684 5019 vestem
705 4961 874 5035 quaesisset,
899 4959 941 5017 uti
984 4971 1060 5020 uritis
1079 4968 1242 5034 praenuntius.
1261 4969 1400 5032 sictttep.
1419 4979 1474 5026 xn,
1492 4969 1628 5026 ts,sou1c
1650 4968 1734 5016 tenete
1754 4969 1782 5017 et

145 5053 213 5111 fecie
226 5068 300 5110 mox
312 5056 345 5108 ut
357 5051 453 5108 Adam
467 5047 610 5124 peccavit,
983 5043 1049 5092 lenis
1063 5043 1146 5091 Deum
1161 5041 1245 5090 adesse
1260 5037 1392 5103 siguificat.
1408 5037 1444 5087 Ex
1459 5037 1542 5086 senine
1554 5037 1625 5098 quasi
1640 5049 1739 5100 gressus
1753 5035 1780 5086 in

181 5143 240 5199 Cur
253 5157 291 5198 ex
304 5139 436 5197 nuditate
451 5137 623 5194 naturaliter
641 5139 782 5210 sequatur
801 5148 942 5189 verecun·
983 5111 1313 5233 'Sgffiffiffiufflifffl
1333 5109 1415 5159 heum
1442 5108 1526 5158 adm
1551 5105 1676 5158 mellent
1700 5107 1780 5157 “¹²³¹

1177 5216 1183 5230 .
1222 5219 1230 5245 ,
1275 5218 1283 5232 .

147 5225 211 5324 dia,
232 5225 301 5324 vide
320 5222 403 5322 apud
420 5221 448 5279 S.
467 5219 649 5296 cyprianum
667 5235 755 5276 serm.
774 5221 813 5273 De
826 5219 942 5274 lloticae
1016 5256 1146 5318 mmm
1175 5259 1246 5320 m
1268 5252 1468 5316 spiramentum,
1488 5251 1541 5302 g„
1567 5249 1797 5314 imprimentem,

147 5323 369 5367 circumcisiones.
982 5324 1034 5375 diei
1050 5335 1086 5374 est
1098 5336 1209 5386 vespera.
1224 5323 1261 5374 u.
1278 5325 1350 5373 Cant.
1363 5335 1394 5386 ιι,
1413 5325 1452 5372 le.
1466 5321 1566 5372 Etenim
1579 5320 1606 5370 in
1624 5317 1781 5370 Orientisre·
1891 5357 1900 5374 .

182 5394 253 5450 ilinc
267 5393 295 5452 S.
310 5391 502 5468 numanus,
513 5406 602 5450 serm.
616 5392 652 5448 ’Π
662 5387 941 5464 memorarent
982 5393 1100 5462 glorians
1112 5393 1210 5456 aliquot
1227 5389 1297 5444 horis
1311 5399 1370 5443 ante
1380 5392 1439 5443 sotis
1453 5405 1569 5444 ocenum
1585 5397 1675 5444 rentes
1688 5388 1778 5440 oritur.

1018 4613 1053 4680 (1)
1070 4613 1168 4664 Nomen
1176 4593 1234 4689 bip
1243 4611 1394 4676 ambiguum
1407 4615 1445 4662 est
1454 4626 1462 4662 ε
1471 4623 1555 4661 vocem
1564 4611 1633 4662 enim
1644 4609 1778 4676 loquentis,
