4042 6032
1637 236 1734 296 lxxix

109 338 191 410 eume
209 343 354 396 namra·
374 341 419 398 est
438 340 557 415 tempus
564 377 575 411 ,
593 342 639 398 eet
657 341 783 398 ebrona
794 342 823 396 et
835 337 899 398 tine
943 351 996 400 rur
1008 341 1087 401 emm
1100 341 1233 402 infinitus
1250 340 1435 412 motionum,
1455 341 1516 399 sire
1529 341 1736 414 irregularium

109 421 289 495 principio.»
303 422 391 482 elma
407 423 487 496 loges
503 423 585 500 opud
597 424 747 482 Patavium
761 439 798 480 ex
812 422 900 480 Atha·
943 427 992 495 sit,
1005 427 1066 484 sive
1075 427 1266 498 reginarium,
1280 426 1433 484 &eedem
1440 441 1496 483 nos
1505 425 1586 484 ducit
1593 425 1733 482 absurda

109 505 201 576 nasio,
222 508 367 579 ityssono,
383 505 494 580 cyrillo
513 507 685 579 nimands,
710 507 837 566 lleximo
849 510 898 576 u,
943 517 988 567 an
1005 510 1104 585 (quod
1115 507 1265 568 neminem
1282 509 1442 568 credidisse
1456 509 1544 584 puto)
1566 524 1735 584 supponere

2 675 3 696 Χ
110 590 281 661 toguano,
294 589 449 662 tangente
462 590 598 664 alisque.
676 639 680 646 .
942 594 1094 665 volumus,
1107 609 1211 652 omnes
1224 597 1341 654 atomos
1358 592 1564 652 materieitota
1578 592 1735 651 eternitete
1816 640 1818 646 .

142 673 580 749 tmnnmehiloponmlihram
588 672 900 734 ediditcontrcmundi
942 677 1068 750 periente
1076 678 1495 753 quievisse,eopostmodum,
1508 675 1682 736 dormientis
1691 676 1736 732 in·

110 757 308 829 eternitatem,
333 760 457 833 eiusqrre
476 761 731 834 propugnatorem
749 758 898 816 Proclum.
943 765 1004 818 star
1020 761 1162 820 exercitus
1176 761 1307 836 qui,·esi
1319 759 1393 820 tuba
1407 758 1531 820 terribili
1543 760 1642 818 sonitu
1658 764 1735 818 tare-

109 843 160 913 lbi,
172 843 214 900 ait
226 845 371 916 Petosiris,
391 845 459 904 nite
472 844 534 916 illo,
546 845 601 902 sed
612 844 782 904 firmissima
793 845 896 901 edver-
943 849 1057 902 unum
1068 845 1159 915 dixit,
1171 864 1187 902 r
1198 846 1341 904 excitatus
1352 845 1504 917 consurgit
1514 848 1544 901 et
1559 844 1599 902 ed
1612 843 1732 902 ordines

47 945 54 958 ·
109 942 157 982 sus
169 927 355 986 Aristotelem
369 927 482 1001 objicit,
494 928 579 1003 quod
592 927 896 986 etinfinitumaetuet
942 933 1100 1002 properet,
1117 928 1298 1003 qrriceoentia
1313 927 1366 986 ille
1379 927 1557 1003 corpuscula
1570 927 1611 987 ab
1623 933 1733 986 emmo

107 1010 202 1084 reipsa
212 1012 347 1085 ponitur,
359 1012 386 1068 si
398 1013 530 1071 mundus
542 1011 639 1070 existit
647 1011 687 1070 ab
697 1015 817 1080 aterno,
827 1021 897 1066 oon·
943 1026 1049 1070 somno
1063 1011 1266 1089 expergefacta
1276 1011 1408 1086 quietem
1424 1016 1563 1070 emmam
1580 1014 1613 1072 in
1626 1029 1733 1089 perpe-

108 1097 243 1168 traqoam
259 1095 318 1169 ipsi
338 1096 437 1154 visum
456 1100 500 1153 est
518 1093 663 1154 Aristoteli
677 1113 685 1152 ι
700 1094 811 1168 quippe
829 1109 897 1150 cum
943 1098 1027 1152 tuum
1042 1101 1157 1154 motum
1170 1100 1310 1168 mutasse,
1327 1101 1355 1154 et
1369 1097 1430 1154 sive
1444 1112 1526 1167 casu,
1538 1112 1606 1173 quas
1619 1099 1734 1174 Epicuri

107 1176 220 1236 munta
233 1193 359 1236 numero
379 1179 536 1238 individua
556 1193 656 1236 rerum
673 1178 809 1234 omnium
825 1175 897 1234 exti-
943 1182 1086 1240 sententia
1099 1179 1169 1253 luit,
1192 1182 1255 1239 sive
1273 1180 1324 1240 liei
1343 1186 1419 1239 nutu
1435 1184 1464 1238 et
1483 1182 1563 1254 lege,
1584 1183 1734 1241 mundum

39 1303 42 1310 ‚
108 1262 207 1332 tarint,
220 1279 290 1336 ques
308 1279 347 1321 ex
367 1263 484 1322 infinito
499 1261 654 1322 intervallo
670 1265 770 1320 ortum
784 1259 897 1318 habue-
941 1263 1063 1338 proprie
1073 1264 1185 1323 dictum
1198 1263 1504 1334 constituissetQuaeri
1513 1266 1613 1338 primo
1621 1270 1733 1340 posset,

2 1425 4 1440 Ι
107 1351 190 1416 remig
208 1351 239 1404 et
251 1346 400 1408 numiam
420 1347 538 1406 bomiri
555 1344 764 1420 muriaque
782 1344 895 1418 potuit,
942 1361 1035 1421 quare
1043 1348 1300 1406 tandemmateriei
1309 1349 1387 1422 leges
1396 1347 1539 1423 imposuit
1547 1351 1633 1420 Deus,
1641 1365 1734 1425 quam

107 1430 251 1504 quoniam
267 1431 451 1488 infinitarum
469 1429 693 1503 genmadonum
705 1443 897 1504 precumque
942 1430 1099 1490 eternitate
1118 1436 1181 1491 tota
1199 1433 1334 1505 exlegem
1350 1431 1519 1507 reliquerat.
1538 1434 1647 1490 Verum
1659 1437 1688 1491 st
1700 1434 1734 1492 in

106 1515 135 1572 in
147 1518 283 1588 tempore
293 1519 444 1588 postrema
454 1512 604 1594 designari
615 1515 721 1589 potest.
736 1513 820 1572 Adde
832 1512 898 1570 infl-
942 1515 998 1574 hac
1019 1514 1178 1590 hypothesi
1199 1521 1299 1574 manet
1319 1519 1381 1575 tota
1401 1517 1448 1573 vis
1465 1517 1626 1591 superioris
1642 1534 1733 1592 ergu-

107 1598 199 1656 nitnm
212 1597 293 1660 illud
306 1600 451 1673 temporis
469 1600 615 1673 spatium,
635 1599 721 1672 quod
740 1613 776 1656 ex
788 1601 897 1655 aeterno
941 1599 1043 1658 menti.
1057 1601 1181 1670 Etsene,
1194 1601 1317 1659 materie
1325 1601 1448 1673 ejusque
1456 1601 1549 1659 atomi
1557 1604 1627 1658 sunt
1636 1616 1734 1660 essen-

108 1680 302 1752 dimittinius
314 1683 513 1755 singulorum,
524 1697 555 1740 r.
565 1698 597 1756 g.
609 1683 768 1740 hominum
776 1681 844 1739 vita
853 1681 898 1740 in·
940 1683 982 1739 tie
993 1699 1050 1742 sue
1059 1684 1166 1744 inertes
1179 1689 1210 1744 et
1219 1685 1356 1755 mobiles,
1370 1685 1453 1742 idest
1460 1685 1554 1743 motui
1562 1685 1732 1760 recipiendo

109 1766 557 1841 unnncoroponereetinitum
564 1766 751 1826 autemflnito
762 1767 897 1826 additum
941 1772 1032 1841 apte:
1047 1783 1136 1842 ergo,
1149 1769 1176 1828 sl
1193 1784 1309 1842 semper
1329 1768 1468 1840 existere,
1482 1784 1600 1844 semper
1618 1771 1733 1828 moveri

1 1859 3 1940 g
108 1863 166 1908 noa
186 1853 287 1924 potest
302 1850 453 1910 infinitum
465 1851 581 1927 aliquid
599 1850 704 1910 iacere.
727 1854 897 1927 Hucusque
939 1853 1734 1932 potuerunt.igilurinhechypothcsineoessarioesset

2 1947 3 1978 i
109 1932 247 1990 hunus.
265 1934 315 1996 lits
326 1935 404 1993 adde
415 1937 445 1994 S.
455 1935 691 1994 maerentum
699 1935 732 1992 in
740 1937 764 1993 ll
774 1936 894 1994 senaa
939 1935 1202 2009 possibilismotue
1221 1940 1414 1994 aeternussen
1432 1935 1548 1993 infinite
1564 1937 1733 2013 motionum

108 2018 209 2086 duest
222 2018 326 2088 ll,art
341 2021 368 2078 1.
940 2020 1041 2091 series,
1050 2035 1143 2094 quam
1151 2019 1367 2096 hnpossibilem
1380 2019 1658 2078 demonstravimus.

2 2133 3 2158 e
137 2097 165 2156 iii
187 2099 268 2156 bens
288 2112 391 2156 rerum
409 2098 630 2158 rmivmdteiem
649 2113 713 2157 non
729 2099 840 2158 creavit
859 2115 897 2157 cx
974 2101 1195 2162 advertendum
1216 2107 1276 2184 est,
1290 2103 1427 2160 eamdem
1448 2103 1486 2160 de
1499 2104 1636 2162 rationali
1649 2121 1733 2164 erea-
1810 2100 1813 2108 ’

103 2179 208 2251 anilo,
216 2184 295 2240 certe
307 2186 418 2245 meree
429 2187 475 2241 cst
487 2183 585 2242 omnis
598 2183 705 2240 mundi
718 2183 850 2242 macria
864 2183 897 2241 ln
938 2189 1007 2246 ture
1019 2187 1275 2247 ratiocinationem
1284 2187 1394 2244 velere.
1408 2188 1473 2243 tiae
1481 2185 1561 2244 enim
1571 2191 1616 2246 est
1625 2192 1732 2248 natura

9 2309 13 2324 ι
103 2263 444 2340 hwhrpoihttlmotus
456 2281 579 2340 quoquo
592 2269 637 2324 est
646 2267 805 2340 ponendus
815 2269 897 2326 ater
938 2269 1133 2342 mutabiliset
1146 2277 1230 2330 motu
1247 2271 1526 2345 spiritualimohttie,
1541 2271 1632 2329 variis
1648 2274 1731 2346 cogi-

102 2362 176 2420 ΠΜ»
197 2348 258 2408 ὓίῑί
273 2349 425 2423 finitimi·
438 2349 562 2408 ‘mim
575 2364 633 2422 Pro
644 2349 767 2408 arbitrio
775 2391 786 2422 ,
803 2353 897 2407 mate-
938 2353 1295 2414 tationlbusotdesideriis
1304 2357 1456 2424 moretum
1469 2354 1644 2413 etlioetnon
1653 2372 1730 2416 sem·

100 2433 176 2491 nam
188 2432 275 2491 illam
286 2438 349 2492 tota
359 2433 519 2494 eternitate
534 2433 692 2508 quievisse,
715 2449 750 2492 ac
763 2432 896 2506 tandmn,
937 2452 993 2514 per
1005 2439 1170 2499 necessario
1182 2441 1346 2509 mereatur,
1356 2438 1411 2496 sod
1419 2453 1473 2512 per
1482 2437 1606 2514 aliquod
1614 2445 1730 2514 tempus

99 2525 169 2592 post
181 2522 325 2582 marom
336 2519 483 2593 qmstem
504 2522 622 2580 motam
635 2533 655 2576 a
666 2521 727 2576 lieo
739 2518 894 2592 occepisse.
937 2521 972 2582 in
981 2537 1042 2581 une
1056 2522 1159 2598 alique
1167 2521 1342 2596 eogiauom
1355 2522 1404 2580 vel
1417 2520 1524 2580 affectu
1534 2537 1652 2580 monere
1661 2541 1729 2599 pos·

98 2603 132 2660 ln
143 2603 248 2676 prime
254 2601 426 2677 hypothesi,
438 2606 609 2661 nmemeest
623 2616 735 2676 ponere
747 2601 897 2662 inlinitum
938 2608 978 2668 sit
988 2605 1129 2678 mmsis,
1142 2611 1175 2664 ut
1189 2610 1264 2682 puta
1280 2606 1313 2662 in
1325 2604 1369 2664 rei
1381 2604 1506 2678 alicujus
1519 2607 1728 2679 admiratione,

99 2701 262 2746 cummim
271 2685 494 2748 revolutionum
500 2725 512 2760 ,
524 2685 608 2757 solie,
616 2702 643 2744 e.
657 2702 699 2759 g..
711 2685 760 2745 rol
771 2686 897 2758 telluris,
938 2705 1056 2766 semper
1067 2696 1112 2750 eet
1123 2694 1223 2749 nmen
1235 2689 1401 2749 necessario
1413 2688 1544 2748 mobilis.
1559 2694 1629 2749 beta
1638 2692 1729 2764 igitur

99 2770 157 2829 hoc
166 2775 224 2842 eet,
235 2770 388 2830 inlinitum
396 2786 416 2829 a
423 2775 561 2830 motuum
569 2770 645 2830 seris
653 2771 801 2844 gemtum
812 2771 898 2848 quod
937 2775 990 2835 tali
1003 2781 1138 2835 ereatura
1149 2779 1269 2847 eterna
1281 2773 1413 2834 ebsurm
1424 2773 1515 2832 series
1524 2774 1640 2834 infinite
1650 2777 1731 2849 cegi-

101 2857 143 2913 ert
154 2854 283 2916 evidens
297 2853 472 2916 mundum.
487 2856 561 2912 Nam
575 2853 664 2913 series
677 2858 706 2924 i,
718 2856 748 2926 2,
758 2856 788 2926 a,
800 2857 830 2928 l,
843 2858 895 2914 c...
937 2861 1084 2920 maenum
1104 2866 1156 2920 eut
1172 2861 1292 2920 alterim
1309 2864 1409 2920 motus
1421 2857 1576 2934 spiritalis,
1592 2858 1642 2917 rel
1661 2864 1730 2919 eota

100 2951 260 3012 nunqnam
277 2937 318 2996 ed
335 2937 486 2998 inlinitum
502 2938 652 3012 perveniet
675 2942 727 2998 eut
746 2937 896 2998 infinitum
938 2943 1068 3016 daretur,
1080 2944 1128 3003 vel
1140 2944 1305 3004 necessario
1318 2946 1396 3002 esset
1407 2941 1569 3017 possibilis.
1766 2965 1771 2970 ·

102 3021 194 3094 dabit,
201 3022 260 3082 sed
269 3035 386 3098 semper
397 3035 568 3094 numerum,
578 3021 613 3080 id
622 3025 665 3080 eet
674 3035 823 3085 summam
831 3025 896 3082 uni:
972 3027 1037 3084 tion
1049 3029 1092 3083 cst
1103 3029 1202 3084 eutem
1215 3024 1397 3094 mirandum,
1408 3022 1434 3080 si
1445 3021 1622 3083 monem
1627 3037 1729 3084 rerum

99 3111 203 3166 ann.
224 3108 262 3166 ln
287 3119 412 3166 numero
428 3122 490 3166 non
512 3107 569 3165 nisi
595 3105 725 3168 ahands
746 3105 897 3168 inlinitum
937 3124 975 3168 ex
988 3108 1082 3168 nihilo
1095 3125 1197 3169 seuex
1213 3103 1490 3177 nen-existentibus,
1507 3105 1671 3164 beudsatis
1683 3107 1729 3168 in·

100 3193 259 3266 qtmritirr,
279 3196 310 3250 et
328 3191 536 3250 tantummodo
556 3191 588 3248 in
610 3190 721 3250 animle
739 3191 895 3266 repetitu.
937 3193 1106 3266 telligimus.
1129 3192 1184 3264 Qui
1204 3195 1249 3249 tot
1265 3203 1424 3264 corporeos
1437 3187 1572 3260 effectus,
1592 3191 1728 3251 sensibus

99 3279 245 3350 mntem
262 3281 430 3336 elmerus
446 3280 517 3335 runt
535 3277 605 3335 dure
627 3275 765 3334 notiones
789 3279 895 3336 mutuo
937 3277 1043 3335 obvios
1063 3292 1126 3336 non
1145 3276 1214 3333 satie
1236 3274 1445 3346 intelligimus,
1467 3273 1541 3348 quid
1554 3273 1684 3348 mnam,
1701 3276 1729 3334 si

71 3401 73 3405 ,
98 3363 279 3434 pugnantes,
295 3374 426 3434 quarum
439 3375 546 3433 nempe
559 3359 651 3419 alere
664 3358 786 3418 alteram
799 3360 897 3420 exolu-
937 3359 1050 3436 aperire
1068 3374 1131 3419 non
1149 3358 1299 3435 possimus
1322 3358 1375 3417 ubi
1395 3357 1486 3426 clavis
1505 3373 1646 3416 sensuum
1664 3374 1728 3418 non

2 3449 3 3478 l
99 3445 156 3514 dit,
168 3443 302 3502 etstnrul
320 3441 417 3502 ambo
437 3445 588 3517 nequeunt
608 3441 776 3500 consistere.
797 3444 826 3501 Si
838 3459 894 3502 ors·
937 3447 1033 3518 adame
1054 3445 1130 3520 quid
1147 3443 1275 3512 mhum,
1290 3441 1315 3498 si
1328 3456 1422 3515 opera
1441 3441 1727 3502 incommunicabilis

1 3518 3 3565 ί
98 3526 557 3602 meruoporeetporedditicnes
565 3525 896 3588 aliorumnumerorum
934 3529 1074 3605 potentie
1083 3525 1473 3601 boisetisoomprehendere
1486 3526 1726 3586 uonvaleemust
1785 3599 1786 3602 Ἴ

98 3611 895 3686 flurinfinitus,o1isdmeturnumarus,quiperuni-
935 3616 1012 3674 inter
1024 3613 1200 3688 mysterium
1212 3618 1313 3670 tamen
1323 3616 1351 3668 et
1361 3609 1538 3683 absurdum,
1551 3613 1644 3672 dubia
1652 3615 1726 3674 eteo-

99 3696 167 3755 teti·
182 3694 368 3754 &didonem
379 3693 512 3752 infinitus
530 3695 777 3752 cordoanarius
791 3711 895 3754 nume·
934 3699 977 3756 tio
1000 3713 1063 3756 esee
1080 3696 1183 3771 nequit
1196 3696 1311 3755 homini
1332 3710 1395 3754 non
1416 3696 1542 3766 menti,
1563 3699 1726 3770 presertim

100 3795 150 3838 rus
162 3783 241 3837 met
252 3776 360 3837 inliniri
371 3777 548 3838 dimidiumz
570 3777 670 3852 ipsum
682 3781 782 3836 autem
794 3778 894 3837 inlini·
936 3798 1004 3840 eum
1017 3782 1225 3854 mysteriorum
1239 3779 1342 3838 omnic
1354 3779 1445 3853 plena
1458 3782 1632 3854 spectemus.
1649 3785 1726 3842 acte-

99 3869 164 3922 tmn
174 3867 253 3922 esset
265 3877 408 3920 ornamus
420 3861 462 3935 tid
473 3865 519 3920 est
529 3877 648 3920 summe
659 3862 817 3937 unitatum)
830 3864 894 3922 sine
935 3880 1005 3924 men
1020 3865 1111 3923 obvio
1124 3864 1262 3937 exemplo
1276 3879 1335 3932 res,
1348 3863 1381 3920 ni
1391 3863 1495 3935 fallor,
1516 3865 1608 3940 paulo
1621 3865 1728 3924 intelli·

99 3963 226 4008 numero
242 3947 448 4012 daurminato.
473 3947 531 4005 Sed
554 3952 584 4005 et
596 3946 655 4005 alia
674 3947 894 4007 inorrmcraab·
934 3948 1054 4021 gibilior
1066 3948 1175 4006 evadit.
1187 3951 1261 4008 bum
1271 3961 1327 4004 nos
1336 3947 1418 4006 uiuri
1432 3947 1562 4023 cuipiam
1570 3948 1725 4023 loquentes

2 4031 3 4038 ’
100 4031 893 4106 surdaexibaproiluunthypothesi.simundusini·
934 4033 1154 4107 perceptionem
1171 4031 1295 4103 alicujus
1308 4031 1383 4088 idem
1396 4031 1660 4104 auteognitionem
1670 4034 1727 4092 ali-

100 4119 142 4177 tio
154 4119 259 4190 mm,
271 4116 378 4176 infiniti
391 4117 473 4175 luere
483 4119 548 4188 ejus
559 4117 638 4185 anni,
652 4116 761 4175 infiniti
772 4121 801 4175 et
813 4117 892 4189 dias;
934 4131 1027 4191 quam
1038 4119 1090 4174 eut
1102 4114 1258 4194 effectum,
1277 4115 1330 4189 qui
1342 4118 1427 4174 anne
1437 4115 1470 4174 in
1481 4131 1518 4174 eo
1532 4131 1594 4174 non
1606 4123 1668 4176 erat
1680 4118 1727 4194 (id

101 4207 130 4260 et
140 4215 287 4260 nummus
299 4215 448 4262 morum
461 4213 579 4274 equare
593 4199 696 4258 debuit
709 4199 826 4258 dierum
839 4216 895 4260 nu-
935 4206 978 4259 est
995 4203 1081 4258 anua
1096 4199 1170 4259 nihil
1186 4199 1278 4270 erat),
1292 4201 1323 4256 in
1337 4198 1401 4272 ejus
1420 4201 1521 4258 animo
1534 4215 1726 4276 generamus,

101 4301 235 4356 mum,
256 4299 342 4343 mtto
364 4284 415 4342 ille
434 4282 568 4342 infinitus
590 4297 652 4340 non
673 4280 789 4354 luisset,
810 4285 895 4359 quod
934 4290 1004 4343 tune
1014 4283 1164 4358 perceptio
1177 4287 1278 4339 nostra
1286 4285 1338 4340 aut
1346 4283 1531 4353 cognitioeut
1541 4284 1654 4344 allectio
1663 4302 1726 4347 non

99 4367 164 4428 lieri
172 4383 237 4427 non
250 4371 357 4443 potest,
371 4367 428 4425 nisi
440 4381 555 4425 mnam
566 4369 664 4440 eques
675 4380 737 4425 nne
750 4365 823 4436 dies,
837 4367 894 4426 hoe
935 4367 1059 4428 discedit
1069 4383 1106 4426 ex
1117 4366 1218 4425 nobis:
1228 4365 1343 4426 effecto
1357 4367 1439 4438 item,
1449 4368 1576 4440 cognitio
1590 4373 1641 4428 aut
1651 4369 1726 4430 idere

100 4451 273 4523 crt,nisisit
285 4452 404 4508 tastu.
416 4448 627 4523 Sioogimtione
639 4449 827 4509 ascendendo
839 4466 895 4525 pcr
933 4453 1083 4530 perceptio
1102 4452 1134 4508 in
1151 4451 1230 4509 illius
1249 4451 1349 4507 emmo
1363 4466 1417 4524 per
1435 4456 1537 4509 nostra
1551 4454 1643 4516 verbe
1656 4471 1726 4530 prc-

99 4538 239 4612 entiqaae
261 4534 479 4604 revolutiones,
501 4533 612 4592 multos
635 4547 730 4592 annos
749 4533 895 4609 impendi·
935 4539 1038 4608 ducte,
1053 4536 1222 4610 quemdem
1234 4535 1323 4593 nobis
1340 4533 1487 4610 producta
1500 4538 1537 4595 sit
1549 4540 1658 4613 etplus
1673 4541 1726 4598 mi-

99 4636 168 4678 mos
179 4621 214 4678 in
227 4617 431 4678 subtrahendo
440 4632 537 4677 annos
550 4617 590 4676 oh
598 4617 694 4689 annis,
708 4621 736 4676 et
748 4633 767 4674 a
780 4620 894 4676 seculis
935 4619 1185 4680 nuevesitnostroe
1193 4619 1307 4690 similis,
1320 4625 1423 4679 ndstra
1432 4625 1531 4680 temen
1538 4629 1660 4696 nonest,
1669 4641 1725 4684 nec

99 4703 221 4774 secula,
233 4717 351 4777 semper
364 4717 468 4760 sumus
480 4703 512 4759 in
524 4702 681 4777 principio,
697 4717 814 4775 semper
825 4700 894 4760 inii·
935 4709 979 4762 est
990 4705 1100 4762 modus
1108 4703 1201 4762 nostri
1216 4702 1346 4778 spiritus,
1359 4704 1453 4762 immo
1462 4721 1516 4766 nec
1529 4723 1649 4768 omnem
1657 4727 1727 4772 eum

100 4789 161 4848 nito
173 4787 321 4850 duamur
331 4785 372 4844 ab
381 4785 556 4847 eternitates
568 4785 717 4847 mundum
727 4785 894 4846 invenimus
934 4787 1111 4860 cognitione,
1126 4788 1212 4859 idee,
1226 4787 1379 4846 allectione
1392 4794 1494 4863 nostre
1504 4793 1726 4856 similitudinem

99 4872 260 4930 milloente
270 4885 327 4928 nos
336 4868 514 4944 amanen
524 4869 624 4927 minus
637 4869 793 4943 antiquum
805 4869 895 4929 tuisse
933 4872 1039 4945 babet3
1053 4885 1124 4930 nam
1133 4887 1210 4946 sape
1219 4872 1415 4944 minusclarc,
1430 4875 1564 4933 minusve
1571 4879 1727 4956 coequato

11 5013 14 5022 ,
99 4953 301 5032 quommodo
321 4955 375 5012 site
400 4955 465 5026 eius
486 4955 606 5013 «erade
619 4953 781 5028 viridisque
798 4969 897 5014 senec
934 4957 989 5014 erit
1002 4955 1079 5026 idea,
1093 4955 1193 5014 minue
1205 4955 1295 5031 plena
1307 4958 1450 5030 cognitio,
1462 4959 1666 5035 utaliquando
1680 4983 1726 5027 re·

100 5043 147 5098 tas
157 5059 175 5096 ι
196 5043 242 5098 est
259 5038 382 5118 quidem
394 5037 541 5109 maxima,
561 5037 614 5100 scd
630 5049 786 5115 nunquam
807 5049 896 5112 euge-
934 5039 1061 5110 misrior,
1074 5039 1238 5113 aliquemo
1248 5041 1450 5102 vehementior
1460 5042 1586 5104 affectio.
1600 5050 1727 5125 llmcigi·

101 5128 159 5188 tur.
171 5123 230 5186 lieo
243 5125 289 5184 tot
300 5117 531 5186 absurditatibus
543 5119 665 5182 cautem
677 5118 735 5182 ibis
750 5119 775 5180 si
787 5133 894 5198 pones,
934 5126 983 5181 tur
991 5118 1225 5197 producuntura
1236 5139 1338 5196 muse,
1352 5141 1422 5202 quo
1437 5131 1500 5186 tom
1510 5127 1631 5207 abipsis
1642 5135 1726 5195 effee-

102 5212 201 5274 moors
223 5200 894 5278 mmeoangmaotdssased
933 5205 1171 5266 tlbmdistinote
1195 5211 1476 5285 ert,quamundoe
1498 5228 1591 5274 aerea
1614 5218 1725 5294 quim

104 5297 249 5366 quantum
262 5289 338 5351 telis
346 5287 535 5365 mutuatos
545 5293 577 5349 et
588 5289 774 5362 mulares
787 5292 893 5372 dumo
936 5290 1135 5355 mediantibus
1147 5291 1203 5354 hot
1216 5291 1337 5358 oileottte
1350 5296 1492 5370 produnt
1502 5297 1652 5374 (dimersae
1664 5303 1725 5371 tere
