4018 5976
120 299 124 312 '
238 323 293 386 rie
732 321 974 382 commane
990 323 1025 382 n
1041 321 1197 394 mooun,
1213 332 1277 382 nr.
1294 323 1372 382 xxx.
1869 328 1886 366 a

74 495 80 504 ‚
133 447 207 485 aare
237 423 565 502 bernecnlumelnsqne
576 423 852 502 vendebaturque
869 427 947 486 illud
960 442 1031 486 oon-
1074 429 1186 488 misma
1198 428 1257 486 boc
1269 425 1376 487 confici
1388 425 1419 486 et
1429 422 1870 502 ammnaneeamana·

118 498 225 605 ‚ffi—
236 513 285 572 tici
296 527 334 572 ex
347 514 452 583 stacte,
464 509 671 583 cinnamomo,
682 509 818 581 calamo,
832 509 912 570 casia
923 515 953 570 et
963 510 1030 568 oleo
1073 512 1141 584 ulra,
1154 511 1286 585 galbano
1298 515 1327 570 et
1338 510 1435 570 thure.
1448 509 1528 569 Sicut
1539 509 1622 569 enim
1633 513 1710 570 bens
1720 512 1804 587 pasci
1816 528 1869 571 ro·

118 620 218 670 „nm
236 596 492 668 unvammans
502 593 705 656 mensurabis
724 595 896 672 prescripta
910 593 987 653 inter
998 609 1030 653 se
1074 596 1129 654 luit
1140 593 1541 669 riaumisantbropopatbae,
1553 594 1869 656 iteroluitetrecreeri

236 679 412 739 commixtis.
1075 679 1230 750 odoribus,
1241 678 1343 754 itaque
1355 677 1468 752 placari
1474 678 1572 752 ,quia
1584 677 1637 735 irae
1649 682 1678 737 et
1689 679 1869 752 indignatio-

270 765 389 824 cunr.
404 762 607 822 -Gelamum
623 762 672 821 bic
690 763 867 834 odoratum,
882 762 944 820 siue
963 777 1030 820 aro·
1074 763 1121 820 nis
1133 763 1277 821 indicium
1296 766 1341 821 est
1361 761 1394 820 in
1413 762 1547 820 neribus.
1565 762 1708 820 Undeiot
1721 780 1788 839 cap.
1802 781 1869 838 m,

234 848 377 906 meticum
388 845 537 919 intellige,
551 850 584 904 ut
596 849 678 921 patet
689 861 726 904 ex
739 845 876 915 Hammo,
890 843 1029 902 Chaldaeo
1073 860 1150 904 vers.
1162 845 1215 917 ll,
1229 845 1357 905 dicitur:
1375 862 1391 901 s
1405 846 1446 902 lie
1461 844 1585 903 naribus
1597 845 1662 918 ejus
1675 848 1811 920 procedit
1822 848 1870 906 iu·

234 936 264 988 et
274 932 478 1005 separeginta,
489 929 527 986 de
537 945 600 1002 quo
611 929 840 1002 Theophrastus,
851 927 903 986 lib.
919 929 951 984 ill
965 929 1029 983 llis-
1073 941 1178 998 mus3a
1189 930 1384 988 nareseutem
1396 926 1565 984 mulcentur
1577 927 1776 987 suaviodore.
1787 931 1870 988 Unde

235 1020 287 1073 tor.
308 1016 402 1072 Plorat.
421 1027 486 1088 cap.
508 1027 562 1082 vn3
581 1011 707 1082 Plinius,
720 1011 774 1070 lib.
789 1013 855 1082 llll,
869 1026 936 1084 cap.
948 1023 1026 1082 πως
1072 1009 1120 1067 bic
1141 1010 1315 1087 placationis
1332 1013 1437 1086 aptum
1455 1013 1500 1068 est
1516 1010 1702 1084 symbolum.
1721 1013 1764 1069 lta
1785 1014 1869 1071 Arias

234 1099 377 1172 Galenus,
390 1098 444 1158 lib.
459 1098 516 1156 Vlll
528 1097 602 1154 ded.
616 1099 747 1169 simplic.;
766 1095 959 1165 Dioscorides,
972 1091 1026 1152 lib.
1071 1094 1227 1154 llontmm
1240 1099 1269 1154 et
1282 1093 1401 1156 mazar
1420 1094 1453 1152 in
1464 1095 1580 1168 Apocat.
1595 1107 1662 1170 cap.
1682 1111 1716 1166 r,
1738 1112 1819 1155 vers.
1834 1100 1868 1169 8,

234 1184 343 1258 l‚cap.
358 1197 427 1241 xrn.
1071 1179 1195 1240 notati.

116 1273 220 1323 reem.
268 1269 314 1326 24.
336 1267 619 1336 carnosissimae
638 1278 733 1324 siccae
749 1279 779 1323 na
801 1277 927 1322 munaus
946 1276 1027 1320 esac-
1107 1261 1182 1322 Nota
1198 1265 1314 1336 pomo:
1332 1263 1426 1322 stacte
1445 1265 1490 1319 est
1504 1261 1639 1338 lacryma
1655 1266 1803 1339 myrrha,
1824 1267 1969 1325 adamo

233 1365 327 1410 aaran
334 1391 345 1424 ,
357 1379 393 1394 -
402 1369 431 1425 q.
445 1351 475 1407 d.
488 1349 598 1409 siclum
609 1347 657 1406 hic
667 1349 781 1422 accipio
792 1347 872 1406 illius
884 1344 1027 1422 penderis
1071 1343 1135 1404 dixi
1145 1359 1222 1406 vers.
1235 1347 1281 1406 23.
1880 1331 1926 1372 ω’

233 1435 317 1507 quus
329 1437 392 1493 crat
405 1433 493 1492 siclus
503 1429 676 1500 sanctuarii,
686 1431 748 1487 sive
757 1430 863 1488 siclum
877 1428 931 1503 qui
943 1431 1026 1486 tauto
1105 1428 1236 1499 Secundo,
1249 1429 1437 1490 «Galbanum
1443 1445 1548 1490 succm
1556 1435 1611 1504 est,
1618 1433 1659 1492 eit
1667 1432 1865 1508 Dioscorides,
1894 1435 1958 1480 Μ·

232 1517 426 1592 sitpondere,
439 1519 583 1590 quantum
595 1513 738 1588 appendit
751 1511 841 1570 siclus
853 1511 1025 1582 sanctuarii,
1069 1509 1149 1572 libro
1164 1513 1216 1586 lll,
1235 1528 1302 1589 cep.
1320 1530 1420 1587 amr,
1433 1514 1535 1578 ferulae
1550 1518 1695 1576 nascentis
1713 1520 1744 1576 in
1763 1521 1867 1594 Syria,
1893 1497 1950 1540 '¹¹²

232 1614 295 1660 non
307 1599 432 1674 quadis
449 1597 602 1658 communi
615 1597 689 1654 siclo
700 1595 738 1654 sit
749 1595 863 1668 major,
875 1594 929 1651 scd
941 1592 1026 1668 quod
1069 1609 1161 1670 quem
1170 1597 1307 1656 nonnulli
1314 1599 1479 1672 metopium
1485 1605 1613 1659 vocant:
1624 1601 1754 1660 maxime
1762 1603 1867 1662 lauda-

231 1683 296 1759 ipse
311 1683 480 1756 justissime
497 1680 535 1738 sit
555 1694 718 1751 mensuris,
740 1679 783 1736 uti
805 1677 867 1736 dixi
882 1693 957 1734 vers.
978 1678 1023 1734 13.
1069 1683 1117 1736 tur
1127 1680 1367 1752 cartilaginosum
1377 1686 1406 1740 et
1415 1682 1528 1756 pingue
1541 1684 1632 1756 (unde
1644 1683 1868 1746 iortcbebraiee

114 1776 150 1823 aa
162 1775 220 1822 eru
231 1767 331 1842 ltaque
350 1766 429 1824 enim
445 1779 564 1824 necesse
583 1767 628 1821 est
644 1777 758 1836 ponere
773 1778 844 1821 cum
862 1759 929 1820 Aria
945 1761 1026 1818 lton·
1068 1744 1526 1834 amatarnrabnrnuanaain
1535 1768 1869 1842 dateoenimsiguifieet

113 1836 219 1944 {ffb
230 1853 318 1921 tano,
331 1849 425 1909 elium
436 1848 485 1906 laic
498 1847 603 1906 siolum
616 1845 775 1922 ponderis,
788 1845 939 1904 disemum
954 1857 974 1899 a
987 1841 1026 1900 si·
1068 1845 1309 1920 pinguedinem);
1323 1849 1486 1920 galbanum
1495 1855 1650 1908 menseset
1658 1856 1764 1925 partus
1777 1857 1869 1914 trabit

129 1909 220 2014 &ff
231 1933 279 1993 clo
289 1936 432 2004 monetae,
443 1931 529 2006 quasi
541 1929 630 1988 siclus
643 1929 693 1986 bic
703 1927 791 1986 luerit
803 1943 898 2000 genus
911 1925 1025 2003 ponde·
1067 1929 1117 1987 sel
1134 1931 1289 2004 appositu,
1301 1932 1349 1990 vel
1362 1931 1479 2004 sulfitu3
1493 1933 1667 1992 adversabar
1679 1935 1801 2009 toxieis,
1816 1955 1868 1996 ne-

140 2019 197 2066 ¹1¹⁰·
229 2020 287 2092 ris,
301 2018 385 2094 quod
397 2020 524 2077 monete
537 2015 602 2074 sicli
615 2029 677 2072 non
690 2013 779 2072 fuerit
791 2012 958 2087 aequilibre,
971 2008 1024 2067 sed
1067 2017 1115 2071 cat
1125 2017 1291 2088 serpentes,
1306 2015 1466 2074 devoratur
1477 2016 1517 2074 ad
1529 2016 1635 2074 tussim
1647 2021 1797 2092 vebum,
1811 2022 1868 2080 dit·

114 2081 216 2128 '⁰⁸⁰²'
230 2103 381 2162 diversum
393 2101 433 2160 ab
447 2117 484 2160 eo
496 2100 617 2176 pondus
628 2097 784 2157 babuerit:
795 2111 865 2156 nam
877 2094 1026 2169 Scriptura
1066 2093 1227 2155 flculbtem
1240 2097 1389 2172 spirandi,
1402 2099 1535 2174 aliasque
1548 2099 1707 2157 sedandas.
1716 2118 1734 2155 a
1747 2103 1789 2160 lte
1800 2104 1866 2175 gal-

229 2186 319 2260 bujus
342 2185 517 2246 diversitatis
538 2183 601 2241 sicli
624 2182 740 2240 nullam
764 2181 816 2238 dat
837 2177 1025 2250 significatio·
1066 2178 1149 2240 bano
1160 2181 1262 2240 scribit
1273 2186 1303 2240 et
1315 2183 1427 2240 Plinius
1433 2183 1510 2255 ,lib.
1525 2183 1585 2254 llll,
1598 2197 1666 2256 cap.
1679 2198 1748 2255 m,
1761 2190 1793 2243 et
1809 2187 1864 2245 lib.

228 2283 308 2329 nem.
318 2272 414 2340 Quare
422 2267 615 2328 verisimilius
623 2269 667 2324 est
679 2263 817 2323 Hebraeos
828 2260 950 2337 pondus
960 2276 1025 2319 mo·
1068 2267 1156 2336 lililll,
1169 2281 1236 2339 cap.
1251 2282 1284 2338 v,
1297 2270 1327 2325 et
1342 2267 1486 2340 Galenus,
1499 2266 1553 2326 lib.
1572 2269 1698 2338 simplic.
1717 2269 1864 2331 medam

228 2357 304 2412 nete
321 2352 386 2412 sicli
403 2353 444 2412 ad
459 2351 534 2409 abes
552 2348 643 2408 etiam
659 2363 707 2406 ree
724 2345 907 2406 transtulisse
923 2361 931 2400 r
945 2347 980 2401 ut
995 2346 1025 2402 et
1066 2348 1157 2408 addit
1166 2349 1315 2424 Scriptura
1326 2353 1356 2408 et
1365 2350 1507 2424 requirit,
1519 2355 1553 2408 ut
1569 2349 1735 2422 galbanum
1748 2353 1789 2410 sit
1800 2356 1866 2412 torri

228 2452 286 2496 nos
295 2435 423 2494 abinde
434 2434 467 2493 in
477 2433 615 2492 tamiliari
627 2431 729 2506 phrasi
741 2429 879 2499 iacimus,
889 2427 963 2486 dum
975 2441 1025 2484 res
1066 2431 1862 2510 adorabebmioenrnmammsm,idesturomgficum,

228 2519 506 2596 rerssetpretloses
523 2516 651 2576 dicimus
668 2511 839 2589 appendere
854 2512 951 2581 duos,
964 2513 1023 2568 tres
1066 2518 1100 2574 ut
1111 2515 1253 2574 selectum
1270 2516 1416 2588 significet
1429 2520 1458 2575 et
1470 2516 1640 2576 odoratum.
1652 2520 1728 2576 Nam
1741 2519 1864 2580 Diosco-
2003 2535 2005 2638 4

228 2610 280 2664 aut
295 2608 423 2680 quatem
440 2600 568 2674 rcgalee;
583 2597 746 2675 presertim
765 2595 839 2670 quia
854 2594 944 2671 prisci
960 2597 1024 2653 ute·
1065 2597 1144 2656 rides
1157 2599 1260 2658 asserit
1271 2599 1434 2670 galbanum
1446 2615 1510 2658 esse
1521 2601 1621 2672 gravis
1632 2599 1752 2673 odoris3
1765 2604 1863 2662 etPli-

228 2691 337 2748 bantur
349 2687 481 2756 moneta,
493 2683 579 2742 verbi
591 2682 698 2756 gratia,
709 2679 783 2740 siclo
796 2695 859 2738 non
873 2695 957 2752 cuso,
970 2677 1025 2738 sed
1066 2680 1134 2740 nius
1154 2681 1196 2738 ait
1215 2682 1379 2754 galbanum
1396 2681 1510 2754 imtere,
1528 2687 1558 2742 et
1576 2687 1744 2742 castoreum
1757 2686 1860 2744 olere:

229 2775 269 2833 ad
287 2773 407 2850 pondus
427 2784 577 2844 appenso,
597 2781 694 2840 eoque
713 2779 826 2826 merces
842 2770 873 2824 ct
888 2781 938 2824 res
953 2779 1023 2825 suae
1064 2765 1150 2840 quod
1171 2765 1247 2825 torm
1262 2767 1398 2840 intelligit
1414 2769 1452 2826 de
1471 2768 1607 2843 pertibus
1624 2767 1747 2842 galbani
1764 2773 1862 2844 magis
2004 2821 2005 2824 ,

229 2857 446 2936 approbabant,
455 2859 490 2913 ut
502 2854 566 2912 dixi
572 2869 650 2912 vers.
660 2855 708 2912 la.
718 2851 811 2912 siclus
821 2867 894 2924 crgo
905 2852 952 2910 sul
964 2852 1024 2912 ori·
1064 2849 1267 2921 terrestribus,
1281 2865 1343 2910 uon
1360 2867 1433 2912 sero
1452 2852 1492 2911 de
1509 2851 1733 2925 subtilioribus,
1746 2854 1792 2911 uti
1804 2859 1862 2912 sta·
2002 2827 2005 2939 1

228 2947 308 3020 gine,
320 2943 364 3002 uti
376 2946 405 3001 et
416 2946 529 3016 etymo,
542 2951 683 2999 mensure
694 2939 758 2996 arat
768 2936 921 3012 ponderis,
933 2950 1022 3011 aque
1064 2933 1118 2992 tim
1130 2935 1228 2994 dicam
1246 2936 1285 2994 de
1303 2935 1579 3014 onycha,idaoque
1595 2941 1697 2995 noser
1714 2938 1860 3013 interpres

229 3032 411 3089 remorata.
1063 3017 1426 3093 edditrateniodon'stbl.

110 3119 171 3165 aaa
180 3121 215 3166 rc.
262 3117 309 3173 ae.
323 3115 461 3170 araneas
474 3117 1022 3180 rrrorrnrrnrcmmrrsrmorn.·-
1101 3101 1964 3180 Tertio,anycha,inquitsslcssa,mtcsbeolaparvawrffit
2002 3121 2004 3172 l

229 3196 367 3256 liebraice
379 3193 470 3261 moed,
484 3193 516 3250 ld
535 3193 580 3250 est
598 3193 763 3248 conventus
781 3187 1021 3262 valestinum,
1063 3187 1201 3246 redolens
1222 3187 1316 3248 instar
1333 3188 1442 3262 unguis
1461 3188 1601 3262 humani;
1621 3189 1765 3263 equidem
1783 3197 1859 3266 puto

229 3282 267 3341 de
278 3297 341 3357 quo
354 3279 417 3340 diri
430 3292 495 3351 cap.
510 3275 637 3350 praced.
648 3289 725 3332 rere.
739 3275 784 3332 te.
1063 3271 1213 3346 onycham
1232 3287 1296 3331 esse
1311 3271 1409 3344 illam,
1419 3288 1513 3347 quam
1527 3271 1712 3332 Dioscorides
1724 3289 1859 3348 unguem

110 3368 214 3416 amu.
263 3369 309 3424 29.
330 3366 426 3423 bauan
438 3371 743 3428 esacrsseacroaun,
756 3361 889 3416 -eruut
901 3356 1022 3416 sanctis·
1063 3355 1224 3414 odoratum
1236 3359 1340 3426 vocet,
1354 3355 1408 3415 lib.
1422 3357 1444 3414 ll
1452 3396 1464 3429 ,
1476 3371 1542 3431 cap.
1560 3371 1630 3429 rrn3
1645 3355 1778 3432 dicitque
1794 3373 1858 3417 esse

228 3450 303 3509 sima
314 3465 351 3509 ex
361 3450 418 3507 heo
428 3445 660 3504 consecratione.
1063 3438 1730 3513 conchyliitegumcntuminnardiicrislndiar
1740 3441 1860 3514 paludi-

263 3537 317 3605 Qu
328 3547 476 3591 remoram
487 3545 534 3600 aa,
548 3541 805 3598 smcnrrmmrua,
816 3555 852 3570 -
862 3543 889 3598 q,
904 3526 933 3583 d.
944 3529 1021 3584 con·
1062 3520 1137 3594 bus,
1150 3524 1278 3597 ideoque
1300 3538 1423 3582 suarem
1436 3524 1549 3598 spirare
1561 3524 1705 3593 odorem,
1718 3540 1757 3583 eo
1772 3527 1860 3600 qnod

227 3623 307 3678 tactu
320 3631 461 3674 vasorum
475 3619 646 3671 sanctorum
658 3611 889 3669 sanctificabitur
903 3611 952 3668 ille
966 3611 1021 3686 qui
1062 3605 1219 3680 conchylia
1234 3605 1309 3664 inibi
1327 3606 1413 3664 nardi
1430 3606 1544 3680 pabulo
1558 3609 1717 3665 vescentur
1731 3625 1741 3664 r
1756 3609 1858 3667 odoris

228 3717 264 3759 ea
282 3699 394 3770 tangit,
409 3697 507 3770 inquit
527 3698 561 3752 R.
581 3694 722 3752 Salomon
737 3710 744 3750 :
759 3694 813 3751 sed
830 3694 889 3751 boc
910 3693 1021 3752 falsum
1061 3690 1157 3762 gratia
1175 3688 1293 3745 suffitur
1312 3689 1445 3763 onycha,
1456 3690 1511 3748 sed
1531 3689 1669 3748 nonnihil
1690 3695 1858 3750 castoreum

228 3770 290 3841 e'sse
300 3780 415 3839 ostendi
425 3795 491 3853 cap.
503 3791 583 3848 xxix,
594 3791 672 3834 vers.
686 3779 731 3834 ³¹1.
746 3775 1018 3834 «Sanctificabitura
1062 3773 1136 3842 olet,
1150 3771 1280 3844 intellige
1292 3787 1361 3829 cum
1378 3771 1517 3831 ltathiolo
1525 3811 1535 3842 ,
1550 3773 1575 3830 si
1588 3771 1725 3847 partibus
1737 3776 1804 3848 eius
1815 3780 1858 3834 ta-

116 3881 121 3891 ·
227 3881 310 3939 ergo,
319 3863 352 3923 id
361 3868 405 3923 est
417 3861 591 3922 sanctificari
603 3859 701 3931 debet,
710 3860 751 3918 ita
761 3863 796 3918 ut
804 3860 830 3917 si
841 3858 879 3917 sit
891 3859 1021 3918 immun·
1062 3855 1172 3914 nuibus
1186 3854 1564 3926 odoratiscxhalatis,tcsta
1575 3856 1854 3916 relictacremetnr:

228 3949 301 4021 dus,
318 3948 416 4023 expiet
432 3963 464 4006 se
482 3961 561 4020 equa
579 3943 779 4015 lustrationis,
798 3943 837 4002 de
853 3957 914 4016 que
931 3944 1019 4002 iecit.
1062 3953 1133 3998 nam
1146 3937 1260 4014 alioqui
1272 3938 1312 3995 de
1323 3937 1442 4013 onycha
1454 3937 1497 3996 sic
1514 3938 1593 3996 canit
1605 3940 1796 4014 Propertius:

227 4049 292 4105 xrr,
302 4036 331 4091 et
344 4034 427 4092 Num.
446 4033 687 4102 111,antequam
704 4025 795 4085 altare
811 4024 860 4084 sel
876 4024 936 4085 alia
948 4025 1031 4085 resa
1167 4063 1197 4118 Ε.
1208 4065 1299 4119 mo
1309 4077 1378 4118 m
1388 4061 1515 4130 mm,
1525 4067 1597 4129 ¹⁰8²*
1609 4075 1681 4130 om

64 4153 67 4158 ι
227 4119 329 4175 sancta
342 4113 570 4188 tangat,inquit
583 4111 739 4170 abulensis
753 4110 804 4184 (1).
1932 4179 1938 4194 ι

109 4203 168 4251 ree
180 4208 212 4250 υ·
262 4203 307 4258 33.
322 4202 578 4268 floroourcnuour
589 4209 660 4254 rare
672 4206 921 4266 saracenorum
933 4207 1020 4253 oron
1061 4189 1214 4266 onycham
1231 4188 1454 4266 pharmacopoei
1470 4191 1580 4247 rorant
1596 4187 1727 4248 blattam
1745 4192 1860 4265 Byzan-
1879 4179 1956 4254 ΙΨ·

227 4298 275 4341 arr
286 4297 385 4354 arro,
397 4295 518 4352 uarro,
530 4291 820 4338 mranrmmruanr
833 4291 943 4336 rorare
955 4292 1018 4337 sno.
1060 4275 1236 4346 tium,teste
1254 4276 1357 4332 Amata
1370 4276 1400 4330 ct
1411 4271 1551 4331 llathiolo
1563 4275 1595 4328 ia
1607 4275 1802 4333 Dioscoridem.
1876 4245 1957 4356 Ἢ*

226 4397 262 4412 -
278 4367 449 4436 «alienent
463 4365 497 4423 id
510 4368 555 4423 est
565 4363 653 4422 alicui
667 4363 720 4437 qui
733 4377 796 4421 uon
809 4364 853 4420 est
863 4361 1019 4435 sacerdos,
1096 4357 1288 4434 tropologice
1299 4359 1328 4416 s.
1348 4356 1521 4428 Gregorius,
1533 4355 1587 4413 lib.
1602 4357 1728 4416 ibant.
1745 4373 1834 4417 xxm
1847 4379 1856 4419 r
1884 4367 1950 4426 quur

227 4450 275 4508 rel
293 4449 408 4523 generis
425 4447 615 4506 sacerdotalis
631 4463 639 4502 ε
653 4447 697 4504 uti
712 4445 793 4504 enim
809 4444 893 4520 prius
913 4445 1019 4516 vetuit,
1064 4442 1274 4517 «tbymiama,
1287 4441 1339 4513 ait,
1353 4455 1390 4498 ex
1403 4439 1586 4500 aromatibus
1600 4442 1802 4514 compositum
1813 4443 1860 4501 ta-

227 4549 264 4591 ne
283 4532 350 4608 quis
362 4532 395 4588 in
409 4546 498 4589 suum
510 4546 601 4588 usum
613 4530 671 4588 tale
684 4533 871 4602 unguentum
884 4528 1020 4587 sacerdo·
1062 4527 1173 4598 cimus,
1184 4539 1254 4584 cum
1266 4525 1297 4583 in
1305 4523 1392 4583 altari
1403 4522 1478 4582 boni
1491 4523 1589 4599 operis
1600 4523 1747 4583 virtutum
1758 4526 1861 4584 multi·

226 4617 285 4675 tale
306 4618 467 4689 componet
474 4657 486 4687 ,
496 4613 538 4672 ite
554 4614 603 4672 hio
622 4616 701 4671 vetat
718 4628 756 4672 ne
776 4613 809 4670 id
825 4612 878 4671 flat
896 4611 929 4669 in
947 4627 1020 4670 usus
1060 4609 1189 4687 plicitate
1207 4607 1387 4666 redolemus.
1401 4625 1416 4662 a
1432 4611 1526 4681 Atque
1539 4607 1699 4666 commode
1714 4623 1770 4683 per
1787 4611 1858 4668 tirus

227 4700 350 4758 alienos.
362 4702 404 4757 lta
416 4698 618 4770 Augustinus,
631 4699 733 4764 Queat.
746 4697 867 4754 Cllllllll.
1060 4694 1234 4766 religionem
1252 4691 1477 4766 orationemque
1496 4691 1658 4765 acceperis,
1673 4707 1729 4766 per
1745 4695 1858 4752 maten

109 4790 215 4837 reate
263 4787 308 4841 34.
328 4785 647 4852 Scauriniacum,
666 4794 804 4851 esserra,
824 4779 1022 4840 ete-Siout
1061 4773 1332 4848 mortificationem,
1344 4791 1399 4849 per
1412 4773 1575 4846 galbanum
1591 4775 1709 4849 (utpote
1723 4775 1857 4835 ceddum

110 4853 215 4959 neeffl-
227 4882 303 4925 vers,
317 4869 354 4924 23
367 4865 521 4942 descripsit
533 4863 780 4938 compositionem
792 4863 948 4936 unguenti,
957 4881 1020 4938 quo
1061 4863 1091 4918 et
1101 4859 1222 4934 pingue)
1236 4858 1408 4916 charitatem
1416 4861 1447 4916 et
1457 4858 1700 4932 misericordiam,
1715 4875 1773 4933 per
1781 4875 1858 4935 ony-

110 4927 214 5034 &aad
227 4949 361 5022 ungendi
374 4952 459 5008 erant
477 4949 660 5019 sacerdotes,
673 4950 703 5006 et
713 4961 787 5006 vase
797 4961 898 5006 sacru:
915 4948 957 5005 ita
972 4947 1021 5005 laio
1061 4942 1149 5001 chum
1172 4944 1287 5016 (utpote
1308 4941 1408 5000 colore
1430 4940 1557 5000 similem
1580 4942 1695 5016 ungui,
1712 4947 1744 5002 et
1761 4941 1856 5003 dora

141 5037 182 5083 ua.
228 5031 368 5092 describit
378 5029 843 5107 compositionemtbymiametis,
853 5031 938 5106 quod
948 5032 1022 5090 ado-
1061 5025 1174 5100 nardo)
1187 5025 1360 5086 castitatem.

228 5115 353 5175 lendum
361 5113 553 5174 eratiaaltari
562 5113 774 5189 thymiamatis.
782 5111 945 5188 tubetergo
953 5115 1021 5190 thy,-

1092 5230 1129 5298 (t)
1144 5227 1193 5281 alli
1213 5233 1318 5282 vertunt
1337 5227 1403 5282 aeris
1424 5227 1525 5296 odone,
1539 5228 1693 5298 bonumne,
1715 5231 1856 5299 gallrmn

261 5299 298 5366 (l)
316 5295 388 5350 Vere.
408 5297 448 5348 tt.
467 5295 517 5349 Pro
531 5301 636 5360 morte
652 5295 682 5349 tn
703 5295 968 5382 bebr.eat·10u‚ld
981 5307 1021 5354 est
1060 5300 1157 5352 militari
1165 5313 1235 5352 mom
1244 5299 1302 5353 ideo
1312 5300 1449 5354 admistmn
1461 5300 1856 5365 iwatmmmm

229 5373 317 5433 roem.
331 5365 385 5421 eu.
399 5366 690 5432 qmraemruantct
707 5373 859 5433 creant.
1061 5371 1166 5423 odorem
1176 5377 1289 5423 maeret.
