4210 6038
684 133 925 203 cottidianus
942 139 976 198 ΙΝ
995 137 1155 212 anausim·
1174 153 1237 200 mr.
1256 138 1322 203 xxi.
1768 143 1821 202 939

90 249 133 306 lus
153 261 172 302 r.
218 243 513 314 §.interranum
525 245 775 321 Damasum,
789 244 940 308 -dnndo
954 242 981 302 ei
1060 248 1087 302 7.
1113 247 1182 314 Qnrs
1202 260 1366 304 auurruann
1390 259 1534 310 cnrnsnsr
1558 247 1755 307 maruan-
1769 249 1819 302 lle·
1834 253 1895 300 vm
1915 261 1940 304 r.

184 333 362 405 conceptum
381 331 411 389 ot
426 328 543 404 protem
562 327 750 405 promissam.
763 329 805 394 lta
822 331 977 401 hupertus.
1025 327 1124 384 braice
1136 307 1200 396 ἦν)
1220 335 1254 394 tn
1268 334 1309 384 mi
1318 329 1418 394 millet,
1431 329 1499 404 quis
1513 327 1636 385 dixisset
1648 325 1795 384 Abraheet

182 411 738 486 Secundapostooneeptuuretnatum
752 414 843 482 isaac,
857 411 980 482 angelus
1062 412 1144 478 Quen
1164 413 1237 468 Sina
1261 425 1415 468 namanes.
1429 441 1465 454 -
1479 415 1554 468 neus
1576 427 1644 472 cnm
1665 413 1753 492 peria
1774 409 1820 467 lac

182 497 233 554 liei
246 495 373 556 vinarius
390 495 520 560 visitavit
539 495 686 576 corporali
706 495 803 556 forma
816 499 933 565 Serani,
948 497 982 554 ui
1025 497 1101 552 sarm
1116 509 1169 570 per
1181 495 1358 552 miraculum
1378 494 1522 564 restituit,
1537 495 1608 568 quia
1619 493 1739 550 volebat
1754 507 1820 550 eam

182 579 210 636 ei
221 579 260 639 da
272 579 358 652 prole
369 580 583 652 gratularetur,
597 579 680 650 juxta
693 579 726 638 id
739 579 824 654 quod
837 579 981 652 promise·
1026 578 1112 650 quasi
1131 581 1271 648 mairem,
1284 592 1397 652 perse,
1412 592 1473 634 non
1487 591 1540 654 per
1555 575 1700 633 nutricem
1713 575 1819 636 iactare

181 667 243 732 rat,
257 678 323 738 cap.
338 677 421 733 xviri,
432 663 533 726 diceus
548 681 555 719 :
573 665 754 723 «Revertens
766 661 886 720 renium
899 661 939 720 nd
953 665 980 718 te
1025 662 1114 718 isaac.

181 751 316 821 tempore
331 747 387 813 isto
394 788 404 818 ,
419 750 448 804 et
459 745 580 806 habebit
592 746 689 809 filiurn
706 747 775 806 Sara
789 745 837 820 (l).
1061 745 1177 806 Discunt
1187 744 1235 802 hic
1248 747 1356 805 meires
1369 761 1399 804 se
1410 743 1518 804 debere
1531 759 1626 818 perse
1639 759 1706 801 suas
1719 743 1819 822 proies
1851 757 1937 808 nanu

78 859 130 906 yffi
150 864 169 905 ι
217 831 246 888 i.
261 832 460 894 lassaretur
473 845 536 888 sua.
551 859 588 873 -
604 831 696 896 esua,
708 850 723 886 a
737 829 769 892 id
783 835 826 888 est
836 827 914 900 ejus,
927 827 982 886 sci·
1025 829 1137 887 nutrire
1149 837 1177 886 et
1190 830 1297 887 lactare
1310 849 1317 886 ε
1332 835 1436 888 natura
1449 831 1528 887 enim
1539 829 1596 886 hoc
1608 831 1665 886 illis
1679 846 1755 892 onus
1765 831 1818 888 im·
1832 822 1877 872 ¹⁶¹·
1886 834 1937 876 ⁸⁸·

36 935 37 938 ¹
181 912 483 986 lineirtbrahumiiest
494 913 681 972 hebraismus
694 931 701 971 :
715 913 834 972 liebrara
848 912 928 974 eninr
940 913 982 970 sie
1025 913 1135 987 posuit.
1161 913 1231 970 ilinc
1250 914 1397 970 mamillas
1419 917 1448 970 et
1461 913 1554 970 ubera
1563 956 1571 985 ,
1586 911 1676 972 celari
1699 883 1936 990 lagena-{2122}

183 997 295 1062 habent
309 1016 317 1054 r
333 1001 443 1070 Peperit
454 997 525 1057 Sero
538 999 691 1055 eitrnhuam
706 999 794 1073 tilium
806 999 838 1052 in
848 1001 981 1054 senectute
1024 995 1069 1052 ins
1080 997 1226 1070 quasdam
1241 998 1279 1054 nd
1292 997 1390 1072 proies
1404 995 1576 1054 nutriendas
1590 1001 1684 1068 aptas,
1694 996 1752 1052 illis
1762 995 1818 1053 lar·
1829 1007 1876 1050 tare
1887 1017 1936 1050 cu

184 1080 253 1150 eius,
264 1079 312 1138 rel
320 1097 373 1152 pro
382 1087 515 1140 caecian
524 1080 592 1154 ejas,
604 1079 657 1154 qui
666 1079 774 1140 seilicet
784 1079 847 1138 seni
856 1077 980 1136 ebrauc
1025 1080 1086 1153 gite
1103 1083 1155 1137 est.
1178 1082 1210 1135 iit
1223 1080 1316 1154 aliqui
1330 1081 1452 1154 quidem
1468 1083 1573 1156 putant
1588 1095 1650 1136 esse
1664 1083 1818 1154 peceatum
1830 1065 1909 1175 ἐξὲξ*

183 1168 260 1221 esset
271 1164 468 1226 consolationi
485 1169 513 1224 et
527 1165 682 1241 voluptati.
698 1163 796 1234 ridde,
811 1161 922 1221 ilchroei
936 1161 980 1218 di·
1025 1163 1167 1230 mortnie,
1180 1163 1293 1236 absque
1315 1179 1404 1221 causa
1417 1179 1470 1240 per
1488 1163 1632 1220 nutricem
1650 1163 1743 1236 aiere3
1758 1181 1819 1222 me-

184 1251 254 1309 cnnt
271 1248 389 1320 prolem
407 1246 488 1310 nasci
501 1247 594 1322 patri,
607 1261 670 1303 non
686 1245 783 1316 matri,
798 1245 870 1320 quia
881 1244 980 1318 proles
1024 1243 1083 1300 lius
1103 1249 1203 1302 tamen
1221 1261 1290 1306 cunr
1308 1249 1436 1302 Navarro
1456 1247 1487 1302 in
1504 1247 1658 1313 Eaciirid„
1673 1263 1739 1322 cap.
1754 1262 1817 1322 xrr,

182 1331 275 1404 patris
294 1336 340 1394 est
360 1331 471 1406 hares,
490 1332 642 1410 patrisque
663 1345 773 1391 nomen
794 1331 822 1389 et
836 1327 980 1388 familiam
1024 1341 1109 1386 num.
1121 1329 1347 1402 l7,diccnduur
1361 1331 1563 1388 existimamus
1575 1334 1820 1390 tantumessere-

182 1421 349 1488 propagat,
364 1431 428 1474 nen
439 1414 550 1479 matris.
1023 1410 1235 1470 nialezratione
1244 1417 1343 1470 tamen
1353 1413 1521 1490 aliquarum
1533 1413 1817 1473 circumstantiarum

71 1525 126 1574 m
148 1530 171 1572 2,
218 1500 247 1560 3.
266 1500 449 1566 tauriacus
467 1503 605 1562 neeman
625 1513 721 1558 noum
742 1512 811 1556 nau
827 1511 892 1568 sur,
911 1498 978 1565 etc,
1023 1495 1142 1566 gravius
1164 1501 1318 1570 peccatum
1342 1496 1575 1576 sisaponensi
1598 1495 1820 1556 autemidfiet

181 1584 282 1653 israe,
295 1583 418 1658 -quia
439 1582 549 1640 scilicet
572 1583 652 1640 isaac
673 1579 809 1640 hebraice
831 1579 912 1638 idem
937 1582 980 1634 est
1023 1577 1198 1638 subsistente
1209 1593 1298 1638 causa
1309 1579 1449 1650 legitima,
1461 1579 1578 1638 nulium
1589 1585 1743 1656 peecatum
1753 1583 1817 1645 erit.

182 1667 268 1740 quod
279 1670 365 1729 risus
376 1668 456 1726 bano
466 1665 546 1726 enirn
557 1665 612 1723 init
626 1665 702 1724 risus
716 1661 921 1736 gaudiumque
935 1675 980 1716 se·
1024 1663 1147 1718 Peccant
1159 1677 1231 1734 ergo
1245 1662 1303 1718 liire
1313 1669 1431 1734 malros,
1441 1679 1508 1740 quar
1517 1663 1630 1738 absque
1639 1663 1719 1736 justa
1729 1679 1818 1722 cansa

181 1749 228 1808 nis
242 1747 369 1813 Abrabae
387 1755 416 1809 st
433 1748 539 1808 sterilis
558 1750 653 1817 sare,
672 1748 808 1822 adeoque
826 1745 917 1802 totius
932 1757 980 1800 or·
1024 1746 1053 1800 et
1072 1747 1259 1818 necessitate,
1278 1745 1358 1806 iiiios
1381 1747 1458 1802 aiere
1479 1747 1677 1818 dedignantur
1694 1765 1702 1803 ε
1718 1751 1746 1804 et
1760 1747 1818 1804 ille

180 1831 242 1904 bis3
258 1849 331 1891 nam
352 1848 391 1889 ex
409 1849 445 1889 eo
463 1833 628 1890 nasciturus
650 1835 713 1887 erat
733 1829 875 1887 Christus.
897 1827 979 1883 Unde
1023 1829 1121 1886 adime
1139 1831 1277 1902 gravius,
1298 1847 1365 1906 qum
1388 1832 1501 1906 absque
1525 1833 1640 1888 delectu
1662 1831 1817 1906 quibusvis

179 1932 257 1979 vers.
280 1921 299 1981 6
321 1917 363 1982 aii
384 1917 475 1978 Sara:
494 1917 623 1978 ciiisurn
642 1913 709 1974 iecit
727 1913 800 1974 mibi
820 1911 977 1981 Dominus;
1021 1911 1082 1968 iere
1095 1913 1260 1975 nutricibus
1270 1915 1400 1984 tradunt,
1410 1931 1486 1990 sirpe
1499 1913 1666 1986 incognitis,
1680 1915 1816 1987 infirmis,

181 2001 365 2076 quicumque
378 2000 514 2071 audierit,
529 1997 688 2060 corridebit
697 1995 780 2058 mihi.
793 2014 808 2048 a
825 1995 895 2052 ilinc
910 1994 979 2054 alie·
1022 1999 1088 2066 etc,
1104 2011 1142 2054 ex
1155 2011 1216 2069 qua
1229 2011 1260 2052 re
1277 1997 1373 2056 multa
1386 1998 1465 2054 mnia
1482 1997 1619 2054 oriuntur
1634 2015 1642 2054 r
1658 2013 1727 2055 nam
1742 2015 1816 2073 prm-

181 2085 318 2156 gericus.
329 2083 515 2154 Ambrosius,
527 2082 580 2146 lib.
592 2085 630 2143 ile
643 2084 731 2146 isaac,
742 2095 808 2154 cap.
821 2095 832 2136 r
844 2096 851 2135 ε
865 2081 977 2149 cisano,
1020 2081 1065 2135 ter
1078 2079 1126 2148 id,
1141 2081 1225 2156 quod
1239 2081 1400 2154 aliqnando
1415 2081 1465 2140 aiii
1478 2079 1530 2138 iiiii
1545 2087 1767 2162 supponuntur,

179 2167 239 2237 ait,
253 2168 321 2241 ipso
333 2167 456 2228 nomine
468 2165 596 2238 figuram
606 2169 635 2220 ct
646 2163 770 2237 gratiana
781 2163 885 2233 signat.
899 2163 979 2220 isaao
1056 2165 1159 2233 Primo,
1174 2163 1273 2248 infraq
1288 2165 1336 2224 vei
1349 2179 1411 2223 non
1422 2165 1510 2236 vivii,
1523 2165 1572 2224 rel
1586 2167 1712 2226 debilior
1725 2167 1814 2238 vivit,
1862 2177 1934 2223 tnnc

180 2251 262 2312 euim
280 2250 359 2310 risus
375 2250 466 2310 iatine
486 2249 668 2320 significatur
683 2265 690 2302 :
704 2247 782 2305 risus
797 2249 896 2302 aulem
909 2243 979 2300 insi·
1021 2247 1093 2320 quia
1106 2247 1151 2311 lae
1164 2263 1268 2322 sugere
1279 2249 1466 2332 compellitur
1479 2254 1590 2312 naturae
1602 2269 1662 2308 sum
1674 2267 1735 2312 non
1746 2267 1816 2310 con·
1826 2245 1898 2282 ‘¹²¹⁸‘

179 2349 239 2407 gne
250 2334 358 2394 lreiiiiae
372 2337 425 2392 est.
438 2333 508 2404 Quis
518 2339 617 2395 autem
631 2333 749 2402 ignorat
761 2331 844 2408 quod
854 2332 878 2388 is
888 2329 980 2404 (chri.
1020 2333 1115 2390 iorme
1123 2351 1133 2403 3
1148 2333 1200 2407 qui
1214 2333 1238 2394 si
1253 2349 1290 2392 cx
1302 2337 1408 2394 eodem
1423 2350 1565 2410 corpore,
1577 2353 1686 2412 exque
1699 2339 1814 2410 genitus

181 2420 257 2488 stus)
274 2418 483 2482 universorum
502 2418 601 2478 laetitia
621 2418 671 2488 sit,
686 2415 740 2492 qui
758 2415 861 2476 mortis
877 2414 979 2472 iorrni·
1021 2421 1078 2488 est,
1092 2423 1194 2495 pastus
1212 2423 1302 2492 essct,
1317 2435 1350 2478 ac
1369 2422 1493 2478 materni
1513 2423 1645 2495 corporis
1660 2424 1757 2482 calore
1770 2421 1820 2480 io.

182 2501 295 2560 dolose
301 2543 312 2574 ,
324 2503 373 2562 rei
383 2517 495 2576 pavore
509 2517 695 2576 compresso,
709 2499 757 2560 vel
768 2514 894 2558 moerore
908 2498 979 2556 sub·
1019 2503 1084 2573 tus,
1107 2503 1248 2562 robustus
1267 2506 1422 2576 evaderet,
1445 2507 1635 2580 meliorisque
1655 2509 1764 2582 ingenii
1787 2514 1816 2566 et

179 2584 242 2644 iaia
264 2585 358 2648 iactus
381 2585 523 2645 omnibus
545 2588 590 2644 est
610 2583 744 2644 remissio
767 2582 978 2663 peccatorum?
1019 2584 1138 2643 indolis.
1158 2587 1228 2645 l'ide
1249 2589 1390 2660 Plinium,
1410 2589 1464 2648 lib.
1484 2593 1600 2659 xliiii,
1615 2607 1681 2666 cap.
1703 2606 1746 2667 rr,
1761 2593 1815 2654 ubi

180 2669 282 2746 itaque
304 2669 354 2730 iile
375 2669 603 2741 nominabatur,
627 2671 655 2728 et
673 2667 726 2727 iste
751 2663 976 2738 designabaiur3
1020 2669 1121 2730 scribit
1134 2670 1179 2731 inc
1192 2677 1360 2738 maternum
1378 2689 1441 2730 csse
1455 2674 1645 2732 utilissimum
1659 2681 1689 2733 et
1700 2681 1813 2740 naturne

181 2751 232 2809 ille
244 2752 475 2831 exprimebatur,
490 2757 519 2814 et
532 2753 585 2809 iste
599 2749 869 2816 annuntiabatur.»
1020 2753 1114 2827 prolis
1138 2757 1458 2817 convenientissimum.
1479 2757 1551 2814 lide
1571 2759 1658 2816 ctiam
1680 2763 1762 2838 apud
1780 2766 1812 2819 li.

56 2864 121 2912 Μ,
145 2867 168 2909 5,
217 2839 245 2893 a.
267 2838 328 2893 Cure
350 2850 463 2894 esuruu
485 2850 568 2892 esser
589 2833 896 2898 sanonum-liebri
913 2831 977 2890 haec
1020 2837 1815 2912 Gellium,lib.iiiiNoct,Att.cap.1,0rat.Phanorini

180 2935 245 2980 non
261 2919 302 2980 ed
316 2922 343 2976 ri
359 2923 544 2995 preceperat,
559 2917 612 2990 sed
626 2917 666 2980 ad
679 2921 705 2972 τὸ
720 2917 901 2976 circumcidit.
917 2917 977 2974 cir·
1021 2921 1213 2996 Philosophi,
1227 2923 1258 2979 in
1272 2937 1333 2995 qua
1345 2921 1476 2996 plurima
1490 2925 1681 2984 incommoda
1694 2941 1815 2984 enume-

181 3003 333 3068 eumeisus
354 3003 452 3074 enim,
472 3003 515 3065 uti
533 3005 563 3062 et
585 3007 692 3074 nnius,
712 3005 756 3060 est
781 3005 876 3072 isaac,¹
897 3015 977 3058 nnnc)
1019 3009 1215 3082 mutuaque
1233 3020 1271 3060 cx
1289 3005 1341 3062 tali
1361 3005 1535 3062 educatione
1552 3021 1606 3079 per
1626 3008 1672 3067 lae
1689 3009 1816 3074 alierum
1890 3039 1894 3047 ·

180 3087 385 3152 himberto.
1020 3093 1208 3162 promanant.
1229 3087 1317 3158 Quod
1336 3087 1525 3146 verissimam
1548 3106 1611 3147 csse
1632 3107 1669 3148 ex
1687 3109 1723 3150 eo
1745 3109 1815 3152 con·

216 3174 313 3234 Nola:
329 3173 390 3232 Hoc
411 3175 542 3246 tempore
563 3169 683 3233 virebat
706 3169 805 3230 adbuc
827 3167 859 3225 in
881 3169 977 3226 daran
1020 3176 1092 3242 siai,
1105 3172 1190 3250 quod
1202 3171 1306 3242 bardis,
1321 3171 1346 3228 si
1361 3171 1462 3230 ovium
1475 3173 1550 3230 lacte
1564 3175 1694 3248 aluntur,
1707 3177 1761 3254 piii
1771 3183 1814 3238 te-

182 3255 289 3330 ihare,
303 3260 389 3330 pater
401 3255 539 3328 Abrabae,
553 3259 582 3317 ei
595 3271 670 3314 avus
685 3255 776 3316 isaac.
791 3251 883 3318 Thare
897 3254 978 3313 onim
1020 3256 1150 3312 neriores
1168 3255 1343 3328 gignentum
1357 3259 1386 3312 et
1400 3255 1498 3326 agnis,
1514 3259 1538 3314 si
1556 3275 1731 3334 caprarum,
1745 3265 1816 3329 iana

182 3339 444 3413 genuitdbraham
460 3354 540 3397 nuno
559 3339 652 3396 cetntis
669 3355 730 3396 suae
752 3339 804 3406 703
820 3352 888 3394 cum
906 3351 977 3407 ergo
1020 3341 1122 3398 existet
1132 3341 1235 3401 durior
1244 3359 1253 3411 ;
1264 3340 1325 3398 imo
1338 3339 1471 3412 arbores,
1482 3343 1506 3399 si
1519 3345 1767 3420 transplantentur
1777 3367 1814 3413 ex

180 3423 330 3491 Abrabam
340 3425 530 3486 cantumerut
540 3437 699 3492 annorum,
710 3421 872 3496 genuitque
885 3419 976 3490 isaac,
1019 3423 1087 3480 loco
1101 3440 1155 3483 suo
1166 3424 1304 3495 naturali,
1314 3440 1350 3487 ex
1361 3424 1486 3482 humore
1498 3443 1587 3500 quern
1598 3430 1710 3490 radices
1721 3437 1814 3494 trans-

182 3509 272 3566 iham
292 3510 355 3564 erat
375 3507 429 3564 ild
445 3501 609 3577 annorum
624 3508 693 3578 post
707 3504 770 3562 hmo
787 3503 861 3562 vixit
878 3503 977 3558 adhuc
1018 3506 1157 3580 plantare
1175 3509 1340 3578 attrahunt,
1355 3524 1431 3583 sirpe
1449 3509 1496 3568 uel
1515 3517 1682 3586 mittantur,
1696 3516 1743 3572 vel
1762 3533 1814 3590 pe·

182 3590 272 3650 Thr-it
285 3591 322 3648 35
341 3589 444 3658 annis:
460 3592 596 3648 mortuus
616 3592 659 3647 cst
682 3587 761 3648 enim
781 3599 861 3646 anno
883 3585 976 3642 eratis
1018 3597 1114 3650 renni.
1140 3591 1166 3649 Si
1191 3609 1262 3662 crgo
1285 3592 1412 3650 nutrices
1435 3592 1543 3652 luerint
1562 3596 1694 3670 rusticm,
1713 3599 1738 3656 si
1758 3599 1812 3660 im·

181 3690 242 3734 suae
254 3676 327 3747 203,
342 3673 407 3735 (ira.
422 3687 465 3743 xl,
479 3675 526 3732 32.
1017 3675 1134 3750 probae,
1149 3676 1173 3733 si
1187 3675 1361 3748 impudica,
1376 3677 1400 3732 si
1414 3675 1580 3750 iracundie,
1595 3679 1619 3736 si
1634 3681 1811 3757 temulente,

215 3758 409 3837 tropologice
427 3759 455 3816 8.
477 3755 669 3827 ambrosiae,
681 3753 734 3817 lib.
749 3755 759 3812 i
775 3759 814 3812 ile
826 3755 975 3826 Adrdram,
1019 3760 1043 3816 si
1056 3759 1244 3828 crudeles,·ei
1264 3759 1338 3818 torte
1357 3761 1444 3818 ctiam
1463 3763 1562 3836 lepra,
1576 3767 1627 3822 aut
1641 3765 1700 3822 aiio
1713 3767 1812 3828 morbi

182 3857 216 3908 ea
239 3883 247 3900 ·
261 3857 322 3906 tu:
341 3839 495 3900 «silueris
510 3840 703 3910 centenarius,
716 3839 748 3900 id
763 3843 806 3896 est
819 3839 974 3916 perlectus,
1017 3859 1123 3916 genere
1137 3842 1259 3912 intecta,
1270 3845 1342 3902 tales
1353 3843 1412 3902 iere
1423 3847 1522 3920 proles
1536 3849 1668 3908 existent.
1681 3849 1725 3908 Sic
1738 3851 1812 3912 Dido

181 3857 305 3988 nabebis
318 3924 535 4002 posteritatem,
549 3921 680 3984 letitiam
697 3922 976 3990 exultationis,har·
1018 3929 1100 4000 npud
1115 3927 1268 3998 Virgilium
1287 3927 1444 3986 insectatur
1461 3932 1582 3991 AEneam
1602 3935 1745 4006 tanquam
1763 3935 1814 3996 de·

181 4010 335 4072 mditatem
351 4008 419 4072 nites
438 4013 576 4068 eternae:
596 4029 610 4064 r
627 4008 810 4068 contenarius
831 4007 910 4064 enim
932 4010 976 4068 est
1018 4025 1171 4079 generem,
1188 4013 1222 4065 ut
1242 4011 1295 4081 qni
1318 4027 1336 4065 a
1356 4015 1449 4066 maire
1471 4011 1613 4070 educatus
1635 4031 1695 4072 non
1715 4016 1810 4078 inerit.

182 4109 323 4152 numerus
340 4093 546 4168 perfectionis,
563 4095 592 4148 ei
612 4093 691 4149 isaac
709 4091 802 4147 risum
821 4093 849 4148 et
862 4089 976 4148 exulta-
1018 4092 1122 4148 Scribit
1139 4091 1324 4166 lampridius
1340 4093 1451 4163 Titum,
1465 4095 1562 4152 filiurn
1576 4099 1742 4172 Vespasiani
1758 4105 1813 4160 irn-

182 4179 294 4246 iionem
306 4179 463 4252 significat.
1019 4174 1177 4249 peratoris,
1190 4179 1252 4232 toto
1273 4175 1339 4230 vitre
1354 4180 1485 4252 tempore
1505 4179 1630 4240 adversa
1644 4183 1812 4244 valetudiue

58 4297 124 4347 vm,
146 4303 169 4346 t.
216 4265 245 4326 6.
266 4266 356 4328 Ritu!
371 4278 451 4327 rtctr
467 4278 532 4326 urat
550 4265 633 4326 Daue.
648 4291 684 4305 -
697 4259 851 4323 Chaldaeus
866 4259 974 4318 nerlii:
1019 4259 1184 4330 laborasse,
1199 4274 1235 4315 eo
1249 4259 1333 4331 quod
1345 4275 1364 4320 a
1378 4261 1490 4317 nutrice
1501 4262 1619 4321 infirma
1632 4266 1755 4324 inclutus
1769 4285 1813 4325 cs-

184 4345 320 4413 amdam
338 4349 406 4419 (etii
424 4347 494 4409 mihi
512 4349 598 4412 Deus,
613 4349 699 4404 omrris
717 4346 766 4418 qui
779 4344 901 4401 audierit
915 4361 977 4402 con·
1020 4348 1076 4414 set3
1092 4349 1120 4400 et
1134 4343 1271 4418 pluribus
1289 4341 1354 4400 aliis
1370 4345 1450 4403 idem
1464 4348 1630 4420 contigisse.
1648 4353 1685 4408 ile
1698 4351 1812 4412 Tiberio

183 4434 369 4502 mulctabitur
387 4433 466 4491 miti.
485 4433 556 4492 Sara
575 4435 666 4507 typus
687 4427 742 4488 iuli
760 4431 790 4486 B.
808 4429 903 4488 diarias
924 4445 977 4504 pa·
1019 4443 1141 4503 quoqne
1155 4429 1265 4484 Caesare
1279 4426 1371 4485 fertur
1387 4430 1473 4503 quod
1489 4431 1576 4490 inerit
1587 4449 1714 4506 magnus
1728 4443 1814 4510 potae

183 4513 282 4572 rientis
295 4514 460 4586 Christum,
473 4515 582 4590 quiesi
596 4513 775 4572 desiderium
786 4515 815 4570 et
832 4513 977 4583 gaudium
1018 4513 1076 4581 ior,
1091 4511 1162 4588 quia
1171 4511 1271 4567 nutrix
1283 4511 1376 4584 ipsius
1390 4513 1455 4570 talis
1469 4520 1541 4573 crat.

184 4597 307 4664 collium
319 4603 508 4670 eternorum,
522 4599 603 4658 unde
614 4596 680 4670 ipsa
691 4593 769 4654 canii
783 4613 790 4651 :
806 4595 978 4655 «Exultavit
1055 4599 1189 4666 Secundo,
1206 4615 1243 4656 cx
1257 4614 1292 4657 eo
1309 4599 1394 4677 quod
1407 4601 1486 4658 filius
1501 4620 1562 4661 uon
1576 4605 1699 4666 iactetur
1712 4625 1730 4666 a
1742 4626 1813 4684 pro·
1825 4595 1940 4660 ΨΜ.

184 4680 302 4755 spiritus
315 4697 399 4748 meus
412 4682 445 4742 in
456 4686 513 4740 ileo
527 4681 648 4743 salutari
663 4697 749 4751 meo,
764 4681 836 4754 quia
849 4680 978 4754 respexit
1019 4683 1085 4758 pria
1098 4687 1205 4754 matre,
1220 4683 1253 4740 iii
1266 4688 1298 4740 nt
1313 4689 1405 4742 mater
1421 4685 1534 4757 filium,
1549 4691 1577 4744 et
1595 4689 1673 4746 iilius
1688 4697 1812 4754 malrcru

182 4763 378 4830 humilitatem
391 4766 504 4828 anciliae
518 4782 579 4824 suae
596 4781 681 4825 :ecce
696 4765 774 4826 enirn
787 4780 824 4822 ex
834 4763 891 4824 boc
903 4763 976 4822 bea·
1019 4769 1118 4826 minus
1137 4769 1224 4827 amet.
1240 4766 1310 4826 ilinc
1324 4770 1356 4825 l).
1372 4769 1563 4837 ambrosius,
1578 4772 1630 4828 iib.
1647 4776 1657 4828 i
1672 4775 1711 4832 De
1725 4778 1813 4834 Adra-

182 4850 244 4910 iam
255 4865 305 4910 nte
319 4849 417 4912 dicent
429 4865 533 4910 omncs
546 4850 760 4924 generationes.
774 4867 788 4901 r>
1019 4854 1101 4920 dam,
1114 4867 1180 4924 cap.
1196 4865 1248 4922 vu,
1261 4867 1297 4908 ex
1310 4868 1346 4909 eo
1361 4855 1446 4926 quod
1459 4854 1529 4910 Sara
1541 4853 1691 4913 lactaverit
1705 4858 1812 4928 filium,

1018 4934 1105 4992 inicrt
1121 4951 1128 4990 :
1145 4937 1344 4993 provocantur
1356 4935 1472 4993 icmiuoe
1482 4938 1650 4996 meminisse
1666 4941 1813 5011 dignitatis

214 5049 250 5116 (q
269 5059 333 5133 m
345 5052 446 5116 promi„
462 5053 567 5106 dmm
585 5051 684 5113 ,pm
706 5059 820 5105 mm„
838 5015 973 5110 imum,
1020 5037 1092 5116 sum,
1108 5024 1135 5116 et
1149 5021 1226 5078 nlere
1241 5021 1319 5078 iiiios
1334 5037 1403 5119 suos
1415 5039 1422 5077 :
1436 5022 1499 5081 haec
1512 5024 1592 5118 enim
1606 5029 1733 5084 matrum
1748 5043 1813 5096 gra·

183 5129 243 5189 hin
264 5143 353 5184 ruram
374 5133 467 5198 gemit,
484 5130 731 5194 illiminationem
753 5127 857 5194 habuit,
877 5139 977 5180 memo,
1019 5107 1074 5172 ira,
1088 5105 1137 5160 bra
1149 5104 1261 5175 bonosi
1277 5105 1421 5179 denique,
1439 5107 1551 5180 inquit,
1566 5123 1617 5164 eos
1631 5107 1700 5182 plns
1714 5119 1812 5164 nmero

182 5199 233 5255 init
246 5201 368 5267 nterim,
381 5205 434 5258 sive
446 5203 572 5272 promissi.
1020 5187 1099 5247 iiiios
1115 5189 1224 5260 soient,
1239 5205 1316 5262 quos
1332 5192 1405 5263 ipsos
1422 5197 1530 5248 matres
1547 5193 1728 5250 lactaverunt
1741 5190 1812 5245 ube-
