4088 6032
636 299 1270 462 COMMENTARIA

427 661 598 892 IN
697 654 1470 897 GENESIM.

1445 1334 1452 1370 l

695 1373 1207 1486 ARGUMENTUM.

167 1649 339 1712 inscribitur
349 1650 398 1707 hic
411 1649 488 1708 liber
500 1646 637 1707 hebraice
650 1648 689 1708 de
701 1663 785 1708 more
797 1664 817 1707 a
828 1649 927 1724 prima
970 1651 1064 1708 elicii.
1074 1651 1122 1710 83.
1134 1655 1258 1711 Petrum.
1273 1651 1395 1726 Scripsit
1406 1653 1529 1727 insuper
1543 1655 1712 1712 Anastasius
1725 1655 1768 1714 si·

131 1736 202 1795 iibri
220 1750 294 1793 roos
314 1740 415 1797 nimia
437 1731 565 1796 00000000,
587 1727 620 1790 io
639 1733 697 1803 est,
720 1731 752 1789 ln
764 1731 926 1807 principio;
970 1733 1063 1805 00000,
1076 1735 1253 1808 monachus,
1266 1751 1301 1794 ao
1312 1737 1417 1811 postes
1430 1734 1590 1794 Antiochioe
1604 1736 1766 1811 Episcopus

130 1834 228 1892 graece
242 1820 272 1874 et
283 1815 373 1875 latine
387 1819 510 1874 uocatur
524 1813 642 1873 Generis
653 1816 775 1874 Enarret
787 1814 866 1873 anim
879 1831 929 1889 ge·
970 1823 999 1876 et
1021 1820 1147 1894 liertyr‚
1170 1835 1250 1879 anuo
1273 1819 1389 1881 nomini
1410 1821 1484 1891 000,
1507 1819 1646 1878 undecim
1672 1820 1766 1880 lihroa

130 1901 328 1969 necationem,
339 1897 372 1956 id
380 1899 424 1955 est
433 1895 623 1970 creationem,
631 1897 693 1957 sire
703 1897 816 1956 natales
823 1898 929 1956 mundi
970 1903 1085 1960 limena
1099 1903 1132 1960 in
1144 1903 1290 1975 Genesim,
1303 1901 1456 1978 inquibus
1469 1901 1625 1975 allegorice
1635 1904 1674 1961 00
1686 1905 1767 1962 Chri·

130 1991 159 2046 at
172 1983 321 2054 hominis,
335 1983 461 2056 ejusque
478 1982 617 2055 lapsum,
633 1981 878 2056 propagationem
899 1985 929 2040 et
970 1989 1016 2043 sto
1033 1990 1063 2044 et
1077 1985 1206 2045 Ecclesia
1225 1986 1324 2060 prima
1344 1987 1489 2044 Geneseos
1512 1985 1610 2060 cupite
1631 1989 1765 2060 exponit.

131 2075 232 2143 gesta,
244 2065 374 2126 maxime
392 2065 643 2135 Petriarcharum,
660 2065 739 2136 Noe,
761 2063 928 2137 Abraham,
969 2069 1089 2127 Exstant
1116 2069 1148 2127 in
1176 2069 1340 2144 appendice
1365 2069 1537 2133 000100οΜ0
1561 2069 1609 2126 SS.
1637 2072 1763 2130 000000.

130 2156 229 2224 isaac,
242 2149 334 2210 000οο
348 2155 377 2208 et
389 2149 518 2223 losephs
534 2146 798 2223 complectiturque
811 2147 928 2206 Genesis
970 2152 1089 2226 Scripsit
1101 2157 1130 2212 et
1139 2153 1266 2213 Thomas
1280 2155 1397 2225 hoctor,
1408 2169 1470 2212 non
1483 2157 1601 2212 0000000
1610 2153 1660 2211 iile
1672 2159 1765 2228 Ange-

131 2243 214 2310 gesta
224 2249 374 2295 annorum
387 2235 469 2293 0000.
488 2234 542 2292 'lot
554 2231 634 2290 enim
650 2230 875 2290 interfluxerunt
888 2230 928 2289 ab
969 2235 1055 2308 licus,
1064 2235 1118 2295 sed
1132 2237 1283 2309 Angiicus,
1296 2240 1369 2312 puta
1383 2235 1577 2295 Ehomcends
1587 2239 1694 2296 hoctor
1706 2239 1763 2297 suh

131 2323 259 2391 Ademo,
271 2323 301 2378 et
313 2317 448 2377 emundi
463 2315 621 2387 mentione,
638 2329 734 2390 usqua
748 2315 789 2373 ed
801 2317 928 2373 mortem
969 2333 1050 2378 suno
1069 2319 1175 2379 Ghristi
1195 2322 1277 2379 0000.
1297 2319 1411 2393 nngiici
1427 2320 1508 2378 cuim
1524 2319 1588 2378 000
1605 2336 1684 2393 esse,
1701 2337 1765 2381 uon

133 2404 270 2478 losephi,
284 2402 316 2462 in
332 2417 395 2476 qua
411 2400 514 2460 fluitur
531 2398 667 2470 Genesis,
680 2403 714 2458 ut
726 2402 822 2473 patet,
836 2398 861 2455 si
876 2397 930 2456 00·
969 2402 1099 2475 Angelici
1114 2403 1259 2476 doctoris,
1269 2402 1351 2462 testis
1365 2407 1409 2462 est
1421 2405 1451 2462 S.
1464 2404 1648 2477 nnmuinus,
1661 2410 1690 2463 et
1704 2406 1766 2466 Six-

135 2490 189 2548 das
200 2502 296 2546 annos
309 2487 428 2544 Petrum
440 2485 473 2542 in
485 2484 541 2542 000
554 2481 768 2554 chronologia:
781 2496 852 2541 nam
970 2489 1018 2544 ius
1039 2487 1192 2559 Senensis,
1211 2486 1266 2546 lib.
1288 2489 1324 2546 lli
1347 2489 1518 2546 Bibliotheca
1535 2488 1642 2546 Soneio
1662 2509 1673 2546 r
1697 2489 1766 2551 licet

32 2579 124 2628 00000
167 2565 927 2643 nhAdemusqueaddiluriumtluxaruutannilddti.
970 2571 998 2628 S.
1013 2571 1132 2630 'lhomm
1147 2571 1286 2646 lquinnti
1300 2571 1364 2630 hmo
1382 2571 1552 2630 adscribere
1570 2577 1693 2632 conetur
1709 2579 1767 2633 An-

32 2643 122 2752 &
169 2654 322 2715 Adilurio
335 2654 375 2712 00
387 2652 548 2726 Abraham,
562 2651 633 2710 anni
645 2653 710 2710 000.
971 2654 1069 2712 tonius
1087 2655 1240 2726 Senensis,
1262 2654 1316 2730 qui
1332 2653 1448 2729 primus
1465 2670 1502 2714 ea
1520 2654 1630 2728 edidit3
1648 2661 1678 2715 at
1694 2658 1766 2732 quia

169 2745 257 2798 Anno
272 2740 327 2798 000
343 2735 468 2797 errans
481 2739 569 2795 natus
585 2737 630 2794 ast
642 2736 737 2807 isaac,
753 2733 846 2794 00000.
860 2748 927 2810 cap.
970 2737 1063 2812 vulgo
1076 2737 1140 2798 hoo
1150 2739 1272 2798 nomine
1285 2739 1313 2797 S.
1327 2739 1447 2797 ihomre
1467 2739 1604 2810 00000000,
1621 2756 1678 2800 000
1690 2757 1766 2816 quo-

132 2839 192 2896 m,
204 2839 281 2882 vers.
295 2826 325 2882 0.
971 2837 1030 2896 que
1048 2823 1089 2881 ita
1108 2822 1279 2896 loquemur,
1296 2835 1334 2880 ne
1351 2823 1419 2898 quis
1439 2821 1533 2880 alium
1553 2822 1685 2898 aliquem
1709 2842 1766 2884 nos

166 2915 254 2967 Anno
265 2909 301 2966 00
317 2906 406 2966 isaaci
419 2907 507 2964 natos
521 2905 565 2963 est
577 2902 679 2974 iacob,
692 2902 786 2962 Gener.
799 2915 868 2973 xxv,
880 2903 927 2961 00.
971 2905 1059 2963 citare
1072 2907 1166 2980 putet.
1178 2903 1363 2979 scripserant
1375 2919 1499 2980 quoque
1509 2906 1540 2964 iu
1551 2907 1686 2966 Genesim
1696 2914 1766 2984 post

165 3000 253 3054 Auno
265 2996 298 3052 00
312 2991 414 3052 lecohi
426 2995 515 3050 natus
527 2994 572 3048 est
583 2989 703 3064 loseph,
717 2988 761 3047 uti
773 2986 928 3046 ostendam
969 2989 1139 3064 Lyrenum,
1154 2991 1306 3061 lingonem
1314 3031 1324 3062 ,
1338 2989 1512 3064 Dionysium
1525 2990 1764 3065 carthusianum,

132 3079 374 3149 sensarum.
969 3071 1399 3147 recentiorespermulti,inter
1408 3088 1487 3146 quos
1498 3073 1614 3131 excellit
1627 3075 1765 3134 varietate

164 3164 276 3237 loseph
287 3161 361 3220 vixit
371 3175 468 3221 annos
480 3161 553 3231 000,
564 3159 658 3218 Gener.
672 3171 702 3230 ι,
715 3160 762 3216 ai.
970 3156 1112 3216 dochino
1126 3157 1268 3214 Peresius.
1282 3154 1402 3230 Scrith
1414 3155 1559 3230 olimpre
1571 3158 1682 3216 000000
1695 3175 1765 3234 pro-

166 3247 251 3306 0000
266 3245 323 3306 000
335 3259 449 3316 annos,
463 3243 595 3302 invenies
610 3241 649 3300 ab
660 3241 776 3300 adamo
789 3240 830 3300 ad
846 3255 928 3301 mor·
969 3239 1047 3312 liae,
1062 3254 1172 3313 magno
1185 3238 1372 3312 singulorum
1386 3238 1521 3298 examine
1533 3243 1563 3298 ct
1575 3241 1706 3314 judicio,
1717 3243 1765 3302 Al·

131 3335 191 3389 tem
204 3329 326 3404 losephi
339 3343 435 3387 annos
447 3329 531 3387 0300.
969 3324 1105 3398 phnnsus
1123 3325 1256 3382 Tostatus
1273 3321 1435 3400 Episcopus
1453 3323 1625 3399 Abulensis,
1639 3325 1689 3386 cui
1703 3343 1766 3388 000·

166 3413 263 3472 llividi
276 3416 376 3487 potest
388 3411 506 3470 Genesis
523 3409 554 3467 in
569 3411 699 3484 quatuor
717 3410 835 3483 partes,
852 3423 929 3483 quos
969 3406 1027 3466 rito
1040 3406 1098 3465 hoc
1112 3405 1201 3465 datur
1212 3405 1368 3479 elogium:

132 3499 257 3557 totidem
269 3497 359 3555 tomis
378 3495 477 3554 diuisit
492 3495 708 3568 etprosecutus
725 3496 769 3551 est
783 3494 924 3552 Perenne.
1032 3531 1073 3587 ΗΕ
1085 3534 1165 3597 W
1176 3529 1303 3584 mund,
1331 3529 1372 3598 qut
1383 3530 1462 3586 mm
1474 3530 1568 3586 mi,
1579 3545 1648 3587 mm

5 3631 6 3650 ,
133 3586 227 3640 inmo
240 3579 446 3653 complectitur
462 3575 706 3651 gestaahAdam
719 3576 927 3650 usqueaddi-
1311 3568 1319 3596 '
1649 3569 1657 3586 ⁶

5 3709 6 3712 ,
133 3665 264 3735 lunium,
278 3663 371 3722 Gener.
385 3677 437 3720 ru.
455 3661 580 3720 Sananda
596 3659 727 3718 eontinet
742 3661 928 3732 gestaaltoe
969 3663 1100 3721 liortuus
1114 3660 1250 3720 estenim
1263 3676 1343 3720 enno
1356 3659 1449 3719 etatis
1458 3660 1699 3736 quadragesimo.
1714 3667 1767 3724 00-

5 3763 7 3818 ,
133 3745 288 3807 etdiluvio
301 3759 397 3821 usqua
412 3744 452 3804 ed
465 3743 626 3814 Abraham,
640 3745 849 3818 putremque
862 3759 929 3802 ner·
970 3745 1062 3820 nique
1074 3745 1190 3819 scripsit
1205 3758 1302 3820 nuper
1320 3744 1352 3802 iu
1369 3761 1435 3818 cap.
1450 3761 1461 3802 ι
1474 3747 1619 3805 Geneseos
1633 3747 1710 3807 duos
1722 3747 1767 3806 in-

5 3821 7 3856 ⁵
126 3835 235 3889 'rantur
247 3845 267 3888 a
279 3843 346 3904 cap.
361 3843 402 3887 ru
416 3844 512 3906 usqua
526 3827 566 3887 ad
576 3841 643 3902 cap.
657 3841 709 3886 xtr.
725 3827 820 3884 Tertio
834 3825 929 3885 conti·
971 3832 1071 3902 gentes
1090 3831 1189 3887 tomos
1210 3826 1352 3887 Ascanius
1375 3827 1573 3902 liertinangus
1594 3830 1765 3904 Brixienus,

5 3931 7 3990 j
133 3921 184 3974 net
200 3918 283 3987 gesta
303 3913 429 3974 Abrahoe
444 3928 465 3971 a
482 3927 550 3988 cup.
571 3927 613 3970 xu
633 3927 729 3986 usque
747 3909 787 3969 ad
805 3909 929 3970 thrahm
971 3927 1049 3987 quos
1071 3912 1192 3970 Gtoerom
1212 3927 1341 3984 magnam
1357 3914 1390 3968 in
1410 3912 1532 3970 Genesim
1551 3911 1684 3971 inscribit
1705 3931 1713 3971 r
1733 3915 1766 3972 in

5 3995 7 4048 ὲ
134 4002 277 4069 mortem,
290 3997 465 4057 Geneaxxr.
480 3996 699 4070 Gnortcaeap.
715 4009 771 4052 ur
785 3993 930 4052 adiiuem
972 4011 1034 4071 qua
1049 3999 1185 4054 catenam
1204 4009 1222 4052 e
1239 3993 1376 4054 Patribus
1392 3999 1421 4054 et
1438 3995 1613 4055 doctoribus
1630 3997 1717 4069 texit,
1731 4013 1766 4057 aa

5 4051 8 4154 l
134 4083 279 4140 Geueseos
292 4078 591 4155 complectiturgeste
604 4078 713 4150 iseeci,
729 4077 930 4138 0000000000-
972 4079 1151 4154 questiones
1164 4093 1269 4137 omnes
1282 4077 1444 4137 incidentes
1455 4077 1521 4136 inse
1535 4078 1652 4138 discutit
1664 4080 1712 4154 (0).

5 4155 7 4246 Ι
136 4164 234 4239 sephi,
246 4163 408 4238 finiturque
421 4163 453 4221 in
466 4166 561 4220 morte
574 4161 703 4238 losephi.
1008 4163 1116 4220 Verum
1133 4162 1206 4237 quia
1219 4162 1262 4220 de·
1275 4161 1462 4234 &Scriptura
1477 4161 1664 4220 verissimum
1680 4163 1767 4222 estil-

5 4269 7 4318 ;
53 4255 126 4316 0000
171 4247 354 4321 Scripserunt
369 4246 403 4305 in
419 4246 554 4305 Genesim
575 4245 775 4318 Origenes,S.
789 4242 931 4319 Hierony·
972 4245 1027 4304 lud
1042 4261 1050 4301 ε
1065 4249 1118 4303 000
1132 4245 1238 4318 longe,
1251 4245 1313 4303 vite
1328 4244 1442 4314 hrevis3
1457 4245 1514 4303 000
1531 4245 1569 4304 00
1582 4261 1768 4322 cnuse‚quee

5 4320 7 4374 Ψ
43 4327 69 4360 '⁸
93 4320 127 4390 fl
138 4347 216 4403 mus,
228 4331 420 4405 Augustinus,
432 4329 643 4401 Theodoretus,
655 4327 827 4404 Procopius,
840 4329 931 4403 Ghry-
972 4328 1023 4388 alii
1034 4327 1100 4387 lues
1113 4326 1266 4399 dixerunt,
1281 4344 1337 4402 ego
1356 4328 1388 4386 in
1400 4343 1497 4403 pauca
1509 4328 1726 4402 constringam,
1740 4336 1770 4389 et

43 4377 123 4426 ᾖ
137 4419 296 4486 soetomm,
308 4413 477 4486 Eucherius,
488 4415 635 4488 liupertus
648 4416 677 4470 ei
690 4411 751 4469 alii.
763 4413 792 4470 S.
805 4411 931 4470 timbro-
973 4411 1107 4486 impense
1118 4407 1271 4482 brevitati,
1286 4427 1371 4486 oeqrre
1381 4427 1417 4469 ec
1430 4411 1570 4469 soliditati
1583 4416 1612 4470 et
1625 4413 1768 4471 methodo

137 4499 197 4558 sius
209 4502 279 4572 post
288 4499 317 4556 S.
326 4495 466 4556 Basilium
477 4496 593 4571 scripsit
601 4495 655 4553 lib.
670 4497 850 4562 lieocmeron,
860 4495 930 4552 item
974 4494 1124 4553 studebo:
1147 4494 1275 4568 ideoque
1298 4495 1423 4553 moralia
1444 4493 1635 4569 preclarioro
1652 4498 1768 4553 tantum

135 4580 188 4640 lib.
203 4582 242 4639 da
260 4583 338 4651 lice,
351 4579 391 4638 00
407 4579 577 4651 Abraham,
590 4579 628 4638 00
649 4581 746 4647 isaeo,
760 4577 869 4648 Jacob,
883 4581 931 4637 to·
973 4579 1121 4650 intexam,
1136 4583 1164 4636 et
1177 4579 1305 4637 suhinde
1322 4578 1362 4638 ad
1382 4583 1533 4649 auctores,
1553 4577 1607 4654 qui
1622 4578 1717 4637 fusius
1733 4595 1769 4638 ce

5 4701 6 4736 3
135 4665 229 4739 seph,
247 4667 304 4723 eto.
327 4665 359 4722 B.
373 4663 500 4738 cyrillus
517 4661 634 4736 scripsit
653 4660 748 4719 libros
766 4673 800 4731 r,
819 4661 930 4736 quihus
973 4664 1168 4737 pertractant,
1189 4662 1351 4734 remittam3
1368 4667 1458 4737 atque
1476 4662 1526 4720 hic
1545 4662 1637 4720 semel
1652 4662 1770 4720 unirer-

5 4761 7 4832 0
134 4750 211 4808 adde
225 4748 360 4822 eiusdem
376 4747 541 4821 Glaphyra,
552 4747 586 4804 id
598 4749 661 4818 est,
674 4745 844 4819 exsculpta,
858 4763 886 4818 q.
899 4746 929 4804 0.
974 4746 1032 4803 sim
1043 4746 1278 4818 concionatores,
1292 4761 1467 4820 omnesque,
1481 4745 1534 4821 qui
1546 4745 1712 4804 morulihus
1725 4746 1769 4804 iu·

5 4859 6 4862 ¹
134 4835 229 4892 Pauca
244 4849 263 4891 e
281 4830 381 4890 multis
398 4831 523 4902 selecta,
544 4828 656 4905 quihus
673 4843 736 4886 non
754 4828 929 4900 litteralem,
974 4829 1075 4901 hiant,
1093 4829 1243 4900 monitos,
1256 4829 1362 4903 velim,
1379 4835 1413 4888 ut
1432 4831 1532 4903 legent
1548 4831 1576 4888 S.
1596 4831 1770 4908 000000000-

134 4916 185 4975 sed
206 4915 367 4990 mysticum
380 4913 443 4982 lere
462 4929 583 4972 sensum
597 4913 795 4988 persequitur.
809 4915 930 4971 Exstant
974 4931 1071 4986 mum,
1085 4914 1287 4987 Ambrosium,
1305 4915 1472 4988 origenem,
1487 4917 1662 4989 liopertum,
1675 4915 1771 4974 lieha-

133 5013 168 5058 00
186 4998 404 5072 manuscripta,
423 4997 536 5072 quihus
559 5013 615 5070 ego
638 5013 711 5055 usus
734 5013 820 5067 sum,
833 5012 929 5070 enque
974 5013 1065 5069 num,
1081 4998 1293 5074 Hieronymum
1313 4998 1519 5070 0001000οο,
1538 5000 1702 5072 Pererium‚
1716 5002 1771 5061 lia·

5 5091 6 5132 ἱ
131 5086 285 5158 postcom
295 5082 361 5141 aliis
372 5083 465 5141 edidit
480 5085 579 5141 noster
589 5083 620 5140 P.
635 5082 768 5141 Andreas
781 5082 927 5140 schottus.

133 5167 251 5267 scripsit
270 5166 358 5225 ettam
377 5166 507 5266 eminus
522 5166 644 5266 F¹⁸⁰⁰¹²5
662 5166 764 5235 coest.
783 5167 815 5223 ⁶²⁸
834 5165 927 5265 ⁶⁸⁹2&
1006 5201 1043 5270 n)
1056 5198 1154 5263 oona
1175 5202 1239 5255 mea
1259 5202 1383 5256 romum
1396 5202 1428 5255 oa
1445 5203 1471 5255 n
1484 5203 1570 5269 mys,
1587 5203 1774 5258 000000ωο

133 5253 251 5327 serpsit
270 5267 393 5326 quoquo
410 5267 444 5310 11¹
463 5267 564 5328 priora
579 5255 677 5326 0008
690 5251 930 5312 ⁶⁰110⁵00⁸1¹111r
974 5272 1002 5326 t·
1014 5274 1147 5335 semum,
1159 5273 1276 5341 mgnum
1294 5277 1372 5340 isaa;
1388 5275 1526 5342 nemin,
1540 5275 1589 5327 nu
1606 5275 1706 5328 annu
1717 5277 1772 5329 00

108 5365 111 5374 =
135 5333 192 5394 iius
208 5336 374 5411 Episcopus
390 5332 561 5412 00000000,
574 5335 628 5410 qui
640 5337 734 5395 emtat
746 5337 820 5398 tom
835 5338 870 5396 vt
882 5339 931 5396 Bi·
973 5345 1087 5399 tectim
1099 5346 1148 5397 ner
1161 5345 1281 5404 seona.
1297 5347 1369 5397 teas.
1548 5371 1550 5377 =
