4212 6034
672 299 914 358 communia
931 301 965 356 lu
983 299 1143 372 unuaslli,
1161 313 1225 360 ω.
1243 301 1332 361 xlm.
1765 293 1819 352 369

185 401 363 477 projiciens,
377 401 519 459 enarratis
532 401 645 460 cunctis
662 417 731 476 quar
750 403 931 474 ceciderant,
946 403 979 461 in
1057 407 1104 462 29.
1122 407 1332 462 Numrrrunr
1344 417 1373 461 ιι
1394 400 1629 472 ornem-ultro
1649 401 1680 458 et
1695 403 1817 472 sponte,
1832 403 1891 450 ver·-
1901 409 1933 452 ir·

185 483 368 542 monachum
382 483 421 540 ab
435 499 471 540 ec
484 499 553 542 sum
563 488 743 558 assumptus.
758 487 823 544 lloec
837 486 874 544 de
885 501 916 543 se
927 485 980 543 ali·
1023 502 1061 545 ne
1074 489 1158 561 pater
1171 487 1263 544 ammi
1276 486 1434 559 penderet,
1447 484 1501 542 ubi
1514 483 1671 542 mansisset
1685 481 1817 552 Simeon3

185 571 300 644 quanto
313 567 461 642 prolixius
481 568 509 625 S.
524 567 650 640 Ephrem
666 565 807 625 iratribus
820 568 881 625 suis
895 581 979 625 cnar-
1023 585 1112 642 nam,
1122 575 1156 628 ut
1166 571 1328 644 prudenter
1340 569 1381 627 ait
1394 568 1477 626 Philo
1482 610 1493 640 ,
1506 587 1521 623 e
1534 568 1565 625 in
1583 565 1702 625 casibus
1723 564 1819 639 inopi-

184 652 271 710 ravit.
278 652 360 708 llnde
366 650 459 723 liquet
466 652 557 708 licum
565 648 682 708 nullum
691 651 802 708 crimen
812 649 979 724 relinquere
1023 651 1201 711 uatislorior
1211 656 1254 710 est
1267 651 1408 728 cognitio,
1422 666 1515 726 quam
1527 649 1673 708 dubitatio
1685 665 1693 705 :
1707 663 1819 706 namra

185 733 382 808 impunitum
393 733 518 804 armario,
531 735 623 790 ileum
634 734 793 806 practicare
807 732 885 790 illud
898 733 980 790 chri·
1023 736 1142 808 cognita
1152 738 1249 810 potest
1262 735 1388 793 inveniri
1402 733 1583 792 adsalutem
1605 732 1719 804 aditus;
1733 731 1819 790 barsi-

185 817 237 875 sti:
248 815 980 892 «lnquamensurameusilueritis,remetieturro-
1022 819 1094 876 tatio
1106 819 1182 878 nihil
1196 817 1356 894 expedit.»
1373 819 1444 875 vere
1454 818 1563 876 Poeta:

184 899 271 970 hia»
288 901 390 958 Marcu.
408 913 464 969 vn,
475 900 505 956 2.

220 983 340 1043 lioralia
350 981 477 1056 pulchra
487 981 525 1039 de
533 981 656 1040 utilitate
665 974 874 1054 tribulationis,
882 981 980 1056 quod·
1163 978 1568 1046 Pejcreubelolincripsehclll.

185 1083 246 1143 que
264 1068 330 1141 ipsa
347 1067 455 1124 doceat
472 1081 529 1124 uos
547 1080 725 1138 cognoscere
743 1070 849 1138 primo,
871 1068 979 1137 ltcum3

185 1152 318 1217 secando,
335 1151 493 1224 nosips0S,
506 1153 698 1224 nostramque
710 1148 912 1221 fragilitatem
926 1155 981 1205 ter·
1058 1155 1105 1212 35.
1125 1152 1350 1222 Exrnnmrsqnn
1371 1165 1455 1211 ulum.
1477 1165 1608 1211 orenrnun⁸
1620 1181 1656 1196 -
1670 1152 1734 1212 Filii
1749 1167 1818 1228 ape·
1832 1159 1890 1204 vere
1900 1161 1933 1205 ta.

189 1238 245 1301 tic,
259 1233 419 1291 vanitatem
431 1232 551 1303 muudi,
565 1232 759 1306 omniumque
777 1233 840 1304 cius
853 1245 980 1303 operum
1022 1240 1144 1294 ruerent
1153 1251 1253 1294 saccos
1266 1236 1298 1292 in
1314 1237 1379 1306 rie,
1393 1235 1584 1310 sciebamque
1599 1235 1640 1294 eis
1660 1237 1817 1310 pecuniam

186 1321 216 1375 et
234 1317 403 1376 honorum:
417 1316 507 1374 habet
522 1315 571 1374 hic
588 1316 721 1380 Pererius
734 1329 819 1373 num.
837 1315 875 1372 ιι
890 1317 918 1372 et
936 1329 980 1372 se·
1023 1319 1118 1377 inesse
1123 1338 1133 1390 3
1144 1324 1228 1393 pater
1237 1335 1310 1378 vero
1318 1319 1483 1390 nesciebat,
1498 1319 1613 1378 sedfilii
1626 1323 1817 1395 corumpatrc

186 1399 359 1476 quentihus.
1023 1401 1166 1460 simulant
1178 1417 1210 1460 sc
1223 1416 1347 1476 quoque
1360 1402 1492 1476 idipsum
1508 1403 1638 1474 nescire,
1652 1418 1689 1462 ne
1704 1409 1818 1478 epatre

63 1496 128 1544 ree
137 1500 172 1542 rr.
222 1482 980 1555 22.Eusenoursrrusrxournrrcn.-Putabantcnim
1022 1483 1221 1558 increpentur.
1236 1484 1370 1544 Exterriti
1382 1499 1454 1557 crgo
1468 1485 1517 1543 hic
1530 1491 1600 1544 sunt
1612 1485 1666 1544 filii
1677 1488 1740 1559 jam
1751 1491 1818 1545 ante

71 1559 167 1631 ΜΨ
185 1569 290 1628 fratres
302 1567 464 1642 losephum
476 1569 507 1626 in
517 1573 579 1626 tam
592 1568 658 1626 dira
668 1569 805 1626 servitute
815 1581 878 1640 prae
891 1565 981 1624 afflic-
1023 1572 1184 1641 concepto,
1199 1567 1247 1625 vel
1259 1571 1334 1626 certe
1347 1569 1486 1626 simulato
1498 1573 1527 1628 et
1539 1569 1609 1628 ficto
1630 1570 1735 1629 timore
1754 1589 1761 1628 :
1774 1573 1819 1629 la·

16 1655 18 1658 '
64 1630 175 1726 “ing''
186 1654 267 1711 tione
281 1655 310 1709 ct
322 1667 448 1708 moerorc
458 1651 522 1724 iam
535 1651 652 1724 pridem
667 1665 729 1708 esse
742 1654 910 1707 mortuum:
925 1663 980 1707 nec
1023 1650 1080 1710 eob
1094 1656 1192 1709 autern
1208 1665 1288 1708 noro
1301 1654 1330 1708 ct
1342 1666 1413 1710 vero
1427 1655 1508 1710 metu
1530 1653 1686 1726 perculsus
1698 1652 1770 1725 iuit,
1784 1653 1820 1713 ti·

66 1747 136 1787 ncne
150 1741 174 1787 in
186 1736 267 1793 enim
278 1734 443 1809 perrigiuti
452 1737 510 1791 tres
519 1749 613 1792 annos
625 1733 792 1807 quidquam
804 1733 841 1790 de
851 1749 887 1789 eo
896 1733 981 1790 inau·
1023 1748 1108 1792 mens
1131 1734 1241 1792 scilicet
1256 1734 1383 1808 nequid
1400 1735 1472 1792 mali
1491 1741 1614 1810 propter
1634 1737 1711 1794 hanc
1731 1751 1819 1811 pecu·

68 1805 168 1910 Qu·
187 1819 312 1877 dierunt.
330 1818 499 1890 «Sanguis»
513 1817 641 1889 crgolric
654 1815 981 1890 metonymiceponitur
1023 1817 1105 1874 niam
1129 1817 1273 1887 simeoni,
1294 1817 1319 1874 si
1346 1832 1408 1875 non
1432 1817 1576 1890 redirent;
1600 1820 1648 1877 sin
1673 1819 1816 1890 redirent,

65 1925 168 1982 usqum
185 1917 243 1975 pro
255 1901 398 1959 effusione
411 1900 575 1972 sanguinis,
583 1903 657 1974 puta
666 1914 723 1972 pro
737 1915 808 1956 nece
822 1902 851 1955 ei
864 1902 979 1956 morte:
1022 1899 1156 1975 ipsismet
1169 1899 1350 1972 infligeretur
1363 1914 1382 1956 a
1394 1901 1533 1974 loscpho.

71 1989 169 2046 parru-
187 1985 301 2059 quaeris
318 1983 397 2041 enim
417 1983 525 2040 occisio
546 1987 575 2040 ot
592 1997 674 2038 mors
695 1982 844 2054 violente,
866 1981 981 2040 etiarnsi
1058 1984 1104 2041 36.
1120 1987 1229 2050 iesous
1249 1997 1356 2040 urnaurs
1369 1998 1408 2040 ur
1421 1998 1486 2042 assa
1506 1985 1818 2046 munuc-uolentis
1833 1992 1935 2039 lenm·

186 2068 238 2125 fiat
249 2065 451 2136 suffocatione,
465 2065 681 2135 submersione,
690 2064 874 2135 contusione,
885 2064 981 2122 aliove
1022 2079 1083 2124 rcx
1096 2065 1152 2122 ista
1165 2069 1224 2135 cst,
1237 2065 1334 2138 inquit
1347 2065 1519 2138 bhulensis,
1533 2068 1606 2142 quia
1619 2068 1753 2126 dolentes
1761 2085 1818 2143 pro

186 2152 296 2222 modo,
310 2154 432 2208 vocatur
446 2151 529 2223 apud
543 2150 678 2207 llebraeos
693 2148 799 2206 effusio
812 2147 981 2220 sanguinis,
1023 2165 1055 2208 re
1069 2149 1189 2207 modica
1202 2147 1314 2207 iaciunt
1334 2149 1555 2224 propositiones
1576 2150 1772 2222 universales,
1785 2156 1819 2209 ut

185 2250 243 2308 per
255 2233 462 2308 synecdochen
475 2237 565 2306 etper
577 2231 757 2290 catachresin
765 2273 774 2302 ,
782 2231 911 2305 ecquod
919 2230 982 2290 rio·
1023 2233 1050 2292 si
1062 2249 1159 2309 pauca
1173 2233 1253 2291 mula
1265 2233 1410 2306 habeant,
1424 2234 1524 2292 dicant
1536 2249 1568 2292 se
1581 2234 1684 2292 omnia
1692 2234 1802 2294 hebere
1807 2255 1816 2306 3

186 2318 268 2376 lenta
285 2329 367 2376 mors
384 2315 558 2374 creberrimo
572 2314 674 2373 inferri
690 2314 783 2374 soleat
796 2329 850 2388 per
863 2313 983 2374 effusio-
1014 2323 1053 2396 μοι
1065 2317 1198 2391 sipauca
1220 2317 1303 2375 bona
1324 2317 1367 2374 cia
1388 2317 1499 2387 desint,
1519 2316 1619 2375 dicent
1638 2317 1696 2375 sibi
1717 2319 1819 2377 omnia

187 2416 258 2460 nem
270 2401 433 2472 sanguinis.
1024 2399 1126 2460 deesse
1141 2417 1149 2457 ε
1164 2401 1205 2458 ita
1216 2399 1307 2459 Jacob
1320 2404 1379 2457 tres
1398 2402 1515 2458 tantum
1537 2398 1617 2460 illios
1637 2399 1741 2460 autore
1753 2417 1819 2460 sen·

64 2495 173 2544 rme.
222 2487 269 2542 ee.
284 2486 548 2543 staron-Unum
561 2484 728 2543 Simeonem
749 2497 812 2557 pree
832 2481 897 2540 aliis
910 2481 983 2556 ligat
1023 2485 1163 2554 tiens,ex
1176 2484 1361 2542 vehementia
1375 2483 1488 2541 doloris
1500 2483 1571 2542 dicit
1582 2482 1640 2541 sibi
1651 2499 1756 2543 omnes
1768 2486 1818 2544 do-

22 2583 28 2592 ’
186 2567 348 2643 Iosephus,
362 2567 434 2640 quie
446 2567 478 2624 in
498 2567 633 2625 simeone
656 2566 848 2640 potissimum
869 2567 982 2626 venditi
1023 2567 1154 2639 tuturos,
1167 2582 1236 2626 cum
1250 2571 1349 2625 tamen
1369 2566 1467 2624 adbuc
1481 2565 1531 2624 alii
1549 2582 1658 2626 novem
1678 2567 1705 2624 ei
1718 2583 1819 2643 super-

187 2652 307 2726 losephi
321 2651 410 2725 culpa
429 2651 557 2721 resedit,
577 2650 717 2723 inquiunt
731 2649 831 2721 Philo,
850 2649 984 2708 Theodo·
1024 2655 1132 2710 essent.
1142 2652 1231 2710 uolor
1243 2651 1292 2710 hic
1302 2649 1453 2709 oriebatur
1461 2665 1499 2708 ex
1512 2650 1623 2723 ingenti
1631 2665 1747 2722 amora,
1757 2667 1819 2726 quo

187 2740 268 2798 retus
283 2740 312 2794 et
324 2735 501 2794 Gennadius.
515 2735 543 2794 Si
557 2734 637 2792 enim
654 2734 771 2792 Simeon
785 2734 918 2792 secundo
931 2751 983 2807 ge·
1025 2749 1116 2807 super
1136 2749 1241 2792 omnes
1263 2733 1405 2806 diligebat
1426 2733 1588 2808 loscpbum
1610 2733 1775 2808 perditum,
1792 2741 1821 2793 et

187 2821 267 2879 nitus
278 2837 347 2878 cum
359 2818 483 2877 liuhcno
496 2817 696 2893 primogenito
705 2822 732 2874 et
742 2817 835 2887 luda,
844 2816 898 2890 qui
907 2817 984 2874 inter
1025 2818 1177 2888 Beniamin
1191 2816 1413 2876 abducendum.

186 2902 292 2962 iratres
304 2902 437 2976 gratiaci
456 2901 597 2974 dignitate
621 2899 794 2974 prestabat,
816 2915 848 2957 se
861 2900 984 2971 conjun-
1061 2904 1107 2959 37.
1121 2904 1197 2960 Duos
1209 2915 1300 2960 riuos
1313 2915 1386 2960 nuos
1400 2915 1558 2960 rnrsrrrer.
1573 2929 1609 2946 -
1621 2901 1818 2975 irrationalis,
1833 2911 1891 2960 vere
1901 2911 1929 2958 tr

187 2987 291 3059 risset,
305 2985 390 3046 laede
403 2985 435 3043 bi
450 2991 509 3043 tres
522 3000 577 3042 sua
599 2983 771 3041 auctoritate
792 2983 866 3040 alios
879 2980 984 3040 fratres
1025 2983 1148 3042 turbida
1161 2988 1189 3042 et
1201 2984 1292 3059 plena
1308 2984 1448 3058 passione
1460 2987 1505 3041 est
1514 2983 1578 3041 bac
1598 2983 1711 3041 obletic
1724 2983 1820 3042 itube-

188 3069 453 3144 compescuissent,
467 3072 496 3125 et
515 3067 677 3140 loscpbum
696 3065 885 3137 liberassent;
908 3064 984 3123 torte
1025 3067 1079 3126 ni:
1095 3067 1229 3128 occidere
1249 3067 1329 3124 enim
1351 3083 1409 3126 aro
1430 3070 1552 3140 nepotes
1573 3081 1636 3125 non
1658 3065 1739 3136 licet,
1753 3067 1820 3124 etsi

187 3155 277 3212 etiam
289 3153 406 3210 Simeon
419 3151 496 3208 inter
508 3150 612 3208 iratres
625 3149 799 3208 insolentior
812 3152 842 3206 ct
854 3148 984 3222 iniquior
1025 3150 1169 3222 demsset,
1184 3166 1247 3208 nou
1259 3151 1317 3208 hoc
1330 3150 1394 3222 eius
1414 3149 1550 3208 dolorem
1569 3147 1748 3221 miugessct,
1766 3149 1821 3208 aad

187 3237 283 3295 tumet
293 3235 494 3310 inicsephum
508 3233 626 3294 :audax
638 3232 718 3291 euim
732 3235 762 3290 et
774 3231 906 3289 insoleus
920 3231 984 3303 ejus
1025 3234 1126 3308 potius
1141 3233 1279 3292 auxisset.
1294 3235 1403 3291 verum
1414 3232 1508 3290 voluit
1522 3231 1626 3291 liuhan
1638 3231 1695 3290 hac
1708 3233 1820 3292 iucom-

93 3351 96 3356 Δ
187 3322 306 3381 indoles
319 3321 389 3378 satis
401 3337 432 3378 se
452 3319 586 3394 prodidit
602 3319 634 3376 in
653 3322 750 3388 strage
771 3315 982 3388 Sichimorum,
1024 3316 1124 3390 posite
1138 3319 1167 3375 et
1185 3315 1348 3375 irrationali
1370 3315 1572 3391 propositione
1592 3314 1771 3388 significare,
1789 3331 1820 3373 se

190 3405 283 3464 deam.
297 3417 489 3474 nxrr,ucrs.
503 3405 549 3460 it.
1025 3404 1106 3458 certo
1119 3399 1225 3458 certius
1235 3398 1428 3457 reducturum
1440 3398 1653 3470 Beniamiaum.

224 3483 984 3558 bruscumincursurum-uatopreteruu·
1061 3485 1107 3541 38.
1132 3485 1287 3542 brunerus
1308 3497 1397 3542 cenos
1415 3497 1488 3542 uros
1510 3495 1568 3542 cur
1586 3495 1699 3542 nonore
1720 3497 1760 3542 en
1778 3491 1934 3542 ric-ructa

189 3577 324 3632 mentum
334 3572 455 3640 uiatico,
470 3574 544 3645 puta
556 3569 685 3644 panibus
698 3568 824 3642 aliisque
837 3567 910 3626 escis
923 3572 984 3626 tam
1026 3581 1128 3638 raros,
1137 3568 1213 3626 -id
1226 3571 1286 3639 cst,
1298 3565 1443 3637 efficietis,
1458 3571 1491 3625 ut
1514 3582 1571 3640 ego
1586 3581 1676 3625 senex
1694 3581 1820 3626 moerorc

189 3655 348 3716 hominurn
361 3669 454 3728 quem
475 3652 642 3722 asinorum,
657 3654 690 3707 ut
710 3649 893 3708 frumentum
912 3649 985 3707 inte-
1026 3654 1055 3708 et
1066 3649 1202 3708 moestitia
1215 3650 1341 3722 moriar3
1354 3649 1490 3724 quinimo
1504 3649 1587 3706 senio
1600 3663 1667 3707 meo
1680 3649 1821 3708 accelera·

189 3753 278 3813 grum
288 3741 319 3796 ct
330 3737 473 3798 intectum
486 3735 613 3799 domum
625 3733 802 3810 perterreat,
816 3732 856 3792 ad
867 3726 1003 3807 patrem'
1026 3732 1097 3792 bitis
1113 3737 1250 3791 mortem.
1264 3734 1307 3790 lta
1324 3731 1480 3792 abulensis
1496 3734 1525 3792 et
1536 3729 1688 3790 Vatablue.
1714 3732 1822 3793 Octava

190 3821 385 3882 thebanam.
1026 3814 1370 3875 luithoeccruxlacobi.

443 4163 647 4276 clrur
685 4107 1230 4285 oulnnlcu‘sruuu
1267 4156 1566 4264 eunucu.

806 4401 1013 4468 sinorsis
1031 4399 1212 4464 carlrls.

193 4597 425 4661 &deprecando
434 4596 723 4669 cunBcdcmiaeunt
734 4595 975 4668 imperitandi
989 4600 1080 4655 eueni
1090 4595 1272 4667 trumentum}
1283 4591 1390 4671 ioseph,
1401 4613 1471 4656 cere.
1482 4587 1530 4668 27,
1540 4595 1651 4674 mane
1661 4615 1705 4662 tro
1715 4597 1829 4666 dudo

883 4695 1006 4751 conduc
1023 4697 1136 4768 eceipit.
1641 4729 1645 4737 ·

241 4894 273 4972 i.
294 4897 432 4970 Interim
450 4893 555 4966 fames
573 4911 705 4964 omnem
723 4899 844 4963 terram
870 4889 1081 4962 vehementer
1097 4886 1277 4986 premebat.
1299 4887 1333 4965 2.
1354 4893 1630 4992 consumptisque
1646 4894 1728 4972 cibis
1743 4922 1829 4998 quos

194 5027 237 5077 cx
248 5005 395 5098 AEgypto
408 5001 614 5086 detulerant,
633 4999 718 5069 dixit
728 4999 828 5068 Jacob
843 4997 883 5066 ed
896 4997 984 5067 filios
996 5019 1095 5068 suos:
1116 4999 1356 5090 Revertimini,
1378 5011 1412 5072 et
1423 5003 1521 5074 emite
1533 5005 1628 5074 nohis
1640 5007 1828 5098 pauxillum

195 5133 356 5181 escarum
378 5109 411 5180 3.
432 5107 615 5201 Respondit
631 5105 755 5174 ludas:
777 5104 993 5174 Denuntiavit
1005 5103 1101 5174 nobis
1113 5105 1167 5174 vir
1178 5105 1236 5175 ille
1253 5107 1316 5176 suh
1334 5109 1537 5180 attestatione
1546 5110 1766 5205 jurisjurandi
1779 5113 1830 5184 di-

194 5239 295 5287 cens:
313 5215 388 5286 Non
400 5215 555 5286 videbitis
565 5211 682 5282 ieciem
695 5235 823 5297 meam,
843 5210 909 5280 nisi
926 5210 1062 5280 fratrem
1075 5219 1223 5304 vestrum
1239 5213 1416 5283 minimum
1430 5215 1632 5288 adduxeritis
1643 5219 1826 5290 vobiscum,

192 5324 230 5395 4.
245 5322 284 5394 Si
297 5344 376 5416 ergo
389 5323 440 5396 uis
452 5342 531 5392 eum
543 5319 674 5390 mittere
686 5319 879 5410 nobiscum,
894 5345 1068 5416 pergemus
1081 5321 1216 5416 pariter,
1231 5327 1265 5390 et
1276 5341 1425 5391 ememus
1437 5321 1498 5391 tibi
1511 5324 1692 5395 necessaria
1705 5350 1714 5393 z
1729 5325 1762 5396 5.
1776 5315 1829 5396 eiu

378 5449 401 5499 le
647 5443 649 5446 ⁵
1616 5439 1654 5503 Ἄ
