4042 6032
1615 387 1703 448 catu

90 491 207 568 reptilia
226 492 376 552 coilomm.
401 493 446 556 Ad
468 496 629 556 extremam
648 496 738 569 hujus
762 495 878 570 periodi
921 497 1068 558 anteriora
1090 501 1232 573 putarunt
1251 499 1404 569 animalia,
1428 501 1544 556 terrem
1564 493 1703 570 quadmu

90 580 205 650 partem
231 578 372 636 credibile
397 581 440 636 θεῖ
464 579 609 653 pertinere
634 580 732 652 prima
754 583 876 638 atoue:
920 597 977 655 pro
990 599 1021 640 sc
1034 583 1163 644 citabant
1180 583 1475 658 antiquioraterreno
1488 578 1658 652 carbonico,
1671 579 1703 636 iu

91 658 256 719 erisbmare
285 677 407 736 quoqne
438 677 598 737 possumus
627 678 701 722 voce
725 665 878 722 ttomtutm
921 666 1141 740 quibustamen
1158 665 1330 726 animalium
1342 663 1475 739 reliquiae
1487 661 1639 720 nonnulla
1657 659 1703 720 in-

91 744 178 802 etiam
191 745 325 817 ingentes
337 745 405 803 illos
418 748 559 804 marianos
571 745 710 816 indicari,
723 746 754 805 in
768 746 878 820 quibus
920 749 1086 808 veniuntur.
1100 752 1208 809 Verum
1229 749 1260 806 iu
1280 747 1429 823 aliquibus
1444 761 1482 804 ex
1506 744 1564 802 illis
1583 746 1704 804 terrems

91 831 293 899 cainaeorum,
321 828 469 902 reptilium
502 845 537 886 ac
563 829 689 903 piscium
716 830 877 902 conjuncta
921 832 1007 890 etiam
1020 832 1330 904 vegetabilesexsuviae
1343 833 1463 906 reperte
1476 831 1563 900 sunt;
1576 827 1608 885 in
1621 833 1704 888 cete-

54 969 64 980 ,
91 915 167 970 notas
178 911 443 986 similitudinesque
455 913 654 987 pervidentur.
920 915 961 971 ris
984 919 1095 986 autem,
1114 930 1184 974 cum
1203 913 1307 989 primis
1324 914 1401 984 illis,
1417 911 1581 988 praesertim
1602 911 1705 985 moad

125 997 190 1055 lirec
204 995 283 1066 dies,
297 1000 331 1054 ut
342 997 487 1068 indicavi,
502 1013 538 1055 ex
558 997 716 1070 geologicis
737 997 879 1057 doctrinis
920 997 1061 1056 animales
1073 997 1227 1072 reliquias,
1241 997 1299 1056 sint
1309 998 1397 1055 valde
1410 995 1517 1054 similia
1524 1037 1536 1067 ,
1548 993 1704 1074 probabile

92 1079 264 1152 longissima
277 1080 419 1155 periodus
431 1079 521 1140 tuisse
531 1081 664 1154 putanda
674 1085 726 1138 est.
736 1082 877 1140 Catastro·
921 1095 1108 1156 summopere
1120 1087 1164 1138 est
1175 1080 1239 1140 iore
1252 1083 1296 1152 ut,
1310 1078 1489 1150 diligentiori
1501 1077 1635 1138 adhibito
1644 1082 1703 1140 stu·

1 1179 2 1186 ¹
91 1165 169 1236 phen
182 1165 347 1237 quamdam
359 1163 550 1222 mllumseam
563 1164 758 1239 precessisse,
776 1163 878 1221 aliam
921 1163 1201 1237 dio,vcgetantium
1219 1179 1343 1238 quoque
1362 1161 1495 1236 reliquia
1520 1162 1702 1236 detegantur.

1 5265 2 5344 f
98 5273 253 5347 prasertim
266 5269 398 5339 scientia,
412 5283 480 5342 qua
492 5267 543 5324 vix
561 5267 731 5326 adoleamus
745 5267 803 5325 dici
815 5283 883 5342 pos·

1 5358 2 5362 ’
100 5360 146 5429 su,
166 5354 338 5430 0111118111οὥ
357 5367 427 5412 ΜΘ
442 5354 487 5409 8Βῖ
498 5351 634 5426 80010812
645 5349 782 5424 Pffiffim·
808 5353 883 5410 ⁰⁰¹¹·
924 5376 1191 5425 municissimum
1203 5375 1318 5439 ruperim
1329 5383 1430 5431 terreno
1442 5383 1511 5444 quod
1526 5390 1644 5448 unquam
1656 5399 1710 5436 car·

91 1262 147 1320 que
158 1247 305 1318 maiorem
317 1245 504 1306 subsecutam
517 1263 592 1316 esse,
606 1246 727 1304 omniuo
742 1251 784 1304 est
802 1247 877 1304 veri·
920 1249 1060 1307 Praeterea
1070 1247 1234 1308 istiusmodi
1241 1248 1363 1306 terrenis
1372 1247 1704 1320 semparrecantiusease

91 1329 193 1388 simile.
215 1331 359 1402 libaque,
379 1329 405 1386 si
422 1343 476 1402 per
497 1329 606 1390 multas
618 1329 726 1386 diffusa
739 1332 782 1385 ast
794 1333 877 1388 terra
919 1337 1068 1392 terrenum
1085 1334 1289 1402 carbonicum,
1308 1332 1429 1390 minime
1442 1331 1554 1390 certium
1566 1334 1628 1389 eat:
1642 1331 1704 1390 imo

91 1417 202 1487 partas,
225 1413 323 1487 potuit
338 1412 476 1486 pluribus
496 1414 529 1470 in
550 1412 622 1471 locis
646 1414 721 1470 coelo
742 1413 877 1472 tenebras
920 1419 1098 1476 contrarium
1116 1418 1277 1493 aliquando
1297 1419 1341 1474 θεῖ
1354 1415 1593 1474 animadversum
1607 1413 1662 1490 (l).
1676 1415 1705 1475 Si

92 1496 254 1568 ‹mundera
268 1511 401 1570 acsuper
413 1495 517 1554 taciem
526 1496 614 1554 totius
622 1494 745 1567 telluris,
757 1501 809 1554 aut
818 1497 876 1555 fere
919 1516 990 1559 vero
1010 1501 1147 1575 physicas
1165 1501 1291 1559 rationes
1311 1497 1504 1569 obaudimus,
1529 1513 1638 1570 magna
1653 1498 1706 1557 illa
1751 1501 1753 1506 '
1851 1585 1854 1594 .

92 1581 190 1651 muns,
207 1580 418 1638 obscuritatem
430 1581 568 1640 inducere
582 1581 612 1653 (fi
625 1581 684 1654 le).
920 1585 996 1642 acidi
1009 1585 1157 1644 carbonici
1177 1585 1262 1659 copia
1273 1598 1356 1658 que,
1369 1585 1403 1640 ut
1415 1595 1594 1654 magnopere
1603 1582 1706 1649 ¹verisi-

123 1665 165 1722 td
182 1665 249 1722 hmo
271 1665 346 1722 inter
362 1664 489 1737 primam
504 1667 723 1739 extremamque
737 1667 876 1722 carastro-
919 1669 989 1726 mila
1002 1673 1059 1740 est,
1072 1670 1103 1726 iu
1119 1669 1216 1742 prima
1227 1665 1417 1739 vegetationis
1430 1665 1555 1739 periodo
1569 1665 1629 1722 aeri
1642 1681 1705 1723 sese

93 1749 164 1821 pben
183 1748 291 1821 plures
309 1746 375 1806 alite
388 1748 512 1806 exbtism
524 1748 679 1818 videntur,
699 1749 752 1805 sed
769 1748 877 1806 minori
920 1752 978 1809 late
993 1752 1203 1827 permiscebat,
1214 1765 1324 1822 magno
1338 1748 1512 1806 animalium
1523 1748 1589 1806 vitre
1605 1748 1707 1807 inisset

94 1834 209 1891 tortasse
223 1832 483 1907 spatioeoutente.
498 1834 680 1907 Quapropter
693 1832 878 1891 iaciestellu·
919 1835 1141 1910 impedimento,
1150 1836 1253 1892 saltem
1262 1834 1383 1892 illorum
1395 1848 1463 1908 quea
1471 1832 1598 1892 liberum
1609 1849 1707 1892 aerem
1815 1875 1817 1880 .

97 1920 168 1976 riset
187 1919 284 1975 maris
298 1917 411 1991 pluries
426 1916 656 1982 immutatatuit
672 1921 787 1976 terrena
800 1933 877 1992 saepe
919 1920 1077 1994 respirant,
1103 1917 1269 1990 cujusmodi
1294 1921 1363 1974 sunt
1384 1931 1446 1974 non
1470 1917 1562 1974 modo
1587 1933 1657 1976 aves
1678 1922 1706 1976 et

98 2002 295 2072 cbvatasunt,
308 2000 449 2074 iactaque
463 2017 499 2058 ex
512 2017 630 2074 aequore
649 2007 751 2074 terrra,
765 2007 794 2059 et
806 2017 877 2060 con·
920 2004 1100 2074 mammetis,
1114 2002 1266 2060 sedetiam
1283 2000 1414 2074 reptilia,
1429 2003 1554 2071 catacea,
1577 2014 1706 2058 necnon

97 2091 146 2159 tra,
158 2103 195 2144 ea
217 2087 286 2144 loca
299 2086 353 2144 ubi
365 2086 458 2144 iuerat
477 2085 654 2144 solidissima
666 2087 769 2158 tellus,
792 2101 878 2159 aquae
920 2086 1059 2144 libellulis
1076 2089 1105 2143 et
1118 2085 1225 2143 similia
1237 2084 1354 2142 insecta.
1376 2086 1418 2140 lix
1436 2083 1573 2155 analogia
1585 2099 1706 2159 quoque

95 2175 281 2246 occuparunt.
294 2171 412 2229 Interim
429 2170 579 2228 lutulenta
597 2172 764 2245 eruptiones
780 2187 797 2228 θ
817 2187 879 2228 ma·
920 2171 1052 2241 vegetata
1075 2183 1199 2241 regnum
1222 2167 1372 2242 antiquius
1388 2167 1560 2224 babendum
1574 2167 1706 2240 videtur,

94 2255 128 2312 ris
139 2255 235 2314 lunda
253 2253 393 2330 protecta
406 2269 499 2327 aquas
513 2256 570 2312 late
584 2255 762 2326 turbabant,
776 2257 805 2312 et
818 2268 877 2311 nou
921 2258 1021 2328 utpote
1034 2254 1117 2328 <prod
1130 2267 1222 2324 regno
1236 2250 1318 2308 alteri
1331 2250 1524 2307 animantium
1533 2250 1664 2322 inservit,
1676 2257 1706 2311 et

96 2339 177 2397 modo
198 2339 358 2396 innumera
377 2337 550 2407 individua,
572 2340 625 2396 scd
644 2338 745 2412 plures
768 2338 878 2412 species
921 2335 1083 2411 siniplicius
1096 2339 1148 2393 est.
1164 2338 1254 2393 Porro
1267 2348 1330 2408 quo
1343 2332 1509 2407 antiquiora
1521 2337 1590 2390 sunl
1601 2333 1707 2393 tossili-

95 2422 224 2493 iortasse,
237 2422 301 2478 imo
322 2425 351 2478 et
369 2422 483 2493 integra
501 2421 660 2479 viventium
681 2436 789 2493 genera
798 2463 808 2493 ,
829 2422 879 2480 de-
920 2419 983 2479 iera
994 2425 1124 2490 terrem,
1139 2434 1174 2477 eo
1190 2417 1381 2492 simpliciores
1400 2415 1511 2474 formas
1523 2417 1610 2474 nobis
1623 2424 1706 2478 natu·

95 2507 258 2564 struebant:
272 2506 419 2563 immensa
430 2501 580 2598 congenea
588 2507 795 2578 vegetabilium
809 2506 878 2564 sub·
920 2519 960 2561 ras
981 2504 1127 2576 organica
1143 2502 1290 2561 exhibent.
1314 2503 1414 2558 Nonne
1426 2500 1515 2572 igitur
1527 2502 1705 2561 contrarium

95 2593 261 2650 mattarum
274 2591 306 2648 in
319 2591 381 2648 imo
394 2590 609 2650 recondebatur
621 2591 706 2660 mari,
716 2593 744 2648 et
757 2591 788 2648 iu
801 2589 879 2648 iutu-
920 2589 1063 2660 analogias
1075 2591 1167 2658 esset,
1186 2585 1211 2642 si
1227 2599 1319 2656 regno
1333 2583 1453 2642 animali
1464 2585 1595 2655 vegetale
1608 2589 1705 2659 poste-

94 2692 137 2734 ros
148 2693 223 2734 usus
236 2675 378 2733 nascituri
390 2674 504 2746 generis
517 2675 642 2733 humaui
656 2674 876 2733 reservabatur:
919 2675 981 2730 rius
993 2677 1080 2744 esset,
1091 2669 1176 2746 quod
1186 2667 1377 2742 simpliciores
1391 2666 1466 2724 adeo
1478 2665 1590 2726 termas
1599 2670 1707 2728 babet?

95 2762 207 2819 nudem
230 2761 362 2834 antiquas
382 2759 441 2816 illes
462 2759 575 2817 telluris
594 2759 829 2832 perturbationes
849 2765 879 2819 et
919 2757 1027 2814 Saltem
1038 2756 1159 2814 evidens
1171 2758 1223 2826 est,
1236 2769 1305 2827 qua
1323 2751 1464 2810 animalia
1478 2751 1586 2810 directe
1599 2753 1647 2812 vel
1659 2755 1706 2812 iu-

98 2861 235 2920 aquarum
247 2843 336 2902 nobis
356 2843 452 2903 tontes
469 2843 615 2917 parabant
627 2859 661 2901 ac
675 2843 813 2914 metalla,
831 2845 877 2919 ip·
920 2840 1026 2898 uncae
1040 2841 1178 2898 alimenta
1187 2854 1205 2895 a
1214 2835 1417 2910 vegetantibus
1427 2835 1584 2909 accipiunt,
1599 2853 1635 2896 ea
1645 2853 1707 2897 non

96 2945 216 3005 sumque
233 2928 394 2988 carbonam
416 2928 458 2984 sic
483 2927 681 3001 disponebant
705 2943 739 2985 ac
752 2928 878 2986 colloca·
920 2929 986 2982 aute
999 2923 1076 2982 edita
1090 2923 1121 2981 in
1134 2922 1232 2982 lucem
1245 2921 1350 2991 inisse,
1363 2935 1456 2995 quam
1467 2921 1626 2992 vegetalia,
1640 2939 1707 2998 qua

93 3011 266 3078 bant‚utea
281 3011 410 3069 facilest
431 3011 551 3084 reperiri
566 3015 596 3068 et
609 3010 672 3068 erui
685 3016 815 3085 possent.
832 3015 879 3070 tt·
920 3008 991 3082 ipsis
1008 3009 1090 3064 erant
1108 3007 1139 3063 in
1157 3021 1256 3063 escam
1274 3005 1433 3072 destinata,
1443 3003 1610 3078 existerent,
1623 3008 1708 3065 satis·

92 3098 236 3171 quainter
250 3095 323 3160 bac,
334 3095 507 3166 exsequutio
517 3093 609 3151 divini
621 3095 878 3154 mandetivers.20
921 3107 979 3166 quc
997 3091 1153 3148 crevissent
1171 3105 1205 3147 ec
1222 3087 1345 3145 tuissent
1358 3087 1559 3160 multiplicata.
1581 3091 1610 3148 si
1622 3105 1659 3148 ex
1672 3091 1707 3149 iis

91 3178 317 3254 procedebat,et
325 3177 495 3251 aquatilium
506 3193 541 3234 ac
549 3177 713 3234 volatilium
722 3193 806 3235 novas
816 3195 880 3254 spe-
922 3189 989 3248 quaa
1008 3173 1201 3231 observamus
1221 3170 1407 3228 ratiocinium
1427 3170 1618 3242 instituimus,
1636 3189 1706 3233 sane

92 3265 148 3322 cies
168 3264 201 3321 in
225 3262 288 3320 dies
307 3261 482 3336 prodibant;
497 3263 632 3318 accubaret
650 3279 727 3334 oquae
747 3263 879 3321 animan-
920 3259 1064 3315 immensa
1087 3257 1138 3314 illa
1164 3255 1250 3330 copia
1271 3253 1459 3312 exsuviarum
1478 3254 1705 3330 vegetabilium,

92 3347 183 3418 tibus,
198 3351 227 3402 et
243 3346 351 3402 uolam
362 3348 473 3402 uolatile
484 3362 563 3418 super
574 3349 670 3415 rodem
684 3351 761 3402 terre
773 3350 800 3404 et
813 3362 877 3404 ms·
921 3342 1031 3416 quibus
1052 3340 1205 3397 abundant
1223 3337 1390 3412 antiquiora
1410 3341 1498 3396 strata
1511 3338 1667 3399 fossilitera
1680 3347 1708 3399 et

92 3433 138 3490 ria.
157 3434 320 3489 Potuerunt
341 3445 383 3486 aa
409 3429 521 3488 ulluris
544 3429 777 3504 perturbationes
803 3445 879 3503 quas
922 3425 1035 3484 divitias
1046 3427 1155 3495 augent
1165 3423 1383 3496 opulentiorum
1392 3422 1536 3495 gentium,
1544 3424 1569 3482 si
1578 3439 1646 3482 curn
1659 3442 1706 3484 re·

1 3521 2 3598 4
93 3516 420 3588 indicavimus,parvas
432 3513 547 3588 aliquas
557 3513 789 3570 modificationes
797 3515 828 3570 iu
837 3515 878 3570 vi·
921 3511 1011 3569 lativa
1029 3509 1203 3567 animalium
1225 3507 1370 3566 fossilium
1389 3509 1535 3582 paucitate
1557 3525 1708 3586 compare-

94 3599 222 3656 ventium
231 3611 359 3672 corpora
369 3598 518 3668 inducere3
528 3612 631 3654 varum
641 3597 811 3654 successivis
821 3599 877 3654 hu·
921 3600 979 3665 tur,
993 3611 1048 3652 uos
1060 3608 1135 3670 pene
1146 3592 1225 3664 cogit
1237 3597 1270 3649 ut
1280 3592 1504 3664 concludamus,
1516 3593 1633 3667 plantas
1644 3596 1707 3668 jam

91 3682 251 3755 imscemndi
265 3697 300 3739 ac
314 3680 501 3740 naturalibus
520 3680 775 3738 immutationibus
796 3681 879 3738 nullo
922 3680 1114 3754 perlongum
1132 3677 1273 3752 temporis
1294 3677 1483 3735 intervallum
1507 3679 1664 3752 exstitisse,
1680 3687 1708 3740 et

92 3771 175 3841 pacto
184 3766 371 3840 explicantur
384 3765 517 3839 abrupte
526 3764 584 3821 illua
599 3763 760 3837 subitasque
771 3780 805 3820 ac
819 3779 880 3822 ma·
920 3764 1008 3822 valde
1023 3767 1231 3836 superterram
1245 3760 1334 3817 inisse
1349 3761 1572 3835 multiplicatas,
1585 3767 1707 3838 quando

93 3865 155 3922 gna
176 3849 375 3920 diversitates,
390 3864 458 3923 que
476 3848 507 3904 iu
526 3847 689 3904 multorum
707 3848 879 3905 animalium
922 3847 1061 3906 animalia
1073 3848 1104 3902 iu
1117 3846 1214 3902 lucem
1227 3845 1306 3902 edita
1324 3849 1392 3901 suut
1409 3850 1437 3902 at
1450 3847 1637 3920 multiplicari
1649 3865 1708 3908 coe-

12 3995 17 4005 ,
93 3933 145 3993 sibi
154 3933 379 3992 succedentium
388 3931 602 4004 organisatione
611 3932 814 4003 pervidemus3
827 3932 880 3988 sed
921 3934 1042 4004 parunt:
1056 3929 1217 4004 praesertim
1229 3926 1253 3983 si
1263 3929 1483 3986 meminerimus
1493 3931 1707 4003 amplissimum

93 4033 233 4078 novarum
254 4017 380 4076 omnino
401 4015 566 4091 specierum
579 4016 753 4072 creationem
776 4017 880 4073 admit·
922 4017 1044 4090 quidem
1058 4013 1236 4088 aquatilibus
1250 4013 1708 4090 animantibusinmarispatium

1 4127 2 4170 t
92 4108 147 4162 tera
160 4103 308 4176 cogimur.
331 4103 419 4160 Secus
433 4100 543 4156 indicia
556 4100 656 4172 aliqua
669 4099 776 4156 harum
788 4103 880 4156 uans·
922 4115 958 4158 eo
970 4106 1102 4174 tempora
1119 4097 1225 4168 tuisse,
1245 4099 1297 4155 sed
1309 4113 1371 4156 non
1388 4098 1476 4157 valde
1490 4106 1642 4160 extensum
1654 4109 1709 4163 ter-

1 4211 2 4256 t
92 4187 319 4256 larmationum,
336 4184 523 4242 manutenes
545 4197 652 4256 nempe
676 4183 752 4240 inter
769 4184 880 4256 priores
921 4185 1063 4241 rostribus
1076 4183 1199 4257 pientia,
1212 4197 1340 4255 quarum
1353 4182 1437 4240 locus
1450 4183 1481 4240 in
1493 4199 1652 4258 parvarum
1665 4189 1709 4246 in-

1 4260 2 4314 Ὗ
95 4273 221 4343 eiusdem
235 4269 375 4328 animulis
392 4284 427 4326 ac
439 4266 585 4325 secundas
595 4266 723 4337 iormas,
736 4267 768 4323 iu
778 4269 881 4324 terres-
921 4265 1054 4325 aularum
1075 4265 1229 4340 superficie
1257 4265 1468 4323 coarctabatur.
1496 4269 1617 4327 Maxime
1636 4289 1709 4332 vero

44 4387 47 4396 Δ
95 4355 181 4415 tribus
194 4355 294 4414 straus
306 4355 513 4426 reperirentur.
922 4351 1136 4407 advertendum
1149 4352 1234 4423 puto,
1254 4351 1351 4419 primo,
1366 4353 1456 4406 strata
1468 4349 1529 4422 illa,
1542 4369 1610 4426 quar
1622 4357 1709 4416 nobis

123 4438 223 4495 blltll.
235 4434 369 4493 animale
382 4448 505 4503 regnum
514 4432 638 4503 vegetati
650 4431 799 4504 antiquius
808 4449 882 4491 non·
922 4435 1112 4506 objiciuntur,
1128 4435 1157 4489 in
1172 4431 1247 4490 meri
1264 4433 1389 4492 formata
1401 4434 1501 4506 fuisse,
1520 4453 1556 4494 ax
1569 4455 1631 4513 quo
1645 4458 1710 4501 ma.

94 4520 163 4578 nnlli
185 4521 343 4596 putarunt.
370 4516 426 4572 Alii
451 4516 553 4573 dicunt
579 4521 690 4572 nature
714 4517 880 4574 testimonio
921 4518 1003 4576 rinos
1016 4516 1067 4573 illa
1079 4516 1165 4573 ioetus
1178 4516 1293 4574 facilius
1306 4517 1476 4590 ostendunt,
1495 4523 1626 4581 terrenos
1638 4543 1711 4585 vero

95 4619 151 4662 uon
158 4601 291 4671 deliniri,
303 4604 403 4658 utrum
417 4599 880 4673 alteripraecesserit,anvegetale
921 4602 1049 4659 rariores
1062 4600 1229 4657 contineant
1241 4617 1359 4659 necesse
1375 4607 1434 4673 est,
1449 4607 1612 4678 praesertim
1630 4609 1666 4667 iis
1679 4613 1711 4669 in

95 4702 227 4760 reguum,
241 4698 360 4743 unvero
374 4683 510 4740 animale.
527 4683 612 4750 Quod
623 4683 663 4739 ad
676 4681 882 4742 ultimumhoc
923 4684 1187 4759 loeis‚quae10nga
1209 4687 1278 4740 tunc
1295 4684 1335 4742 ab
1351 4685 1454 4743 insulis
1468 4687 1584 4762 dissita,
1597 4694 1712 4754 marina

96 4770 241 4844 objectum
254 4769 395 4841 pertinet.
409 4780 479 4822 sane
492 4766 565 4822 nibil
578 4781 615 4821 ex
627 4781 662 4822 eo
676 4769 777 4822 contra
791 4768 882 4840 expli·
923 4769 1085 4826 sedimenta
1098 4770 1288 4841 receperunt3
1301 4769 1426 4836 secludo,
1441 4787 1581 4844 magnam
1593 4783 1712 4849 vegeta.

95 4855 236 4912 rabonem
247 4855 392 4920 nostram,
404 4849 557 4923 multoque
570 4849 881 4928 miuuscoutraserip·
923 4853 1031 4910 billum
1050 4851 1280 4908 substantiarum
1300 4853 1417 4926 copiam
1435 4869 1497 4912 uon
1517 4857 1574 4914 nisi
1592 4857 1712 4922 forrato

95 4942 162 4996 tura
183 4937 339 4994 veritatem
352 4935 551 5008 consequitur.
576 4935 647 4990 itam
661 4932 730 4988 satis
743 4936 787 4989 est
799 4934 883 5006 quod
924 4937 981 4994 sub
995 4936 1081 5010 aquis
1100 4935 1235 5009 sepeliri,
1252 4939 1282 4993 et
1293 4942 1434 5012 praeterea
1446 4941 1603 5016 plerasque
1616 4961 1653 5002 ex
1665 4947 1712 5006 his

96 5029 196 5080 natura
219 5019 404 5079 contrarium
425 5031 487 5074 non
506 5017 708 5086 demonstret;
731 5031 785 5074 nec
806 5016 882 5075 illud
924 5019 1112 5090 substantiis,
1132 5021 1189 5077 nisi
1211 5020 1268 5078 cito
1286 5021 1370 5078 terris
1390 5021 1565 5096 obruantur,
1582 5026 1668 5087 facilc
1680 5031 1713 5090 in

98 5108 208 5180 exigere
229 5103 394 5174 debemus,
416 5105 449 5160 ut
469 5101 568 5159 omnia
581 5115 776 5174 quecumque
790 5103 882 5159 Moses
924 5105 1009 5179 aquis
1024 5103 1183 5180 corrumpi.

97 5191 201 5262 innuit,
222 5185 346 5246 scientia
363 5185 556 5260 physicorum
575 5184 772 5254 demonstrct;
789 5199 882 5258 eaque
957 5233 992 5297 (¹)
1007 5231 1090 5283 Unum
1103 5232 1326 5286 mmmmm
1337 5235 1450 5288 emund
1459 5237 1527 5303 quod
1539 5239 1711 5304 „¹31th

924 5305 1050 5355 marein
1068 5307 1200 5356 ttmcarone.
1222 5307 1261 5356 ll.
1279 5307 1377 5358 Veaver
1395 5309 1423 5359 ln
1442 5309 1563 5364 Hibernia
1580 5312 1645 5366 vidit
1664 5313 1712 5366 bec

101 5441 219 5502 tutum
242 5442 320 5502 cera
336 5435 402 5510 ipsa
420 5448 484 5498 non
503 5434 722 5494 demonstravit.
743 5433 799 5503 Qui
812 5419 884 5505 sari,
925 5445 1158 5508 meminere.
