4212 6034
724 395 1277 475 comarumcomarum.
1297 406 1362 466 xm.
1808 412 1858 470 eea
1929 395 1940 408 “

114 517 201 580 ιιιιιι-
222 491 310 568 quasi
326 491 492 568 despondet
509 495 743 572 rempublicam,
756 502 852 577 inquit
866 504 949 562 Philo
968 506 1015 580 (l).
1060 509 1143 568 aliter
1156 517 1281 584 possunt
1294 529 1403 585 augere
1416 529 1486 574 suas
1500 529 1589 590 opes,
1603 507 1770 574 bisimalta
1782 513 1861 590 peri·

111 568 199 614 nurum
258 578 394 644 lenonem
403 583 714 658 aurem-Torquis,
723 584 821 659 inquit
832 588 926 660 Philo,
937 607 1018 664 sym·
1060 591 1127 649 cula
1138 597 1215 650 terra
1227 595 1361 670 merique
1372 597 1575 656 sustinuerint.
1589 601 1709 656 Necesse
1721 602 1765 656 est
1778 598 1858 658 enim

222 658 319 718 bolice
332 661 420 718 datur
432 664 495 736 regi
508 681 525 722 a
538 667 670 740 populo,
686 670 772 742 quasi
785 670 811 728 ei
825 670 904 729 dicat
920 688 1017 748 popu·
1059 680 1093 733 ut
1101 676 1193 734 ierant
1203 677 1355 739 latronum
1364 687 1393 738 et
1403 682 1568 754 piratarum
1577 681 1717 752 insidies;
1728 687 1858 741 attamen

222 743 270 802 lus
285 761 293 800 ι
311 747 394 802 Dono
415 745 470 803 tibi
489 750 628 821 torquem
647 752 733 824 quasi
754 760 962 813 ornamentum
984 757 1017 816 in
1060 761 1161 818 omnia
1174 778 1284 835 magna
1294 764 1443 822 alacritate
1456 766 1636 840 suscipiunt,
1649 770 1677 825 et
1687 767 1728 825 oh
1739 783 1859 842 exspec-

221 825 369 902 probitate
383 833 411 886 et
434 833 645 905 prosperitate,
660 835 713 893 sed
733 837 833 912 potius
852 839 938 912 quasi
952 841 1017 899 vin·
1059 843 1199 904 tationem
1222 846 1296 904 lucri
1318 849 1369 905 vix
1388 851 1519 908 sentiunt
1539 865 1642 907 amara
1658 851 1726 924 quai
1748 850 1858 911 ferunt.

222 910 324 970 culum
338 915 366 969 et
380 915 527 987 catenam,
542 931 604 989 qua
625 917 762 976 vincieris
781 919 813 978 in
826 921 1017 996 improbitate
1059 925 1104 984 Sic
1113 930 1141 984 et
1151 944 1207 986 nos
1216 929 1377 1002 cogitantes
1387 932 1503 990 divitias
1513 935 1541 989 at
1554 932 1721 1006 spirituales
1735 949 1857 1007 meroes,

221 996 250 1051 ct
262 995 447 1056 adversitate.
1059 1025 1134 1084 quas
1148 1011 1235 1068 nobis
1248 1013 1297 1071 bic
1311 1014 1448 1086 colligere
1463 1014 1544 1086 licet,
1557 1019 1674 1089 oportet
1688 1016 1818 1088 gaudere
1830 1021 1859 1075 et

108 1105 208 1158 m„
256 1080 384 1136 Rursum
398 1085 501 1140 notam
516 1083 598 1142 Philo
612 1090 640 1143 et
662 1089 808 1164 liupertus
828 1094 957 1164 quatuor
968 1092 1017 1150 hic
1059 1094 1203 1167 exultare,
1217 1099 1246 1154 et
1260 1113 1322 1156 non
1342 1098 1536 1172 contemplari
1555 1100 1784 1174 quaevidentur,
1803 1103 1857 1160 sad

99 1165 160 1238 olim·
175 1175 207 1210 re
220 1164 297 1234 regis
315 1164 443 1236 insignia
456 1168 485 1224 et
509 1172 682 1227 ornamenta
701 1174 799 1243 prisco
820 1173 872 1231 illo
891 1175 1014 1248 sreculo,
1059 1192 1127 1250 quae
1140 1195 1203 1236 non
1215 1180 1390 1239 ridentur.»

99 1239 136 1300 ⁸¹⁸.
154 1227 208 1270 ¹⁰¹¹·
220 1263 288 1322 qus
314 1263 366 1306 rex
389 1249 518 1324 toscpho
539 1253 777 1314 communicarit.
802 1258 911 1332 ioseph
937 1260 1017 1316 enim
1094 1265 1139 1318 43.
1154 1263 1272 1321 Cumara
1285 1279 1359 1323 suna
1382 1280 1661 1342 secunaum—quo
1675 1269 1824 1328 secundus
1838 1275 1973 1330 avenes.

98 1301 159 1345 μ’
219 1335 324 1401 primo,
338 1347 395 1405 pro
410 1335 606 1408 compedibus
619 1339 757 1409 carceris,
772 1355 791 1398 a
804 1356 873 1412 rege
895 1358 1016 1400 auream
1059 1359 1128 1414 rege
1141 1345 1208 1402 vehi
1220 1346 1344 1405 solebat.
1360 1351 1401 1406 lta
1412 1349 1607 1423 lipomanus,
1619 1352 1749 1410 Pererius
1758 1355 1855 1414 etalii.

219 1418 355 1474 catanam
377 1419 497 1491 accepit.
525 1421 662 1489 Secunde,
686 1439 742 1496 pro
768 1425 867 1482 servili
895 1427 1015 1484 vinculo
1059 1427 1140 1484 Unde
1153 1429 1293 1487 Vatublus
1306 1432 1390 1488 vertit
1404 1449 1514 1490 enrrun
1527 1433 1653 1506 secandi,
1667 1435 1854 1510 scilicctviri,

219 1502 393 1576 annuloque
406 1501 517 1576 ferreo,
531 1507 647 1577 regium
660 1508 772 1582 accepit
784 1509 941 1567 annulum.
954 1513 1016 1570 Ter·
1058 1509 1091 1567 id
1104 1515 1148 1569 est
1161 1528 1294 1584 currum,
1308 1530 1371 1589 quo
1388 1515 1413 1572 is
1427 1517 1481 1590 qui
1493 1518 1643 1575 secundus
1661 1523 1755 1578 erata
1770 1536 1855 1594 rege,

219 1587 274 1652 tte,
282 1600 337 1658 pro
349 1585 455 1644 habitu
463 1589 732 1660 sordido,indutus
740 1597 784 1652 est
793 1593 870 1650 stola
880 1594 1013 1667 byssina.
1059 1593 1126 1650 vehi
1140 1596 1264 1654 solebat.
1280 1599 1339 1656 Hoc
1361 1615 1433 1670 ergo
1447 1616 1536 1658 curru
1557 1602 1667 1675 ioseph
1689 1602 1855 1663 declaratus

219 1666 338 1734 Quarto,
352 1685 408 1743 pro
421 1673 497 1728 antri
510 1673 666 1747 squalore,
681 1675 806 1748 adeptus
823 1681 867 1734 est
880 1679 1015 1753 amplum
1058 1680 1088 1734 et
1099 1677 1219 1737 effectus
1231 1686 1275 1738 est
1285 1681 1358 1740 alter
1368 1699 1387 1740 a
1397 1684 1565 1756 Pharaone,
1579 1689 1613 1741 ut
1625 1684 1856 1746 scilicethonore

218 1751 334 1825 imperii
346 1769 479 1814 currum.
494 1758 559 1813 lleec
577 1762 706 1831 quatuor
722 1759 878 1832 allegorice
900 1762 1014 1820 Christo
1059 1765 1087 1820 et
1098 1763 1239 1836 dignitate
1252 1765 1296 1822 illi
1315 1770 1391 1824 esset
1406 1767 1572 1840 proximus.
1594 1767 1666 1826 Vide
1679 1767 1746 1840 laic,
1761 1774 1795 1828 ιιι
1806 1774 1855 1830 ιο-

218 1837 380 1908 resurgenti
393 1838 522 1912 applicat
535 1843 690 1914 Repertus.
1058 1847 1132 1920 seph
1141 1848 1290 1923 prosperis
1301 1863 1363 1906 non
1376 1849 1547 1921 insolescat,
1558 1850 1633 1908 siout
1641 1852 1773 1911 adversis
1781 1853 1857 1912 irac-

253 1922 369 1994 blystice
389 1924 417 1980 S.
432 1923 621 1997 Ambrosius,
636 1926 690 1985 lib.
711 1930 750 1986 lle
770 1931 890 2001 Jcsrplt:
909 1931 1015 2000 eQuid
1057 1933 1105 1988 tus
1122 1947 1184 1989 non
1204 1931 1270 1989 fuit.
1292 1933 1363 1990 Vere
1377 1934 1457 1990 enim
1470 1935 1498 1991 S.
1515 1934 1696 2006 Augustinus
1716 1935 1748 1993 in
1765 1937 1853 2007 Sent„

217 2007 275 2064 sibi
297 2008 361 2066 vult
367 2049 379 2080 ‚
393 2010 448 2082 ait,
473 2011 603 2070 annulus
627 2013 720 2084 digito
743 2014 887 2086 insertus,
910 2015 967 2074 nisi
982 2020 1015 2074 ut
1056 2015 1133 2072 Sent.
1148 2017 1223 2073 2⁴6:
1244 2017 1346 2074 alium
1360 2016 1444 2074 nulla
1456 2015 1610 2075 infelicitas
1624 2018 1748 2092 trangit,
1763 2036 1855 2094 quem

217 2092 416 2164 intelligamus
427 2095 635 2168 pontificatum
645 2098 709 2170 ejus
717 2098 788 2156 fidei
797 2115 861 2158 esse
870 2100 1013 2172 deletum,
1056 2096 1141 2156 nulla
1152 2097 1275 2158 felicitas
1288 2099 1470 2174 corrumpit,
1483 2120 1498 2156 ι
1514 2105 1543 2158 et
1556 2117 1572 2158 e
1587 2116 1741 2162 consenc.

217 2179 251 2233 ut
263 2177 337 2234 alios
351 2178 415 2252 ipse
428 2179 577 2251 signaret?
591 2182 669 2251 Quid
683 2182 776 2256 stola,
790 2200 859 2258 quse
870 2190 914 2243 est
924 2186 1014 2244 amie-
1091 2183 1243 2240 Οιιιιιιιτιι
1266 2197 1417 2256 rancone,
1433 2199 1468 2241 ur
1491 2199 1580 2244 onnes
1602 2199 1696 2244 corn
1718 2201 1755 2246 eo
1777 2203 1852 2248 earu

216 2265 264 2318 tus
278 2262 442 2334 sapientie,
456 2263 514 2320 nisi
536 2264 680 2324 cibutum
694 2267 721 2324 ei
734 2267 773 2326 ab
792 2268 845 2327 ino
865 2285 934 2342 rege
957 2286 1014 2328 ιιι-
1055 2279 1241 2324 marram.
1254 2297 1287 2310 -
1300 2267 1439 2324 Hebraico
1455 2271 1512 2338 est,
1534 2269 1680 2327 aramma
1699 2285 1851 2345 precone,
1877 2276 1963 2322 *Μ

215 2343 296 2402 lestis
317 2346 482 2418 prudentia
505 2347 725 2423 principatum?
747 2353 878 2426 torques
905 2369 1013 2412 aureus
1056 2356 1143 2430 mit
1157 2351 1264 2418 adreci,
1279 2351 1623 2425 quodaquila,llliasin
1637 2353 1731 2426 Tisbi,
1745 2358 1852 2414 eths·
1882 2341 1960 2446 ἓξὲξ]

215 2427 397 2487 intellectum
421 2429 538 2489 bonum
564 2433 682 2492 videtur
706 2435 882 2509 exprimere.
903 2439 1012 2496 currus
1055 2435 1099 2490 ter
1113 2433 1162 2490 bio
1174 2437 1306 2504 venunt,
1319 2437 1394 2504 [tecte
1414 2437 1656 2504 pennescant
1676 2438 1713 2494 sit
1726 2439 1852 2514 impera·
1864 2463 1971 2509 numan

215 2512 1015 2674 triatrus,trituraturis
1154 2517 1887 2675 terrentesannessae

455 2641 465 2670 ,
716 2620 777 2662 ram
1500 2644 1508 2658 ·

215 2682 338 2753 militas,
353 2687 382 2740 et
394 2699 487 2757 quam
499 2686 654 2744 verumsit
666 2686 742 2744 illud
754 2620 1010 2749 axigmachristi:
1054 2684 1216 2756 gutturales
1238 2684 1340 2742 vicina
1360 2688 1389 2742 et
1412 2686 1652 2757 commutabiles
1678 2691 1730 2746 aut
1751 2691 1852 2763 potins

97 2784 198 2831 pm
219 2766 303 2835 «Qui
317 2781 348 2824 se
369 2766 507 2826 humiliat
528 2769 714 2841 exambiam,
729 2790 744 2826 ι
761 2771 918 2842 nimirum,
942 2777 1012 2846 post
1055 2770 1150 2826 drocis
1158 2767 1470 2843 estAEgyptium,non
1482 2769 1853 2844 llebraeumtprarcoenim

92 2847 196 2904 maara
215 2848 321 2907 nubila
334 2849 478 2922 Pbcebus,
490 2855 520 2910 et
532 2857 600 2926 post
620 2853 757 2912 tenebras
773 2854 837 2914 lux.
853 2855 928 2914 audi
942 2857 1009 2930 Sep.
1054 2853 1208 2926 AEgyptius
1224 2852 1384 2926 AEgyptiis,
1399 2854 1502 2929 utique
1513 2855 1698 2929 AEgyptiace,
1712 2857 1852 2916 inclama-

11 2955 17 2963 ·
100 2907 193 3012 Ψ
215 2948 434 3006 cap.x,vers.
459 2937 829 3014 13:1flaec(sapienria)
857 2940 1011 2998 venditum
1053 2934 1106 2993 bat
1117 2937 1225 3003 αιτιοι,
1239 2935 1272 2993 ιιι
1285 2938 1343 3006 est,
1356 2935 1439 2994 flecte
1453 2953 1532 3009 genu
1539 2981 1549 3010 ,
1564 2939 1608 2996 uti
1622 2939 1695 2996 dixi.
1710 2942 1738 2998 S.
1754 2941 1852 2998 lliero·

215 3015 314 3091 ipsum
328 3018 518 3094 (losephum)
532 3037 594 3080 non
612 3021 786 3097 dereliquit,
809 3023 863 3082 sed
876 3041 894 3082 a
907 3039 1011 3097 pecca·
1054 3034 1163 3091 nymus
1177 3019 1209 3076 in
1225 3019 1429 3077 traditionibus
1442 3025 1473 3078 in
1487 3021 1579 3080 dene.
1594 3024 1722 3096 explicat
1734 3026 1847 3096 αιτιοι,
1864 3027 1968 3077 annae

214 3101 329 3160 toribus
345 3101 481 3161 liberarit
492 3118 579 3176 eum,
595 3105 806 3180 descenditque
830 3121 899 3164 oum
914 3107 966 3165 illo
977 3107 1010 3166 in
1053 3102 1140 3176 quasi
1153 3102 1191 3160 sit
1211 3101 1307 3174 idem,
1327 3104 1413 3178 quod
1432 3108 1513 3161 tener
1534 3110 1633 3179 pater;
1650 3109 1683 3163 ob
1705 3107 1785 3165 enim
1800 3109 1851 3166 be-

173 3246 177 3255 ,
213 3182 331 3242 foveam
350 3185 397 3258 (in
414 3186 630 3260 aberramus
650 3203 743 3264 φιιιιι
765 3191 913 3264 projectus
935 3195 1011 3250 csta
1051 3184 1293 3260 braicepatrem
1306 3201 1355 3244 rae
1365 3188 1850 3284 nnerumsrgnlncatnnterque

212 3268 386 3341 ramnus),
404 3271 482 3329 etin
504 3272 629 3330 ducuds
654 3289 716 3332 non
738 3273 896 3350 dereliquit
921 3291 1008 3347 eum,
1053 3285 1112 3344 que
1125 3268 1299 3327 Chaldaeus:
1313 3269 1487 3337 Clssmtbanb
1501 3271 1613 3345 inqmt,
1627 3273 1849 3343 decantent,

214 3351 492 3412 donecatlerretilli
513 3361 662 3431 sceptrum
682 3359 766 3428 regni
779 3362 808 3416 et
827 3359 1009 3433 potentiam,
1052 3353 1096 3408 Νι
1110 3357 1150 3409 tii
1166 3358 1246 3424 Ριΐιι·
1265 3355 1353 3424 sediti
1368 3368 1411 3409 ιιι
1433 3354 1513 3411 essim
1533 3356 1677 3451 &Sitifis
1700 3357 1781 3416 idem
1805 3363 1851 3418 0⁸²

213 3435 356 3494 adversus
366 3453 417 3495 eos
428 3439 482 3511 qui
493 3456 563 3498 cum
574 3440 797 3514 deprimebant,
811 3447 841 3500 et
851 3443 1009 3519 mendaces
1052 3438 1137 3512 quod
1150 3453 1217 3510 rex,
1227 3438 1267 3494 ait
1279 3438 1458 3510 lipomanus
1473 3438 1522 3512 (2).
1536 3440 1607 3496 llrne
1620 3441 1649 3496 et
1660 3442 1849 3514 Targumaeus

214 3521 342 3579 ostendit
356 3523 409 3595 qui
432 3524 655 3582 maculaverunt
679 3525 783 3596 illum,
809 3531 838 3584 et
864 3527 946 3584 dedit
965 3526 1009 3584 illi
1051 3522 1092 3579 ita
1114 3522 1212 3592 vertit,
1237 3523 1412 3578 clamabant:
1430 3523 1513 3579 Vicat
1530 3529 1612 3595 poter
1632 3528 1730 3620 repis,
1743 3530 1792 3598 qni
1808 3532 1849 3621 est

213 3603 375 3662 claritatem
397 3610 545 3666 aeternam.
559 3627 574 3662 ι
590 3610 690 3666 lterito
711 3626 782 3681 ergo
804 3611 933 3685 iosepho
951 3611 1009 3669 hoc
1050 3610 1221 3679 princepale
1234 3609 1387 3676 sapientia,
1401 3611 1428 3662 ti
1442 3611 1517 3663 ient?
1530 3611 1561 3662 ιἰι
1574 3611 1665 3664 weit·
1681 3607 1780 3704 Phllos
1794 3609 1850 3668 llb-

214 3687 300 3745 detur
321 3687 469 3747 emblema
495 3709 503 3747 z
531 3709 547 3745 o
572 3692 687 3750 Patiens
712 3693 880 3750 innocentia
905 3694 1009 3766 ingens
1053 3689 1499 3762 perennabuntur-subitam
1510 3691 1851 3767 metamorphosin,qua

214 3771 318 3843 gloria.
328 3791 343 3826 ι
352 3773 491 3830 Praeclare
499 3774 574 3831 dixit
584 3777 611 3832 S.
622 3775 754 3846 AEgidius
768 3791 867 3834 comes
879 3779 907 3835 S.
920 3779 1010 3834 Fran·
1052 3788 1114 3829 una
1128 3773 1175 3830 die
1185 3772 1224 3828 ab
1237 3773 1298 3830 imo
1312 3772 1343 3829 in
1357 3788 1509 3829 summum
1532 3778 1575 3830 est
1588 3777 1717 3831 evectus.
1732 3793 1747 3828 a
1761 3777 1850 3847 Quis,

213 3855 281 3913 cisni
297 3873 304 3912 ι
322 3857 426 3914 «Licet
438 3857 553 3931 lapides
566 3861 594 3915 et
608 3874 679 3915 saxa
694 3859 732 3918 de
746 3859 820 3916 coele
831 3861 940 3934 pluerit
954 3864 1009 3918 Do-
1053 3855 1109 3927 ait,
1122 3859 1315 3928 exspectasset
1329 3855 1407 3912 intra
1420 3872 1514 3914 unum
1529 3857 1608 3915 diem
1623 3873 1639 3914 e
1654 3873 1739 3915 servo
1754 3859 1851 3916 domi-

212 3939 329 4011 minus,
344 3955 407 3998 non
428 3940 580 3998 nocebunt
594 3941 681 3998 nobis
689 3983 700 4014 ,
716 3943 740 3998 si
759 3942 832 4000 tales
845 3942 1008 4015 fuerimus,
1052 3954 1143 4003 num,
1158 3955 1174 3994 θ
1188 3939 1285 3996 vincio
1304 3941 1581 4012 &instantissimum
1597 3941 1748 4012 Omnium,
1762 3957 1851 4000 θθᾶΐ·

213 4025 317 4097 quales
340 4040 395 4083 nos
414 4024 464 4082 illo
486 4025 618 4098 requirit.
634 4045 648 4080 ι
664 4027 698 4082 Et
719 4028 746 4083 S.
762 4027 990 4099 Chrysostomus
998 4069 1008 4098 ,
1053 4022 1126 4080 ceris
1138 4021 1412 4096 vicarioproregem
1424 4023 1506 4093 fieri,
1518 4029 1546 4081 et
1557 4025 1670 4096 regiam
1684 4025 1849 4086 inhabitare

213 4108 284 4165 bom.
295 4109 330 4164 63
342 4126 349 4164 :
362 4107 472 4179 avide,
486 4109 539 4179 ait,
554 4109 709 4182 quomodo
725 4110 857 4182 captivus
871 4110 1008 4182 (ioseph)
1052 4121 1108 4179 pro
1124 4121 1253 4176 carcere,
1269 4111 1297 4162 ct
1310 4122 1347 4162 ex
1364 4107 1529 4178 ignominia
1551 4112 1682 4166 extrema
1702 4109 1734 4166 in
1748 4125 1850 4183 supre-

212 4195 332 4264 repente
356 4191 543 4248 constituitur
567 4207 619 4248 rex
644 4193 733 4250 totius
756 4193 873 4265 AEgypti
889 4193 1010 4250 :vidisti
1053 4207 1137 4248 mum
1149 4190 1272 4248 honoris
1286 4191 1405 4248 culmen
1416 4193 1610 4264 ascendere.»

212 4279 359 4348 quantum
372 4274 409 4332 sit
421 4274 495 4332 terre
512 4291 581 4332 cum
602 4275 762 4346 gratiarum
786 4276 900 4332 actione
917 4279 1011 4333 tenta·
1088 4277 1134 4332 lt.
1149 4277 1209 4332 Eoo
1223 4289 1277 4332 suu
1300 4279 1417 4333 Peenno
1433 4294 1440 4330 :
1455 4291 1561 4344 respue
1584 4291 1640 4335 ruo
1662 4292 1779 4336 larario
1792 4293 1850 4338 ιιοιι
1863 4291 1967 4338 ternae

213 4359 328 4416 tiones?
351 4362 507 4432 propterea
530 4361 558 4414 et
578 4351 687 4414 Paulus
716 4358 846 4428 dicebat,
869 4361 945 4416 llom.
967 4374 1007 4417 t:
1053 4373 1176 4416 noveru
1198 4372 1339 4427 οιιιιοιιιιι
1361 4375 1558 4432 uanun‚-q.
1571 4362 1600 4418 d.
1615 4363 1676 4434 Ego
1697 4363 1783 4436 quasi
1798 4380 1851 4422 rex

216 4442 367 4500 «afflictio
377 4443 549 4516 patientiam
567 4448 717 4518 operatur,
739 4443 878 4517 patientia
899 4443 1009 4516 proba·
1053 4441 1107 4500 tibi
1121 4443 1265 4515 promitto
1279 4447 1307 4500 et
1317 4443 1402 4515 juro,
1419 4445 1504 4518 quod
1522 4460 1626 4502 omnes
1648 4461 1731 4504 meos
1745 4447 1786 4504 ita
1795 4447 1851 4506 tibi

212 4527 337 4600 tionem,
352 4527 490 4601 probatio
500 4542 602 4600 spem:
614 4542 682 4600 spes
694 4543 755 4585 nou
768 4525 928 4600 pudefacit.
939 4521 1009 4586 Vide
1054 4526 1191 4583 subditos
1206 4525 1347 4596 efficiam,
1356 4531 1389 4583 ut
1400 4542 1489 4585 nemo
1503 4529 1562 4585 tuis
1571 4529 1662 4601 jussis
1677 4530 1785 4588 audeat
1796 4531 1851 4589 ob-

212 4611 324 4682 igitur:
341 4611 516 4670 afflictiones
528 4611 673 4685 patienter
693 4610 772 4681 tulit,
786 4610 927 4684 patientia
940 4626 1011 4684 pro·
1054 4609 1169 4679 sistere,
1184 4611 1244 4666 imo
1263 4614 1314 4666 tuo
1328 4611 1443 4692 iniussu
1460 4610 1510 4668 vix
1530 4611 1640 4684 pedem
1653 4615 1704 4670 aut
1726 4629 1852 4672 manum

212 4693 318 4752 batum
331 4711 400 4754 eum
415 4694 497 4767 fecit,
516 4694 661 4768 probatus
682 4693 775 4752 iactus
789 4695 820 4750 in
834 4709 944 4764 magua
957 4709 1009 4767 spe
1054 4695 1163 4751 audeat
1176 4708 1305 4750 morere.
1320 4695 1369 4751 Est
1381 4694 1558 4768 hyperbole.

214 4779 336 4851 agebat,
349 4794 416 4853 spes
429 4793 492 4835 non
505 4777 663 4852 pudefecit.
677 4796 693 4831 ι
706 4779 740 4834 Et
752 4776 873 4834 inferius
886 4795 893 4832 :
907 4778 1011 4836 «Sicut
1090 4779 1182 4849 Reges
1195 4767 1313 4849 aigypn
1330 4778 1428 4834 vocati
1442 4780 1511 4835 sunt
1524 4777 1704 4849 Pharaonee,
1720 4779 1850 4852 aprime
1887 4793 1948 4842 ιιιιι

214 4865 411 4937 negotiatores
430 4863 483 4938 qui
495 4863 637 4936 pecunias
657 4862 795 4934 colligere
813 4862 934 4932 volunt,
947 4877 1009 4920 non
1054 4861 1220 4931 Pharaone3
1235 4859 1311 4918 siout
1323 4860 1413 4918 iidem
1421 4866 1490 4934 post
1500 4861 1701 4920 Alexandrum
1712 4863 1850 4935 llegnum
1869 4855 1962 4962 ΡΨ

246 5039 282 5104 (ι)
297 5037 411 5090 Annuus
423 5037 508 5102 regius
527 5035 645 5088 omnibus
663 5017 822 5099 temporibus
838 5033 906 5098 apud
923 5031 1010 5084 Orien·
1089 5033 1121 5099 (a)
1147 5033 1273 5086 iablonski
1288 5033 1340 5084 ala
1353 5033 1443 5114 'cronio
1457 5033 1563 5085 edoctus
1581 5033 1647 5086 banc
1659 5047 1749 5087 rocem
1766 5035 1851 5114 inter-
1885 4977 1955 5024 w

214 5110 278 5160 tales
289 5109 390 5172 signum
401 5111 477 5173 regiae
488 5106 617 5172 potestatis
629 5106 687 5156 luit.
702 5107 739 5156 lta
752 5105 891 5155 Alexander
901 5103 1011 5154 moriens
1056 5110 1171 5170 pretatur
1184 5113 1341 5174 οΥΒΕ-ΡΕΧ,
1351 5104 1378 5154 rd
1387 5106 1553 5186 est'incir'note
1566 5114 1661 5155 contra.
1674 5105 1713 5156 lta
1725 5106 1778 5188 lere
1792 5106 1850 5158 Orr-

216 5181 384 5231 adetractum
401 5179 525 5230 annulum
542 5177 624 5240 digito
637 5176 761 5226 Perdices
781 5175 903 5236 tradidit,
917 5191 931 5220 ιι
947 5179 1010 5224 teste
1055 5189 1145 5241 genes,
1158 5175 1202 5239 qui
1216 5175 1243 5225 in
1257 5176 1368 5238 AEgppto
1381 5180 1454 5224 vrxrt.
1470 5175 1550 5224 Aliter
1562 5175 1704 5232 Forsterus.
1719 5190 1763 5239 qur
1777 5181 1851 5239 putat

214 5251 302 5301 Curtio
311 5288 319 5315 ,
334 5250 379 5300 lib.
398 5249 430 5312 x,
444 5263 499 5312 rap.
520 5261 546 5298 v.
564 5249 630 5298 item
645 5261 716 5298 norae
732 5245 808 5296 vestis
821 5243 924 5294 donatio
943 5243 1010 5306 apud
1055 5249 1132 5297 verba
1148 5247 1303 5310 proclamata
1315 5259 1367 5296 osse
1384 5253 1591 5308 A-llPE-xlllt,a
1609 5259 1665 5308 repe
1681 5251 1794 5302 ειιιιτιιι,
1809 5248 1851 5298 vel

214 5319 315 5371 Orantis
325 5319 449 5384 principes
461 5325 487 5368 et
499 5317 561 5368 olim
572 5317 623 5367 init
634 5324 660 5367 et
672 5320 814 5368 etiamnum
829 5323 866 5366 est
878 5314 1011 5378 singularis
1054 5319 1171 5376 cerritu,
1188 5315 1215 5367 id
1232 5323 1270 5367 est
1278 5353 1286 5379 ,
1298 5329 1331 5365 en
1350 5315 1480 5366 hominem
1499 5316 1576 5380 regiis
1592 5316 1704 5366 vestibus
1721 5317 1850 5380 cinctum,

214 5393 397 5444 benevolentiae
409 5393 510 5456 signnm
519 5404 589 5456 ‚quo
603 5391 679 5441 etiarn
696 5391 764 5440 bend
777 5403 834 5438 raro
849 5389 866 5438 ii
879 5393 1009 5448 ornantur,
1055 5401 1079 5448 q.
1090 5389 1115 5436 d.
1127 5388 1150 5436 le
1159 5399 1259 5436 summo
1269 5385 1375 5451 bonore,
1384 5399 1534 5449 summaque
1542 5385 1694 5437 auctoritate
1704 5397 1786 5449 aroge
1796 5384 1851 5435 atil-

216 5463 309 5529 qnibus
317 5463 433 5528 princeps
442 5475 536 5513 norum
547 5461 667 5525 idemque
676 5473 752 5524 grave
764 5473 855 5508 rnnrnrs
865 5459 1007 5508 demantur.
1057 5457 1135 5506 citur.
