4018 5976
646 340 888 400 colninnnlntl
905 343 939 400 nt
957 343 1111 410 nioben,
1130 353 1193 401 etr.
1211 341 1323 403 XXXIV.
1746 345 1800 402 'iti

162 447 241 518 erat,
255 447 297 504 est
311 447 369 514 tac,
384 459 478 522 eaque
491 441 615 503 coelestis
626 445 655 502 et
668 445 781 519 muna,
795 449 874 506 Pron.
892 463 958 528 cap.
1005 463 1214 525 cap.1n‚vcrs.
1229 452 1274 508 tt.
1290 451 1368 507 itane
1382 449 1556 507 sententiam
1569 447 1666 507 tunuli
1677 461 1800 524 quoque

162 543 209 602 vr,
222 543 297 586 vers.
311 531 356 590 23.
1004 533 1220 592 illustrissimus
1232 533 1440 605 bellarminus,
1454 531 1508 592 lib.
1522 535 1694 606 llDelteiiq.
1706 534 1798 590 Serrei.

202 613 332 681 Secundo,
347 628 460 671 cornua
470 612 556 670 blesis
570 613 772 686 significarunt
787 615 885 686 legem
897 615 961 686 ejus
1006 633 1073 692 cap.
1088 632 1127 674 iv.

161 694 315 754 minacem
327 696 390 754 iore
404 701 433 753 et
444 695 620 766 terribilem,
643 697 730 768 quasi
747 699 838 754 ltoses
856 712 962 755 cornu·
1041 695 1185 755 lioraltter
1202 699 1297 755 notas
1317 699 1393 755 Deus
1412 701 1455 755 esi
1476 698 1530 756 lux
1546 697 1692 756 immensa
1706 699 1736 754 et
1755 695 1799 754 ln·
1824 713 1916 770 usne,

161 783 226 850 ius,
238 779 378 838 cornibus
386 779 639 854 suisimpetiturus
649 783 723 836 essct
732 795 793 850 eos,
801 781 853 854 qui
865 781 962 853 legem
1006 783 1113 851 mesia,
1125 780 1192 838 lons
1206 781 1304 837 omnis
1317 781 1390 837 lucie
1403 785 1431 838 et
1444 780 1565 838 luminis
1572 799 1582 851 3
1596 779 1665 837 hine
1680 779 1733 837 lux
1745 796 1799 837 no·
1810 777 1878 848 ⁰5⁸²¹⁰
1886 777 1917 820 ¹²·

159 863 321 934 violarent,
333 861 495 936 infligendo
505 862 674 936 eispoenam
685 864 799 920 mortis.
815 865 961 922 Lexenim
1006 862 1151 921 bilisslme
1164 866 1192 921 et
1203 865 1327 921 coelestis
1341 868 1384 920 eet
1397 864 1538 938 qualitas,
1553 877 1614 937 que
1626 866 1716 933 neue,
1730 879 1799 920 curn
1811 836 1916 943 wa*

159 951 251 1005 vetus
259 945 315 1005 iuit
327 948 432 1020 rigoris
446 953 475 1005 et
486 948 606 1005 terroris
619 965 627 1004 ε
642 947 717 1004 sicut
728 963 833 1006 novae
847 955 963 1007 contra·
1006 950 1154 1024 apparuit,
1167 965 1253 1005 suam
1271 950 1453 1020 majestatem
1472 948 1699 1022 repraesentavit.
1721 950 1800 1004 cinr-

157 1029 213 1088 rio
228 1038 272 1090 esi
284 1033 384 1103 gratiae
398 1035 426 1089 ct
436 1031 554 1089 amoris.
1005 1049 1085 1105 men,
1100 1033 1140 1091 eii
1153 1035 1180 1090 S.
1196 1033 1361 1106 Dionysius,
1377 1037 1417 1090 lle
1430 1036 1525 1090 Dicin.
1540 1034 1662 1098 Nomia,
1679 1048 1716 1088 ex
1732 1031 1798 1105 lpse

201 1115 405 1172 Exconsonrro
416 1117 673 1173 sranorusltonrm.
683 1145 719 1156 -
728 1115 799 1172 ilinc
811 1115 961 1188 patethaec
1005 1116 1088 1175 bono
1102 1120 1155 1187 cst,
1169 1121 1197 1174 ei
1210 1117 1350 1176 bonitatis
1363 1117 1473 1188 imago.
1487 1114 1557 1175 Ideo
1571 1115 1670 1190 ipsum
1683 1115 1799 1172 honum

160 1197 241 1255 lucis
254 1213 376 1270 cornua,
391 1199 423 1256 id
436 1204 480 1256 esi
493 1199 549 1256 hos
565 1199 666 1256 radios
682 1197 799 1256 afflatos
814 1215 876 1257 esse
890 1201 961 1258 llosi
1005 1199 1128 1256 luminis
1139 1203 1337 1271 cognomento
1350 1200 1500 1271 laudetur,
1513 1203 1656 1271 tanquam
1671 1197 1798 1268 imagine

161 1295 203 1336 ex
217 1281 366 1339 conserite
381 1279 445 1352 liei,
460 1281 588 1339 maxime
606 1282 729 1359 quando
748 1282 882 1340 transivit
898 1283 962 1356 glo·
1006 1283 1138 1356 quadum
1148 1283 1299 1358 exemplar
1307 1298 1489 1358 expressum.
1499 1302 1514 1337 a
1524 1282 1654 1356 ltincqui
1662 1296 1731 1338 cum
1739 1283 1798 1337 lico

1 1395 2 1412 r
109 1417 110 1420 ,
158 1364 211 1422 ria
225 1365 275 1422 Dei
288 1363 620 1438 anteferamenpetrae,
634 1365 864 1423 etinclamevit:
882 1368 960 1424 ullo-
1004 1371 1169 1437 versantur,
1183 1371 1212 1424 et
1227 1369 1344 1424 oronim
1357 1381 1426 1423 cum
1440 1381 1475 1422 eo
1488 1381 1566 1442 saepe
1575 1365 1797 1442 colloquuntur,

158 1449 294 1508 minator
303 1449 461 1519 Dominae
472 1449 530 1507 hoe
541 1464 606 1522 cap.
616 1464 694 1508 vers.
706 1451 734 1507 6.
748 1449 869 1506 Petieret
881 1451 961 1510 enim
1005 1450 1096 1508 instar
1109 1450 1195 1508 liceis
1212 1447 1304 1508 radiis
1320 1449 1369 1506 ilci
1382 1447 1537 1520 afflantur,
1554 1449 1689 1524 fiuntque
1706 1447 1798 1508 lucidi

158 1533 259 1588 Moses
271 1531 370 1588 videre
381 1530 487 1590 facicm
499 1532 624 1601 Domini,
636 1547 737 1588 secum
745 1531 894 1604 loquentis
907 1547 961 1606 per
1004 1533 1037 1590 in
1049 1533 1160 1604 anime,
1171 1537 1200 1591 et
1212 1532 1340 1590 subinde
1349 1532 1460 1590 inlacie
1473 1535 1502 1590 et
1510 1547 1643 1606 corpore.
1655 1533 1695 1590 tta
1703 1531 1798 1590 Chris-

158 1613 292 1686 nubem3
314 1615 368 1672 sed
385 1615 545 1688 respondet
567 1617 664 1672 licus:
686 1615 874 1672 «Posteriora
895 1631 960 1672 mea
1003 1622 1052 1675 tus
1065 1617 1097 1674 in
1111 1619 1244 1675 oratione
1262 1616 1486 1688 uansfiguretus
1500 1619 1560 1686 est,
1576 1619 1604 1672 et
1617 1617 1798 1687 resplenduit

159 1696 213 1769 (id
234 1702 278 1754 cst
299 1698 423 1755 dorsum
441 1713 541 1755 mcum
558 1697 590 1755 in
605 1713 729 1772 corpore
749 1711 804 1770 per
821 1697 960 1769 angelum
1004 1700 1092 1758 iacies
1105 1702 1169 1773 eins
1182 1701 1257 1758 sicut
1270 1701 1327 1770 sol,
1339 1701 1380 1756 ita
1393 1703 1426 1756 ut
1438 1700 1499 1756 suis
1512 1698 1603 1755 radiis
1616 1699 1798 1756 collustraret

158 1782 334 1853 assumpto)
347 1781 477 1852 videbis3
497 1781 602 1839 faciem
622 1785 721 1838 eutem
735 1796 833 1837 meam
845 1782 960 1855 (utpote
1005 1801 1067 1842 non
1080 1788 1196 1842 tentum
1210 1785 1303 1841 Etiam
1316 1788 1345 1840 et
1360 1785 1473 1852 Mosen,
1489 1782 1543 1839 scd
1555 1785 1583 1838 et
1601 1784 1733 1852 Petrum,
1752 1784 1797 1839 ta·

157 1861 253 1919 nimis
263 1865 441 1937 radiantem)
453 1865 553 1921 videre
562 1864 748 1938 nonpoteris.
758 1885 772 1917 n
781 1865 881 1921 Posuit
890 1881 960 1936 ergo
1005 1868 1115 1925 cobnm
1126 1873 1155 1924 et
1165 1871 1319 1925 loannem.
1334 1870 1433 1923 Petrus
1446 1866 1526 1923 enim
1535 1866 1593 1922 hoc
1602 1866 1760 1939 splendore
1770 1872 1797 1924 et

157 1945 249 2018 Deus,
264 1947 312 2004 vel
324 1947 424 2021 potius
434 1948 557 2019 angelus
572 1948 622 2006 Dei
634 1947 712 2004 vices
726 1963 848 2020 gerens,
861 1950 960 2006 Mosen
1005 1951 1114 2024 gaudio
1128 1950 1272 2020 exultans,
1287 1956 1316 2008 et
1329 1951 1415 2026 quusi
1428 1949 1529 2007 ebrius
1539 1949 1704 2006 clamabat!
1717 1952 1797 2006 cllo-

156 2027 192 2085 in
213 2030 372 2103 spelunca,
393 2041 518 2106 eamque
537 2029 618 2090 nube
637 2029 718 2102 texit,
739 2030 839 2104 sicque
859 2047 960 2090 corum
1003 2035 1097 2106 mine,
1114 2033 1231 2094 bonum
1243 2039 1287 2091 est
1306 2049 1361 2094 nos
1374 2031 1423 2092 hic
1434 2047 1509 2102 csse,
1524 2032 1667 2089 iaciamus
1679 2033 1728 2089 hic
1740 2035 1796 2089 tria

156 2111 240 2169 liose
254 2115 388 2171 transivit
400 2114 432 2171 in
445 2130 569 2188 corpore
588 2114 718 2185 glorioso
735 2117 764 2169 et
775 2113 958 2170 lucidissimo
1004 2118 1194 2176 tabernacula
1217 2136 1225 2175 :
1248 2119 1301 2176 tibi
1323 2134 1433 2186 unum,
1456 2117 1527 2174 ltosi
1549 2133 1662 2186 unum,
1681 2122 1710 2173 et
1727 2117 1795 2173 Elim

156 2209 178 2251 e
202 2209 235 2250 se
255 2201 423 2269 assumpt03
444 2203 473 2255 et
494 2214 562 2255 cum
579 2198 642 2269 J'em
661 2196 830 2268 transisset,
848 2197 960 2258 amovit
1003 2217 1135 2262 unum.»
1156 2205 1199 2264 lta
1212 2204 1240 2260 S.
1259 2201 1376 2258 Antonii
1394 2200 1426 2256 in
1442 2200 1575 2257 oratione
1596 2201 1795 2272 pernoctantis

155 2275 286 2348 nubem,
296 2282 430 2338 utlitoses
439 2281 565 2350 Domini,
574 2279 728 2353 velpotius
737 2280 834 2350 angeli
843 2283 958 2350 tergum
1002 2282 1090 2342 iacies
1102 2285 1220 2342 assidue
1234 2284 1424 2358 splendebat,
1436 2287 1469 2339 ut
1482 2298 1519 2339 ex
1537 2282 1601 2338 sola
1617 2283 1717 2338 vultus
1729 2283 1794 2340 luce

156 2360 210 2430 (¹1²
222 2375 285 2432 quo
299 2363 352 2418 11¹1
363 2366 425 2422 elii
438 2363 625 2436 temperatim
638 2378 730 2434 (luam
743 2363 775 2418 in
789 2361 876 2434 secie)
889 2379 959 2421 eon·
1002 2373 1031 2426 et
1040 2370 1150 2441 laetitia,
1160 2369 1237 2427 inter
1245 2373 1289 2427 toi
1300 2368 1393 2424 millia
1401 2368 1617 2425 monachorum
1624 2381 1796 2438 agnoscere·

156 2443 303 2515 spiceret3
322 2447 393 2501 tunc
410 2459 481 2515 ergo
500 2451 616 2516 tergum
632 2443 749 2500 Domini
768 2443 891 2501 mirifice
910 2461 959 2502 ra·
1001 2455 1049 2509 tur
1061 2451 1206 2509 Antonius
1221 2469 1228 2507 ε
1242 2451 1399 2508 videbatur
1413 2450 1493 2506 enim
1501 2465 1563 2507 esse
1576 2449 1795 2524 quasiquidam

157 2525 264 2597 diane,
282 2529 380 2585 Mosen
399 2527 560 2583 intuentem
576 2527 617 2582 lta
629 2525 815 2597 perstrinxit,
829 2526 959 2600 nequest
1002 2533 1048 2590 sol
1064 2535 1140 2591 inter
1158 2534 1266 2592 stellas.
1286 2536 1328 2591 lte
1346 2536 1374 2590 S.
1391 2533 1562 2589 Franciscus
1584 2532 1716 2590 oratione
1738 2534 1795 2590 ier-

156 2623 276 2667 cornua
289 2609 410 2666 luminis
422 2608 450 2665 ei
460 2606 597 2664 affixerit·
1000 2615 1081 2672 venii
1092 2616 1227 2673 sublatus
1240 2616 1272 2672 in
1283 2630 1361 2686 aera,
1370 2613 1694 2685 radiebaieifervebai,
1705 2615 1794 2678 adeo-

194 2699 270 2754 Nam
282 2698 352 2755 inde
362 2697 411 2753 vel
419 2693 684 2752 meximeradiasse
692 2693 798 2752 faciem
808 2695 895 2752 Mosis
905 2712 959 2769 pa·
1001 2712 1060 2770 que
1082 2715 1119 2754 ex
1135 2715 1166 2755 se
1184 2698 1321 2755 flammas
1341 2703 1369 2754 ct
1385 2698 1468 2768 ignes
1489 2697 1606 2754 vibrare
1625 2698 1792 2758 videbetm·.

155 2783 210 2850 tei,
225 2781 311 2856 quod
320 2778 635 2854 primavice,qunndo
649 2777 771 2836 totidem
781 2778 887 2836 diebus
898 2780 957 2838 col·
999 2782 1042 2841 lta
1054 2783 1082 2840 S.
1098 2783 1129 2839 P.
1142 2783 1176 2840 N.
1193 2781 1321 2854 ignatius
1334 2795 1353 2838 a
1366 2781 1393 2836 S.
1412 2779 1548 2855 Philippo
1565 2781 1667 2850 Nerio,
1681 2786 1711 2840 ci
1729 2784 1793 2842 aliis

156 2864 278 2921 locutus
292 2877 361 2922 cum
371 2863 496 2921 Domino
508 2861 738 2937 accepitprimas
750 2860 876 2932 tabulas,
886 2865 957 2920 Eso-
999 2879 1077 2938 saepe
1087 2865 1169 2921 visus
1182 2869 1225 2922 est
1238 2863 1323 2920 vultu
1336 2877 1427 2934 supra
1439 2863 1605 2920 humanum
1625 2869 1751 2936 augusto
1764 2872 1793 2924 ei

157 2949 192 3003 di
200 2963 267 3022 cap.
276 2949 418 3018 minti),
428 2945 502 3003 nihil
512 2945 550 3003 de
559 2944 707 3016 ejusmodi
716 2943 805 3002 radiis
811 2944 956 3018 legamus;
998 2945 1419 3018 tulgid0.1taredlabatlacies
1433 2949 1559 3016 augusta
1570 2947 1601 3002 Β.
1616 2947 1742 3017 Virginis
1755 2965 1791 3006 ex

157 3030 296 3088 similiter
308 3047 363 3088 nec
376 3031 409 3087 in
427 3029 558 3086 secundo
576 3028 635 3085 hoo
650 3028 802 3100 colloquio
820 3031 956 3103 proxime
999 3031 1119 3088 assidua
1130 3030 1352 3088 conversatione
1370 3045 1439 3086 cum
1459 3031 1534 3098 ileo,
1548 3033 1577 3088 ci
1590 3029 1686 3090 Verbo
1698 3032 1793 3092 ineur-

156 3119 229 3172 ante
243 3114 325 3174 illam
339 3117 389 3172 [tei
401 3113 562 3182 visionem,
575 3128 644 3172 cum
658 3115 750 3170 lloses
767 3111 958 3174 descenderet
998 3119 1080 3185 nete,
1092 3119 1125 3172 ut
1137 3115 1193 3174 dea
1205 3114 1344 3187 quaedam
1355 3128 1418 3170 esse
1430 3111 1590 3181 videretur,
1602 3117 1672 3172 teste
1683 3117 1711 3176 S.
1726 3115 1792 3174 llio-

157 3198 197 3254 de
210 3201 313 3258 monte
325 3197 441 3256 tabulas
454 3197 495 3256 ad
508 3199 600 3254 neum
613 3195 756 3256 allaturus
766 3211 843 3254 vers.
859 3200 876 3253 3
890 3201 954 3272 etl,
998 3199 1096 3272 nysio.
1112 3201 1202 3257 Porro
1216 3198 1248 3254 hi
1258 3196 1332 3254 lucis
1342 3196 1418 3253 redii
1430 3195 1582 3252 habebant
1591 3197 1792 3272 speciemcor-

156 3281 246 3354 quod
260 3281 381 3354 contigit
393 3281 441 3336 dic
452 3282 487 3338 39
498 3277 660 3335 mansionis
678 3278 814 3336 secundae
831 3279 864 3336 in
877 3281 955 3352 Sina,
998 3296 1110 3352 nuum,
1129 3285 1163 3338 ut
1182 3279 1393 3353 significarent,
1414 3293 1468 3351 per
1487 3279 1650 3336 orationem
1671 3282 1790 3340 Sanctus

38 3367 142 3414 omnen
156 3363 236 3421 nihil
249 3364 308 3421 tale
321 3367 465 3429 narretur,
479 3361 639 3418 verisimile
657 3367 700 3419 est
717 3377 787 3432 crgo
807 3361 839 3418 in
858 3365 956 3437 splen·
996 3363 1063 3420 luce
1076 3363 1189 3434 divina,
1205 3378 1268 3421 non
1283 3365 1399 3419 tantum
1417 3361 1596 3433 collustrari,
1614 3363 1668 3420 sed
1684 3368 1714 3421 ei
1727 3365 1791 3423 fieri

53 3442 130 3534 Ἡ
157 3448 316 3505 didissima
325 3450 354 3504 et
365 3446 653 3502 eminentissimeilln
661 3445 724 3517 jnm
737 3447 815 3503 dicta
825 3447 953 3522 visione,
997 3451 1148 3517 cornutos,
1163 3446 1253 3504 idest
1271 3449 1453 3516 constantes,
1466 3443 1570 3517 fortes,
1583 3445 1733 3520 robustos,
1746 3450 1791 3508 in-

54 3494 128 3594 esse
156 3533 261 3588 blesen
275 3545 325 3588 eos
339 3530 529 3602 contraxisse,
538 3529 625 3603 eique
638 3528 754 3588 afflatos
762 3530 864 3602 tuisse,
878 3531 956 3590 scili·
996 3530 1088 3590 victos
1100 3531 1140 3588 ad
1153 3529 1307 3588 toleranda
1320 3528 1421 3588 omnia
1436 3528 1526 3598 dure,
1539 3544 1624 3602 aque
1637 3545 1672 3589 ee
1686 3531 1726 3592 ud
1739 3547 1791 3604 ag·

157 3617 206 3670 cet
220 3613 326 3670 ultimo
340 3616 369 3670 et
388 3616 424 3670 to
439 3612 487 3669 die
507 3628 568 3688 quo
585 3628 653 3668 cum
676 3614 735 3670 Deo
753 3612 808 3669 iuit
823 3615 855 3670 in
873 3615 952 3686 Sine,
996 3615 1191 3686 gradiendum
1213 3613 1308 3671 ardua
1324 3611 1472 3686 quaelibet.
1494 3612 1536 3669 lte
1553 3627 1607 3684 per
1626 3614 1789 3674 orationem

156 3711 283 3768 quoque
298 3693 336 3752 ab
351 3710 387 3752 eo
400 3695 544 3752 secundas
558 3693 631 3764 legis
643 3693 761 3750 tabulas
774 3696 894 3769 accepit,
910 3696 954 3753 id·
995 3697 1135 3754 roborate
1145 3695 1240 3760 iultS.
1254 3699 1338 3751 Anna
1350 3697 1445 3750 mater
1457 3692 1608 3764 Samuelis,
1623 3695 1661 3751 de
1673 3711 1734 3768 que
1746 3695 1792 3756 dl·

42 3781 112 3826 rime
157 3793 218 3851 que
234 3782 344 3848 prime,
357 3783 391 3834 ut
405 3791 538 3834 amorem
557 3791 645 3834 suum
663 3791 734 3846 erge
746 3777 844 3832 llosen
860 3779 955 3838 decla·
996 3779 1071 3836 citur
1083 3781 1095 3836 l
1105 3782 1169 3849 neq.
1180 3795 1201 3846 r,
1213 3780 1248 3834 18
1264 3795 1271 3832 :
1289 3776 1561 3850 «Vultusqneilttus
1570 3792 1633 3835 non
1645 3783 1715 3837 suni
1727 3796 1790 3838 em·

43 3853 135 3950 ζζῖώ
157 3867 237 3922 reret
250 3865 336 3932 Deus,
349 3876 542 3936 amoremque
557 3859 652 3920 amori
663 3861 846 3930 rependeret.
857 3862 955 3918 Secun-
996 3863 1075 3933 plius
1088 3863 1120 3919 in
1134 3861 1251 3919 diversa
1264 3860 1410 3928 mutati,»
1423 3877 1451 3928 q.
1466 3859 1494 3916 d.
1511 3859 1622 3918 Eodem
1638 3861 1696 3918 sibi
1713 3878 1789 3922 sem·

136 3934 143 3948 '
158 3947 193 4003 de
201 3987 210 4016 ,
222 3949 256 4004 ut
268 3946 364 4016 legem
375 3943 509 4002 israelitis
517 3942 781 4016 promulgandam,
792 3942 953 4002 certissimo
995 3957 1049 4014 per
1062 3942 1206 4000 constanti
1220 3941 1304 3998 vultu
1324 3940 1463 4012 deinceps
1481 3942 1595 4012 excepit
1609 3947 1670 4000 iam
1684 3944 1788 4004 laudes

158 4028 217 4086 hoc
230 4029 394 4086 charactere
408 4027 554 4098 divinam,
575 4029 635 4082 eta
653 4028 710 4084 [leo
726 4029 895 4081 manantem
907 4043 953 4082 os·
994 4024 1141 4094 Helcanae,
1162 4039 1254 4096 quem
1274 4037 1382 4079 sannas
1408 4022 1586 4095 Phenennae3
1611 4029 1672 4082 tam
1697 4028 1787 4100 dure,

157 4112 303 4183 tenderet,
315 4115 516 4184 terroremque
527 4111 678 4179 incuteret,
687 4123 800 4163 nesam
815 4107 953 4180 deinceps
996 4123 1087 4181 quam
1101 4105 1216 4178 dulcia3
1230 4110 1292 4162 tam
1306 4106 1439 4175 adversa,
1453 4121 1545 4179 quem
1554 4123 1707 4182 prospera.

157 4195 272 4252 violare
287 4196 441 4262 auderent;
458 4195 536 4250 hano
552 4207 671 4250 causum
685 4191 814 4260 assignat
831 4195 954 4263 Aposto-
1030 4194 1076 4248 30.
1091 4193 1230 4247 l'rnnnrne
1240 4203 1333 4247 rursu
1345 4193 1487 4246 Announr
1497 4205 1565 4248 run
1576 4194 1672 4252 lenem
1683 4208 1788 4256 conun-
1800 4203 1860 4250 ter·-
1870 4206 1905 4251 ii·

45 4280 120 4328 reni.
158 4279 206 4338 lus
220 4282 244 4340 ll
255 4281 315 4340 Cer.
331 4279 495 4353 cnp.1n‚'i.
513 4280 616 4342 Tertio,
628 4273 870 4334 utuuctcritetem
882 4275 954 4336 lteri
995 4291 1052 4336 reu
1068 4277 1158 4334 llorsr
1174 4289 1289 4344 rrcrnu,
1303 4287 1464 4334 rinunmnr
1482 4289 1571 4332 rnorr
1587 4291 1737 4350 masuras,
1751 4309 1787 4324 -

46 4365 128 4418 mne.
159 4365 243 4436 apud
256 4361 586 4440 populumconciliaret.
599 4361 714 4428 Quarto,
726 4361 760 4416 ut
769 4356 831 4416 vim
843 4357 954 4418 etiruu-
996 4358 1067 4431 quie
1076 4358 1185 4416 scilicet
1193 4374 1254 4416 nen
1266 4357 1405 4417 velebant
1415 4357 1506 4430 figere
1518 4357 1610 4418 aciem
1620 4361 1786 4436 oculorum,

159 4448 225 4504 ium
239 4447 379 4504 orationis
391 4445 565 4502 ostenderet.
995 4441 1026 4496 in
1039 4440 1155 4498 vultum
1169 4441 1232 4511 eJus
1243 4441 1283 4497 itu
1296 4440 1456 4511 fulgidum,
1465 4440 1526 4498 sive
1539 4441 1666 4514 injuber
1677 4444 1735 4502 hoe
1745 4445 1788 4502 ia·

66 4531 148 4578 nomm
195 4530 345 4600 Quamdiu
374 4528 486 4587 durarit
508 4527 555 4584 bic
583 4526 683 4583 vultus
712 4526 775 4597 ejus
800 4525 953 4599 splendor,
995 4523 1134 4594 cieiejus,
1149 4521 1479 4596 etqularcverebantur
1492 4525 1601 4595 Mosen,
1615 4527 1700 4600 quasi
1714 4528 1790 4586 divi·

48 4591 96 4698 {¹122
103 4595 149 4701 ἓξ,
161 4613 308 4688 Scriptura
321 4628 383 4670 non
401 4611 549 4685 exprimit.
569 4609 724 4666 Abulensis
741 4608 846 4665 iisdem
867 4610 955 4666 ratio·
995 4621 1068 4664 num
1077 4609 1140 4678 jnm
1155 4607 1234 4663 bisce
1251 4606 1343 4664 radiis
1355 4605 1492 4666 effectum
1505 4625 1512 4664 ι
1526 4607 1658 4668 latebant
1672 4626 1742 4670 vero
1755 4613 1787 4672 hl

48 4712 90 4757 nnc
101 4727 149 4771 pen
161 4697 250 4758 nibus
260 4699 324 4769 jum
340 4697 424 4756 dictis
442 4699 526 4770 putet
542 4694 582 4754 ad
599 4699 725 4754 mortem
742 4693 828 4752 liosis
845 4694 955 4765 perdu·
995 4691 1071 4750 radii
1085 4692 1183 4764 ipsum
1197 4692 1313 4764 liusen,
1332 4691 1404 4766 quie
1416 4692 1479 4766 ipse
1492 4690 1651 4764 absorptus
1664 4698 1725 4752 erat
1744 4695 1787 4753 vi·

50 4775 125 4828 nini
161 4796 251 4856 resse,
265 4782 393 4854 ideoque
410 4783 509 4838 lloscu
525 4783 594 4853 post
609 4777 821 4853 primumcum
838 4776 953 4852 populo
996 4775 1079 4832 aione
1089 4777 1118 4832 ct
1129 4774 1279 4848 colloquio
1290 4775 1350 4844 Dei,
1364 4789 1418 4829 nec
1425 4775 1540 4848 poterat
1553 4772 1659 4830 intueri
1668 4773 1786 4836 vultum

161 4863 362 4944 colloquium,
380 4863 520 4940 deinceps
533 4877 627 4935 nsque
645 4861 685 4918 ad
703 4863 829 4916 mortem
841 4859 953 4916 velasse
995 4875 1084 4914 suum
1097 4858 1153 4914 nisi
1166 4857 1198 4913 in
1211 4858 1343 4930 speculo,
1357 4857 1441 4929 quod
1452 4855 1477 4911 si
1487 4855 1609 4913 intuitus
1619 4855 1731 4931 luisset,
1741 4859 1787 4918 vl·

160 4947 265 5006 taciem
274 4945 804 5021 suamcumpopulumalloqueretur.
812 4941 856 4999 Slc
865 4941 954 5000 etium
996 4941 1085 4998 disset
1098 4939 1200 5013 utique
1212 4944 1241 4997 et
1252 4941 1308 4996 hos
1320 4938 1365 4994 sui
1377 4937 1477 4998 vultus
1489 4937 1599 4998 radios.

162 5032 249 5089 senili
261 5032 434 5090 Ambrosius
447 5032 479 5087 in
489 5031 589 5087 Psalm.
601 5042 698 5097 cxvrn,
713 5025 766 5100 qui
779 5029 807 5082 ct
820 5025 953 5096 allegori·
1030 5028 1062 5082 31
1079 5028 1107 5082 et
1117 5026 1162 5082 32.
1177 5026 1216 5082 ilr
1229 5035 1375 5088 rosrnuln
1387 5033 1510 5080 securus
1520 5037 1570 5082 mr
1581 5033 1620 5082 sti
1633 5035 1684 5084 tos
1700 5026 1786 5102 (puta
1798 5034 1858 5080 ves
1874 5035 1901 5084 tt

162 5131 226 5180 eam
241 5117 432 5193 prosequitur
448 5130 569 5176 causam
584 5131 592 5172 ι
608 5114 716 5182 Moses,
731 5111 789 5182 ait,
806 5110 892 5170 idest
905 5110 954 5170 lex
994 5113 1088 5168 lloses
1098 5108 1139 5166 ad
1149 5113 1246 5168 Aaron
1260 5104 1444 5180 etprincipes
1456 5104 1582 5180 populi),
1594 5119 1785 5172 vuuunuuran
1797 5101 1863 5144 ⁸²³²·

162 5204 254 5274 vetus,
268 5217 384 5278 semper
397 5199 502 5260 habuit
515 5198 664 5269 velamen3
682 5197 773 5264 lesus,
789 5209 842 5250 seu
853 5195 953 5268 iosue,
994 5209 1049 5251 nnn
1067 5208 1153 5249 namn
1167 5204 1258 5248 onnes
1278 5203 1344 5244 sinu
1364 5189 1473 5260 lsnnnn,
1490 5217 1527 5229 —
1541 5188 1605 5260 jum
1622 5205 1660 5246 ex
1679 5191 1785 5252 timore

162 5285 391 5354 cjrrssuccessor,
402 5280 630 5340 nullumhabuit
641 5298 648 5336 :
659 5279 788 5336 Christus
799 5275 953 5334 enlmabs-
994 5276 1175 5345 confirmati,
1189 5290 1257 5330 cum
1271 5271 1414 5330 vidissent
1430 5277 1577 5332 Aaronem
1591 5273 1620 5330 ei
1637 5273 1785 5349 principes

164 5366 228 5424 tulit
241 5383 330 5426 omne
342 5367 415 5441 legis
425 5368 572 5439 velamen,
581 5369 615 5426 ui
627 5365 667 5424 eit
676 5362 843 5437 Apostolus,
854 5362 877 5419 ll
890 5361 951 5424 Gor.
994 5375 1064 5419 cum
1077 5363 1153 5418 llose
1168 5355 1310 5430 colloqui.
