4018 5976
233 235 287 294 ill!
701 245 942 304 coutemnit
960 247 994 306 lN
1012 245 1168 322 blenau,
1187 263 1250 311 cer.
1270 250 1393 317 xxxvii.

233 338 266 396 id
275 345 319 398 est
331 343 480 400 scandum
488 341 608 417 velum,
622 347 682 404 sive
696 363 801 421 sagum
816 351 965 410 cilicinum
979 355 1023 410 te-
1067 357 1193 415 uneinos
1210 359 1363 434 utriusque
1382 361 1502 434 parietis
1514 360 1607 420 latera
1623 361 1862 421 continebanbrr.

233 442 306 500 gens
320 428 563 504 tabernaculum,
579 435 621 490 uti
636 435 698 492 dixi
711 441 849 497 versit.
1102 443 1148 498 34.
1168 443 1231 500 lese
1248 459 1339 501 eursu
1357 459 1502 503 amauri
1516 445 1564 518 (id
1583 449 1626 502 est
1638 445 1777 518 tabulas,
1796 461 1864 520 que
1875 472 1969 520 ιη
1999 455 2000 528 t

116 514 220 563 ἰιι-11·
268 515 314 569 33.
326 514 409 572 Fncrr
423 530 536 584 quocun
549 533 656 577 sacrare
670 535 768 578 aurun.
783 553 819 564 -
832 525 921 594 liujus
935 525 1026 581 vectis
1068 538 1209 580 connexae
1223 530 1306 582 erant
1318 527 1409 583 instar
1421 527 1559 600 tabulati)
1575 543 1745 586 amamur.

233 595 347 652 nullam
363 599 543 656 mentionem
561 600 629 660 iecit
649 605 792 676 interpres
810 611 910 662 noster
931 608 1025 679 capite
1104 607 1149 663 36.
1169 609 1653 682 Qunscouclrrmsnsoranamr,
1667 611 1758 668 -ita
1769 615 1805 669 ut
1816 629 1864 670 eo-
1875 638 1968 683 vm

232 693 309 749 uss,
321 695 396 736 vers.
408 683 453 737 28.
464 684 651 756 Septuaginta
660 689 758 744 tamen
769 691 798 744 et
807 689 857 744 alii
868 689 932 758 eius
943 705 1025 745 men·
1068 688 1179 746 lumnae
1193 695 1308 748 tantum
1326 692 1546 749 abducerentur
1564 709 1656 764 auro,
1668 694 1729 750 sive
1743 694 1862 752 laminis

232 763 343 820 tionem
356 765 399 822 ibi
412 767 560 839 fecerunt3
571 786 641 827 nam
654 771 686 828 in
697 772 817 830 llebraeo
831 773 936 830 eadem
948 790 1024 846 pene
1069 774 1182 845 aureis,
1196 775 1293 849 capita
1306 792 1377 832 vero
1396 781 1492 835 essent
1505 793 1610 850 aurea,
1623 778 1668 834 uti
1681 781 1757 836 lleus
1766 779 1862 850 jusse-

231 852 301 906 sunt
318 850 410 908 verba
424 851 483 921 ibi,
497 869 565 925 quse
577 855 643 926 hle,
657 857 713 914 nisi
731 857 815 930 quod
828 859 904 914 ordo
917 857 1025 915 verbo·
1068 857 1114 908 rat
1127 853 1213 924 bosi,
1226 871 1292 926 eap.
1307 870 1392 925 xxva,
1405 871 1481 911 vers.
1498 858 1543 912 32.

231 948 298 991 rum
307 936 443 994 nonnihil
453 938 490 994 sit
499 939 682 1011 immutatus,
692 946 720 997 et
730 943 777 998 hie
786 943 913 998 addatur
922 943 1026 999 artieu·
1104 937 1148 992 37·
1164 937 1247 992 Fssclr
1261 951 1294 994 Et
1308 952 1478 994 Tflllwlffllt·
1490 968 1526 980 -
1539 939 1753 996 “Tentoriflm'
1769 939 1818 997 1²1⁰
1834 945 1863 998 ei
1875 970 1968 1016 vnn.

231 1016 279 1074 lus
289 1025 335 1078 tllt
349 1025 389 1086 et,
402 1021 489 1094 quasi
500 1026 612 1080 certum
627 1024 719 1080 alium
731 1025 888 1095 designans
901 1031 1024 1082 vectem.
1068 1016 1100 1073 in
1112 1033 1174 1090 seq·
1189 1019 1268 1075 idem
1282 1024 1325 1075 est
1338 1020 1423 1093 quod
1436 1020 1547 1078 velum.

266 1103 402 1174 astorgo
419 1104 468 1161 hie
480 1105 556 1162 atius
569 1123 587 1164 a
599 1109 833 1180 precedentibus
850 1111 959 1178 vacus,
972 1111 1027 1182 qur
1104 1106 1149 1160 38-
1164 1107 1241 1173 Quas
1254 1119 1374 1163 oratur
1386 1121 1474 1164 iuro.
1486 1137 1522 1150 -
1536 1108 1665 1180 intellige
1679 1110 1812 1170 similiter
1825 1128 1861 1168 ex
1874 1137 1966 1181 vtae

231 1187 374 1246 transibat
384 1203 438 1261 per
449 1189 528 1261 ipsas
542 1189 675 1261 tabulas,
688 1191 795 1248 scilieet
807 1207 909 1248 aarum
923 1193 1026 1248 erassi-
1069 1190 1175 1246 eodem
1189 1205 1254 1262 cap.
1269 1205 1351 1260 xxvi,
1366 1207 1443 1248 vers.
1458 1194 1511 1262 37,
1526 1191 1567 1248 ita
1580 1197 1613 1248 ut
1625 1193 1771 1251 columna
1782 1200 1862 1267 tege·

230 1270 301 1329 tiem
313 1270 434 1329 interius
447 1275 644 1345 penetrand03
657 1279 740 1331 erant
753 1275 833 1330 enim
851 1275 897 1330 hae
915 1274 1026 1331 tabulae
1068 1276 1170 1328 rentur
1183 1273 1280 1329 aureis
1294 1273 1427 1343 leminis,
1441 1273 1539 1347 capita
1556 1290 1627 1330 vero
1648 1279 1745 1332 essent
1756 1291 1860 1348 aurea,

230 1354 387 1410 crassiores
402 1371 410 1410 :
425 1356 506 1413 unde
525 1356 714 1429 Septuaginta
727 1373 775 1413 eas
792 1361 899 1413 vocant
913 1358 1025 1413 calum·
1068 1353 1210 1410 nimirum
1226 1359 1259 1411 ut
1276 1356 1351 1412 clavi
1369 1357 1416 1412 vel
1430 1357 1527 1431 capita
1540 1356 1749 1415 columnarum
1767 1365 1862 1417 essent

232 1451 297 1493 nas.
311 1437 353 1496 lta
363 1440 505 1512 hyrenem,
517 1441 610 1510 Ilugo,
620 1439 793 1509 llbulensis,
803 1439 1023 1496 carthusianus.
1069 1451 1105 1493 ex
1115 1453 1200 1505 auro,
1215 1437 1361 1494 columnae
1371 1455 1442 1495 vero
1456 1443 1622 1510 tegerentur
1632 1440 1788 1510 caelaturis,
1802 1443 1862 1498 sive

231 1519 347 1594 Reliqui
364 1521 444 1579 enim
464 1527 560 1578 vectes
581 1538 643 1578 non
665 1523 802 1590 interius,
823 1521 876 1578 sed
898 1522 1024 1579 exterius
1069 1519 1185 1578 circulis
1203 1522 1299 1578 aureis
1312 1522 1343 1578 in
1357 1537 1466 1594 gyrum
1479 1523 1632 1589 euntibus,
1651 1524 1737 1581 sicuti
1750 1525 1864 1582 colum·

232 1602 322 1660 dorsa
340 1607 455 1662 tantmn
473 1604 643 1662 tabularum
662 1604 843 1675 transibant,
855 1619 908 1675 per
931 1620 1025 1661 annu·
1068 1617 1115 1658 nas
1134 1603 1199 1661 atrii
1216 1604 1361 1675 argenteis
1379 1605 1525 1675 eiusmodi
1542 1607 1625 1678 gyris
1637 1606 1866 1664 ehuumdaban-

231 1685 278 1743 los
291 1687 331 1744 ed
349 1687 407 1746 hoo
422 1687 512 1746 dorso
526 1688 696 1746 tabularum
714 1688 829 1744 affixos.
844 1689 909 1744 Fuit
926 1692 1024 1744 aulem
1067 1688 1126 1744 tur.
1148 1689 1227 1743 Petet
1246 1704 1283 1743 ex
1303 1688 1437 1757 liebraeo;
1453 1693 1541 1762 atapue
1560 1691 1600 1746 sie
1616 1691 1696 1760 justa
1714 1696 1778 1748 erat
1797 1708 1866 1749 orn·

230 1768 279 1826 hic
300 1771 408 1841 vectis,
427 1775 547 1829 utrecte
565 1772 690 1828 advertit
710 1771 877 1839 abulensis,
896 1787 914 1827 a
935 1771 1024 1827 latere
1068 1769 1752 1844 niumproporti0,oumseiliceteolumnoeatrii
1761 1791 1866 1846 argen-

232 1852 411 1911 occidentali
429 1854 628 1926 tabernaculi,
646 1855 731 1928 quod
749 1853 867 1925 tegebat
887 1856 1024 1910 Sanctum
1068 1855 1122 1910 teis
1136 1853 1224 1926 spiris
1237 1858 1422 1920 ornarentur,
1437 1855 1620 1912 tabernaculi
1639 1857 1750 1928 eurels3
1767 1859 1864 1914 Saneb'

232 1940 403 1994 sanatorum
413 1954 421 1995 ι
433 1937 510 1996 illud
528 1937 608 1995 enim
627 1939 704 1996 latus
718 1938 816 1995 solum
830 1937 960 1994 habebat
973 1952 1025 1993 an·
1067 1941 1239 1994 sanctorum
1250 1952 1322 1994 vero
1338 1937 1455 2010 (utpote
1469 1937 1535 1994 dum
1548 1939 1661 1996 intimae
1675 1945 1704 1996 et
1721 1940 1865 1996 vicinissi

230 2021 334 2093 gulam
349 2022 464 2095 positus
482 2037 553 2094 ergo
570 2025 614 2079 est
630 2022 679 2079 hic
697 2019 802 2090 rectis,
816 2025 851 2077 ut
869 2019 969 2076 omnia
983 2019 1025 2075 la·
1068 2035 1125 2076 mse
1138 2022 1221 2076 eraut
1233 2019 1370 2093 oraculo)
1385 2020 1496 2088 aureis,
1515 2036 1579 2078 non
1592 2021 1697 2095 spiris,
1712 2023 1766 2079 sed
1780 2021 1866 2079 lami·

231 2108 293 2162 tera
315 2103 496 2164 tabernaculi
517 2107 632 2163 firmius
651 2105 740 2162 simul
763 2105 935 2176 astringeret
956 2101 1022 2158 sibi.
1068 2101 1115 2158 nis
1128 2104 1305 2172 tegerentur.

231 2189 322 2260 liujus
332 2191 421 2247 rectis
436 2189 570 2248 meminit
581 2194 609 2246 et
621 2189 777 2263 iosephus,
791 2188 844 2244 lib.
861 2190 904 2257 tlt,
919 2202 984 2259 cap.
993 2201 1022 2257 v,
1102 2185 1193 2255 Regia
1206 2184 1299 2242 biblia
1317 2185 1348 2241 in
1361 2184 1421 2243 fine
1434 2185 1545 2243 habent
1562 2185 1626 2246 hac
1639 2187 1746 2245 adfinia
1760 2190 1865 2262 capitis

231 2270 285 2329 ubi
307 2275 485 2330 enumeratis
513 2272 697 2331 tabernaculi
719 2271 869 2340 vectibus,
892 2270 932 2326 ait
951 2284 1025 2340 prae-
1066 2266 1181 2324 verba:
1198 2268 1303 2336 «Quas
1320 2271 1350 2324 et
1369 2271 1485 2341 operuit
1498 2285 1608 2327 auro.»
1627 2273 1737 2328 Verum
1749 2273 1809 2330 hoc
1820 2290 1866 2331 re-

231 2359 310 2414 torsa
332 2360 401 2430 post
426 2361 542 2429 tergum
565 2373 661 2416 unum
682 2355 772 2414 fuisse
797 2354 934 2413 ordinem
958 2368 1023 2410 vec·
1068 2349 1197 2421 dundat;
1220 2351 1417 2424 nequeenim
1437 2351 1524 2411 bases
1544 2353 1757 2414 columnarum
1775 2370 1867 2414 mee

230 2438 318 2513 dum,
329 2443 404 2514 puta
415 2441 469 2515 qut
486 2456 540 2514 per
554 2456 658 2500 omnes
670 2439 788 2498 tabulm
804 2439 875 2510 iret,
889 2452 951 2511 quo
969 2451 1024 2508 per
1068 2434 1216 2492 deamata
1226 2432 1367 2492 fuerumt
1381 2434 1497 2510 reliqua
1508 2435 1576 2495 vide
1585 2453 1650 2511 cap.
1664 2452 1747 2496 xxm.

528 2765 732 2873 CAPUT
773 2757 1176 2868 TRlGllSlMUM
1214 2755 1550 2863 SEPTIMUM.

842 2993 1047 3058 SYNOPSIS
1073 2991 1250 3055 CAPITIS.

231 3187 389 3245 feriemur
399 3201 474 3252 mcc,
486 3185 722 3258 propitiatorium,
736 3181 886 3240 tlbentbim.
900 3179 1031 3245 Smndc,
1043 3193 1113 3236 om.
1126 3179 1172 3245 lt),
1183 3190 1290 3244 masor
1304 3178 1408 3234 stom.
1419 3179 1465 3243 ll,
1477 3175 1686 3248 rardelabrronr
1698 3182 1806 3239 nom.
1816 3181 1865 3247 Ἀ,

646 3282 731 3337 attare
744 3279 944 3349 repetentes,
960 3292 991 3333 co
1002 3291 1053 3348 pro
1066 3291 1096 3332 eo
1110 3274 1259 3346 tirymt'emc
1270 3273 1446 3346 componitur.

275 3485 308 3552 l.
328 3483 418 3552 Fecit
431 3488 541 3550 autem
555 3476 698 3548 beseleel
712 3482 745 3544 et
756 3496 865 3544 aream
879 3473 920 3542 de
931 3473 1033 3560 lignis
1044 3473 1138 3540 selim
1146 3522 1156 3556 ,
1171 3470 1347 3539 habentem
1359 3469 1442 3538 duos
1454 3469 1553 3538 semis
1565 3469 1694 3539 cubitos
1705 3470 1744 3542 in
1755 3471 1863 3561 longi·

230 3591 358 3675 tudine,
373 3598 405 3657 et
418 3588 567 3656 cubitum
578 3607 616 3654 ao
628 3584 794 3652 semissem
807 3581 844 3649 in
857 3579 1031 3648 latitudine
1042 3605 1052 3665 ;
1068 3577 1208 3646 altitudo
1221 3597 1354 3666 quoque
1366 3574 1466 3643 unius
1478 3573 1581 3643 cubiti
1595 3575 1660 3644 fuit
1671 3583 1706 3644 et
1717 3577 1861 3662 dimidii,

229 3695 426 3784 vestivitque
438 3715 509 3761 eam
523 3712 606 3759 auro
618 3689 793 3779 purissimo
808 3686 899 3752 intus
911 3707 949 3752 ac
961 3684 1052 3753 foris.
1073 3684 1106 3751 2.
1122 3683 1163 3750 Et
1176 3681 1252 3750 feeit
1267 3681 1319 3748 illi
1330 3702 1484 3749 eoronam
1497 3702 1633 3748 auream
1645 3703 1705 3772 per
1717 3703 1858 3772 gyrum,

229 3803 263 3873 3.
278 3799 422 3869 conflans
434 3804 577 3890 quatuor
589 3793 731 3862 annulos
739 3813 855 3860 aureos
861 3812 919 3881 per
929 3797 1072 3880 quatuor
1081 3788 1221 3876 angulos
1230 3786 1301 3876 ejus
1314 3810 1321 3853 :
1334 3785 1416 3854 duos
1423 3787 1565 3854 annulos
1574 3784 1719 3854 inlatere
1733 3809 1817 3872 uno,
1829 3795 1862 3854 et

229 3908 312 3978 duos
320 3909 357 3975 in
370 3907 484 3974 altero.
499 3901 652 3972 l.Veetes
664 3921 797 3991 quoque
809 3898 886 3966 feeit
893 3898 933 3964 de
943 3895 1043 3983 lignis
1056 3895 1168 3978 setim,
1184 3915 1267 3984 quos
1279 3891 1411 3960 vestivit
1418 3913 1515 3973 auro,
1532 3891 1565 3958 5.
1581 3899 1613 3959 et
1625 3914 1710 3982 quos
1722 3892 1814 3960 misit
1826 3891 1862 3960 in
1995 3947 1996 3956 ,

229 4014 387 4099 annulos,
402 4011 461 4102 qui
475 4015 568 4078 erant
581 4007 616 4073 in
630 4005 788 4072 lateribus
800 4025 884 4071 areae
894 4001 935 4070 ad
945 3999 1142 4092 portandum
1156 4021 1240 4066 eam.
1255 3997 1288 4064 6.
1300 3996 1391 4064 Fecit
1402 4003 1435 4064 et
1447 3997 1730 4087 propitiatorium,
1744 3994 1781 4065 id
1793 4004 1860 4084 est,
1986 3977 1995 4106 1

229 4119 417 4202 oraculum,
433 4116 473 4184 de
486 4135 568 4182 auro
580 4110 812 4192 mundissimo,
828 4109 972 4176 duorum
986 4105 1173 4173 cubitorum
1186 4111 1218 4170 et
1231 4101 1361 4171 dimidii
1372 4101 1407 4169 in
1419 4101 1646 4189 longitudine,
1661 4110 1695 4169 et
1706 4103 1813 4170 cubiti
1824 4125 1862 4170 ac
1993 4109 1995 4170 l

228 4227 326 4296 semis
338 4225 375 4292 in
387 4220 583 4302 latitudine3
599 4219 632 4283 7.
648 4215 732 4284 duos
745 4214 844 4282 etiam
858 4212 1038 4279 Cherubim
1048 4235 1087 4278 ex
1098 4230 1178 4276 auro
1191 4206 1326 4293 ductili,
1340 4228 1424 4296 quos
1437 4207 1546 4297 posuit
1558 4229 1600 4274 ex
1612 4214 1756 4298 utraque
1769 4218 1863 4299 parte
1992 4211 1994 4256 l

194 4337 196 4342 '
228 4327 446 4422 propitiatorii
462 4349 471 4393 ι
493 4325 526 4391 8.
546 4320 678 4391 Cherub
691 4342 797 4387 unum
811 4319 849 4385 in
862 4318 1050 4386 summitate
1062 4316 1163 4383 unius
1182 4312 1300 4404 partis,
1319 4319 1352 4380 et
1368 4311 1500 4380 Cherub
1516 4312 1658 4381 alterum
1671 4312 1709 4380 in
1722 4314 1865 4382 summi-
1992 4259 1994 4396 i

228 4445 294 4504 tate
307 4433 408 4525 partis
422 4429 581 4498 alterius:
602 4425 685 4494 duos
697 4423 875 4493 Cherubim
891 4423 926 4489 in
940 4421 1080 4509 singulis
1093 4418 1338 4488 summitatibus
1350 4416 1583 4510 propitiatorii,
1599 4419 1633 4487 9.
1649 4419 1865 4488 extendentes
1991 4427 1994 4572 1

227 4541 313 4626 alas,
335 4545 368 4607 et
385 4542 530 4626 tegentes
548 4531 830 4623 propitiatorium,
852 4551 951 4619 seque
972 4535 1090 4596 mutuo
1103 4534 1136 4594 et
1148 4525 1232 4594 illud
1247 4522 1464 4614 respicientes.
1488 4524 1542 4594 le.
1563 4524 1655 4593 Fecit
1666 4534 1700 4593 et
1712 4548 1864 4595 mensam

227 4648 268 4717 de
282 4645 382 4735 lignis
395 4641 489 4711 setim
501 4640 537 4706 in
549 4636 757 4726 longitudine
771 4635 914 4703 duorum
928 4633 1128 4716 cubitorum,
1144 4639 1176 4698 et
1189 4631 1226 4697 in
1238 4628 1413 4698 latitudine
1426 4631 1528 4698 unius
1540 4630 1656 4716 cubiti,
1669 4654 1749 4722 quae
1762 4631 1866 4700 habe·

226 4753 332 4821 hetin
344 4747 518 4818 altitudine
531 4742 680 4812 subitum
694 4763 732 4808 ae
745 4739 911 4807 semissem
924 4765 933 4824 ;
952 4738 1004 4805 ll.
1016 4736 1295 4826 circumdeditque
1309 4757 1381 4804 eem
1394 4758 1477 4804 auro
1489 4736 1725 4823 mundissime,
1740 4743 1775 4805 et
1787 4735 1866 4805 iecit

226 4859 278 4930 illi
291 4858 418 4926 labium
431 4873 570 4923 aureum
583 4870 641 4940 per
660 4868 798 4937 gyrum,
822 4846 875 4912 12.
898 4845 1027 4935 ipsique
1046 4843 1134 4912 labio
1151 4864 1307 4910 eoronam
1326 4863 1460 4910 auream
1478 4840 1697 4910 interrasilem
1716 4850 1865 4934 quatuor

226 4965 424 5055 digitorum,
445 4967 478 5028 et
497 4978 596 5048 super
614 4954 778 5038 eamdem,
800 4952 937 5019 alteram
957 4972 1111 5018 coronam
1133 4970 1278 5018 auream.
1306 4946 1359 5015 13.
1381 4945 1482 5014 Fudit
1503 4955 1535 5014 et
1554 4955 1698 5038 quatuor
1720 4947 1864 5016 circulos

227 5091 359 5155 aureos,
380 5087 464 5158 quos
477 5062 588 5156 posuit
603 5061 640 5128 in
658 5065 802 5152 quatmr
817 5057 949 5146 angulis
968 5079 1027 5148 per
1049 5053 1198 5144 singulos
1215 5054 1314 5146 pedes
1334 5073 1455 5120 mensae
1472 5053 1528 5121 ll.
1548 5060 1662 5122 contm
1679 5074 1863 5139 eoronam;

226 5171 426 5265 misitquein
435 5174 619 5252 eosvectes,
634 5172 674 5233 ut
685 5163 787 5257 possit
799 5185 912 5232 mensa
920 5161 1057 5254 portari.
1074 5161 1128 5231 15.
1142 5158 1234 5252 Ipsos
1240 5166 1489 5252 quoqueveetes
1497 5159 1574 5228 iecit
1584 5158 1626 5228 de
1634 5158 1737 5248 lignis
1747 5159 1862 5245 setim,

227 5288 260 5353 et
271 5275 483 5358 circumdedit
499 5295 555 5353 eos
572 5294 672 5361 auro,
694 5270 748 5340 le.
770 5277 803 5338 et
815 5292 893 5340 vasa
911 5271 951 5339 ed
965 5272 1110 5342 diversos
1127 5289 1206 5339 usus
1224 5287 1361 5355 mensae,
1377 5263 1557 5354 acetabula,
1578 5262 1722 5356 phialas,
1737 5271 1772 5334 et
1787 5287 1864 5354 eya·
