4020 6026
178 423 183 434 ,
258 365 315 426 law

261 471 358 530 realia
370 467 534 528 secandam
547 479 632 524 suem
645 465 792 542 spectem,
801 465 971 539 lomentum
985 465 1053 541 (aei
1096 466 1289 525 ostendam
1306 465 1414 525 nostris
1425 463 1512 524 h'orta
1528 479 1590 524 non
1606 482 1670 524 esee
1684 469 1864 528 contradam
1872 489 1883 546 ς

261 559 360 615 maures
372 559 540 618 animantes,
554 550 602 608 vel
615 551 749 606 animalia
762 548 934 620 terbtaora),
945 553 975 604 et
987 565 1053 623 rep·
1097 551 1246 624 quidquid
1262 553 1361 606 autem
1372 549 1422 606 alii
1437 550 1468 605 in
1481 548 1542 606 suis
1555 550 1756 608 voluminibus
1769 559 1884 611 conha-

260 636 326 712 tlte,
338 645 367 697 et
380 637 471 696 teram
484 641 568 694 terrm
580 633 745 692 secundum
762 648 849 691 suam
864 631 1004 709 speeiem.
1020 635 1053 689 Et
1095 634 1175 690 rium
1192 635 1281 690 sacris
1298 633 1399 690 litteris
1414 634 1532 703 docent,
1549 634 1613 692 sine
1627 635 1689 692 ulla
1703 636 1883 696 dubitatione

259 721 302 782 ite
314 722 378 781 tuit.
1096 717 1490 774 credamusidlulsissimum
1498 720 1884 796 essesequomouopossu-
1972 759 1976 768 ·

293 807 340 864 25.
356 807 389 862 Et
401 799 468 863 tecit
484 801 559 862 ilaue
575 799 670 862 terem
687 805 772 860 terrae
784 799 870 872 juxte
886 813 972 860 suem
988 815 1054 876 ape-
1097 815 1179 872 mus,
1193 801 1281 860 eliam
1300 801 1509 872 ostendemum
1524 805 1612 876 etque
1628 801 1668 863 ita
1686 805 1836 863 teneamus
1849 808 1884 866 ll·

260 889 346 960 elem‚
360 893 389 947 et
398 891 567 961 iumentum
577 885 663 958 juxte
675 885 910 957 suamspcciem,
921 885 951 940 ct
963 897 1053 942 omne
1097 883 1166 942 dem
1181 885 1296 944 Domini
1313 885 1422 956 nostri,
1435 883 1467 942 in
1486 899 1548 958 quo
1563 888 1632 942 eant
1644 885 1807 946 absconditi
1820 907 1884 948 om-

258 973 362 1049 eeptile
376 977 459 1032 terrae
474 971 560 1045 iuxta
578 983 665 1027 suam
682 967 821 1042 speeiem.
834 969 869 1025 lit
886 967 960 1025 sidit
976 968 1052 1025 heus
1096 983 1150 1026 nes
1169 969 1299 1027 thesauri
1317 968 1733 1044 sapientie,utneqarela1se
1753 972 1883 1046 philoso-

259 1055 595 1134 quod(esset)honum.
1095 1054 1175 1130 phiec
1186 1055 1363 1132 loquacitate
1376 1055 1563 1124 seducamur,
1577 1071 1674 1130 neque
1686 1058 1882 1119 simulatam·

292 1141 340 1200 2⁰.
355 1142 389 1198 at
400 1139 476 1198 dixit
486 1140 563 1198 liene
577 1155 585 1194 :
600 1134 753 1194 Faciamus
764 1133 917 1194 hominem
933 1133 973 1192 nd
984 1149 1053 1192 uos·
1095 1133 1215 1211 ligionis
1231 1139 1437 1214 superstitione
1455 1142 1659 1210 arcemur„
1678 1140 1755 1200 libro
1774 1146 1800 1214 l,
1814 1161 1880 1220 cap.

259 1231 336 1285 ham
345 1223 540 1297 'imaginem,·
552 1220 718 1279 seeundum
738 1217 962 1276 similitudinem
984 1233 1053 1275 nos-
1097 1235 1156 1278 nr.
1173 1221 1457 1295 «scamnellarius,
1471 1222 1625 1294 quomodo
1636 1238 1697 1280 non
1710 1229 1754 1282 est
1766 1233 1882 1286 eontra·

259 1315 351 1378 mm,
373 1315 402 1368 et
421 1307 592 1367 dominetur
612 1301 745 1378 pleoihne
766 1301 872 1372 marie,
892 1305 922 1358 ot
939 1299 1053 1358 volatili
1095 1303 1417 1381 rtomiiequltlgurem
1429 1305 1787 1382 mammaemammal,
1798 1315 1882 1385 quod

260 1394 337 1466 caeli,
346 1398 376 1452 et
385 1389 574 1468 quadrupedi
583 1393 679 1458 terrm,
692 1390 721 1444 el
731 1386 814 1444 omni
826 1385 1052 1454 terrae‚etomni
1096 1387 1238 1463 seriptum
1253 1394 1297 1446 est
1309 1391 1341 1446 iu
1353 1387 1437 1446 libris
1450 1389 1557 1446 nostris
1567 1406 1577 1446 s
1589 1390 1644 1457 Qui
1656 1393 1778 1450 eeteadit
1791 1399 1883 1454 cotum

260 1477 357 1552 reptili
369 1478 589 1551 superterram.
1094 1474 1166 1530 aieret
1183 1475 1299 1544 pellent
1316 1472 1356 1530 Sit
1375 1487 1445 1530 sane
1459 1473 1690 1545 contrarium,si
1712 1474 1818 1535 laisum
1840 1489 1883 1540 ese

294 1563 341 1620 27.
364 1562 398 1618 Et
420 1556 529 1617 creavit
551 1558 628 1614 lleua
652 1548 806 1611 hominem
829 1549 871 1610 ad
891 1550 1051 1624 imaginem
1095 1553 1180 1629 quod
1195 1553 1239 1611 illi
1254 1553 1354 1614 ilicrmt
1366 1573 1374 1612 a
1387 1555 1446 1614 hoo
1458 1556 1538 1614 enim
1555 1571 1659 1614 aarum
1676 1563 1720 1616 est
1738 1563 1822 1634 quod
1836 1563 1883 1622 di.
1955 1549 1961 1562 '

260 1663 360 1714 sunm,
372 1644 413 1704 ad
427 1640 586 1714 imaginem
599 1637 649 1696 liei
663 1653 734 1696 eum
749 1634 872 1707 creavit,
884 1634 1051 1694 masculum
1095 1639 1165 1696 vina
1179 1638 1248 1696 dicit
1261 1640 1416 1697 auctoritas
1429 1640 1529 1714 potius
1542 1655 1634 1714 quam
1645 1640 1721 1700 illud
1733 1645 1816 1717 quod
1827 1647 1885 1706 hu·

261 1734 290 1789 et
300 1729 453 1788 feminam.
1095 1733 1186 1780 mane
1201 1723 1355 1781 infirmitas
1375 1724 1510 1796 conjicit;
1525 1723 1579 1782 sed
1597 1724 1622 1781 si
1639 1723 1713 1782 torte
1727 1727 1801 1786 illud
1817 1732 1883 1790 tali-

294 1814 342 1872 28.
356 1812 389 1869 Et
406 1807 558 1868 benedixit
571 1805 629 1865 illis
647 1807 738 1874 heus,
752 1806 781 1860 et
796 1801 869 1860 dixit
879 1801 937 1859 illis
950 1803 1026 1860 lleus
1042 1820 1050 1858 ε
1095 1803 1153 1863 hus
1166 1806 1209 1864 illi
1223 1807 1408 1865 documentis
1426 1806 1554 1881 probare
1567 1807 1732 1880 potuerint,
1745 1815 1779 1870 ut
1795 1813 1883 1874 duhi·

261 1901 397 1972 gancrate
409 1894 504 1959 filios.
517 1896 547 1950 et
558 1886 813 1962 multiplicamini,
827 1889 856 1943 cl
871 1883 980 1960 replete
995 1888 1053 1942 ter·
1095 1890 1150 1948 tari
1169 1890 1239 1948 inde
1256 1905 1318 1947 non
1332 1889 1454 1962 debeat,
1468 1891 1731 1950 demonstrandum
1750 1899 1809 1967 est,
1823 1898 1882 1957 hoe

261 1996 343 2053 ram,
361 1985 390 2039 et
405 1977 539 2050 subjicite
558 1987 644 2043 cam,
658 1976 687 2030 et
706 1969 901 2029 dominamini
920 1968 1052 2041 piscibus
1095 1975 1179 2048 quod
1193 1976 1275 2048 apud
1287 1977 1406 2033 Nostros
1418 1981 1461 2034 est
1475 1975 1512 2033 de
1526 1975 1603 2049 pelle
1619 1975 1747 2049 dictum,
1759 1980 1837 2038 reris
1849 1982 1885 2040 11.

261 2065 370 2135 marie,
387 2067 416 2121 et
433 2059 545 2118 volatili
563 2054 646 2128 omli,
663 2057 692 2112 et
710 2053 854 2112 universae
868 2052 969 2110 bestiae
987 2067 1052 2110 mo·
1095 2057 1307 2116 lineationibus
1321 2074 1454 2119 narrasse
1467 2059 1687 2131 contrarium»
1701 2059 1754 2119 lib.
1769 2063 1802 2135 ll,
1815 2079 1882 2140 cap.

260 2149 340 2207 venti
354 2163 385 2205 se
396 2147 613 2219 superterram.
1095 2156 1135 2200 m.
1155 2143 1225 2199 Vide
1237 2147 1266 2200 ct
1279 2143 1332 2201 lih.
1349 2145 1371 2215 l,
1389 2160 1454 2218 cap.
1469 2159 1534 2214 xus,
1549 2146 1600 2215 ¹⁰3
1613 2143 1666 2201 lib.
1679 2145 1712 2215 ll,
1723 2161 1811 2220 prop.
1828 2149 1881 2207 tin.

201 2295 205 2306 ‚
296 2233 342 2290 lt.
358 2233 391 2288 Et
404 2227 479 2286 dixit
488 2229 563 2284 heus
573 2240 582 2280 a
592 2224 663 2280 licea
673 2221 742 2280 dedi
752 2219 841 2278 vohis
852 2229 973 2279 omnem
985 2219 1053 2276 her·
1096 2225 1302 2284 stmtaahaber
1314 2242 1376 2285 non
1387 2241 1450 2286 uno
1461 2228 1493 2286 in
1506 2226 1575 2286 1000
1587 2228 1616 2286 s,
1627 2227 1752 2288 mom
1762 2231 1811 2305 (l).

261 2317 333 2376 hem
344 2310 559 2388 producentem
572 2319 688 2375 manen,
701 2319 769 2378 qua
781 2301 842 2378 (est)
857 2302 887 2359 in
898 2301 1052 2376 superficie
1130 2307 1175 2368 lll.
1199 2309 1232 2367 ln
1260 2310 1349 2384 hujus
1378 2309 1480 2384 eapitis
1506 2309 1689 2384 expositione
1714 2316 1883 2390 precipua,

261 2400 520 2464 universatem,
534 2394 563 2448 et
575 2403 697 2447 omnem
710 2387 847 2446 arborem
862 2385 893 2442 in
907 2401 969 2460 qua
981 2385 1051 2460 (eet)
1095 2406 1180 2451 mooe
1187 2407 1296 2466 scopus
1305 2397 1360 2465 eet,
1369 2396 1404 2452 ut
1416 2394 1625 2465 demonstrem,
1639 2394 1754 2454 nullam
1763 2399 1884 2460 escien-

261 2482 374 2542 iructus
392 2475 509 2536 arboris
531 2472 685 2532 confinem
707 2484 824 2539 umen,
836 2467 923 2528 vohis
945 2468 1000 2528 erit
1020 2469 1052 2527 in
1094 2473 1142 2532 tiis
1161 2475 1345 2554 naturalibus
1366 2479 1469 2536 eontra
1487 2477 1575 2536 loeis
1595 2478 1794 2540 narrationem
1813 2482 1885 2547 soll-

262 2579 370 2626 oeeam.
1096 2555 1166 2618 dem
1177 2559 1372 2633 objectionem
1385 2573 1575 2634 consurgere,
1589 2561 1723 2635 quinimo
1735 2579 1884 2638 sperome

298 2651 344 2709 30.
357 2651 392 2706 lit
404 2645 487 2705 ornei
499 2642 601 2702 herile
611 2643 746 2712 terrem
757 2639 840 2697 omni
852 2637 963 2698 volatili
974 2637 1051 2712 eoeli,
1096 2644 1299 2715 ostensurum,
1317 2643 1455 2719 quadam
1472 2659 1492 2702 a
1510 2645 1588 2704 llose
1605 2649 1738 2718 narrata,
1749 2655 1884 2716 accurate

264 2733 384 2794 atomai
397 2727 510 2804 repenti
523 2731 731 2800 superterram
745 2723 777 2780 in
789 2737 851 2796 quo
864 2722 939 2797 (eet)
953 2722 1053 2781 anima
1095 2725 1419 2786 maerensmaerens
1436 2741 1617 2799 congruere,
1631 2733 1660 2788 et
1678 2730 1812 2790 venimus
1828 2750 1884 2808 par

264 2820 379 2881 diens,
392 2813 489 2872 omnis
503 2809 596 2870 herba
608 2809 707 2867 virens
719 2809 752 2866 in
765 2823 873 2866 escam.
888 2809 922 2866 lit
933 2807 974 2866 ita
986 2805 1050 2866 luit.
1096 2809 1190 2868 multa
1208 2811 1315 2868 aaeule
1328 2815 1397 2885 post
1412 2803 1511 2868 lloeen
1527 2811 1699 2870 hominihus
1715 2813 1885 2892 ignoratas,

300 2904 345 2960 al.
366 2901 399 2958 Et
415 2896 489 2956 vidit
508 2897 583 2954 Deus
596 2909 685 2952 omne
702 2891 785 2969 qnod
804 2889 926 2962 iecerat,
939 2895 970 2949 et
986 2907 1052 2952 ecoe
1095 2890 1225 2950 indidere
1239 2910 1248 2950 r
1261 2896 1295 2951 ut
1304 2908 1366 2952 aon
1380 2892 1532 2952 infirmum
1541 2895 1612 2954 inde
1621 2910 1677 2968 pne
1690 2896 1791 2958 divine
1803 2901 1884 2965 illius

266 2973 1050 3065 (eritlhonumadde-Etluitreeperaoetiuitmene,
1095 2975 1407 3036 historimrmelatione
1415 2981 1621 3051 argumentum
1629 2985 1774 3054 exsurgat
1785 2985 1885 3048 uthoe

266 3071 449 3132 atumem.
1096 3061 1253 3120 oommodc
1268 3060 1415 3132 flat‚aate
1433 3060 1534 3120 omnia
1553 3061 1884 3130 tollendamdemedio

1095 3147 1170 3219 puto
1181 3141 1393 3216 difficultatem,
1404 3159 1472 3218 qum
1484 3143 1562 3204 ultro
1572 3160 1636 3204 sese
1649 3145 1745 3220 otlert,
1754 3165 1884 3227 qumque

351 3265 392 3318 π
406 3259 628 3314 mmmm
642 3255 768 3310 mmm
781 3255 963 3308 mmm,
1097 3232 1231 3287 nostrum
1243 3229 1487 3287 commentarium
1499 3228 1639 3290 turbaret.

1131 3311 1330 3383 chronologia
1344 3311 1475 3372 masmae
1489 3313 1603 3387 opponi
1615 3312 1731 3374 viderur
1739 3315 1884 3380 domnine

301 3406 335 3462 ll.
348 3407 513 3476 Antequam
522 3399 666 3457 adtentus
676 3396 889 3472 expositionem
901 3396 1052 3468 accedam,
1097 3394 1292 3452 recentiorum
1307 3394 1503 3468 geologorum
1516 3395 1617 3454 multis
1629 3401 1659 3456 et
1672 3401 1810 3460 accuratis
1823 3403 1885 3464 oh·

266 3486 412 3546 nonnullo
420 3479 622 3558 promerende
630 3479 814 3538 existimollt
822 3478 919 3552 primo
927 3477 1053 3538 aeleram
1097 3476 1311 3536 aemationihua
1334 3477 1477 3550 eutlirlta3
1500 3495 1571 3540 nam
1594 3482 1735 3555 temporis
1758 3483 1884 3546 interce·

266 3567 525 3646 prudeatiasimam
537 3561 709 3621 sententium
726 3563 758 3618 Ρ.
775 3559 879 3619 Perarii
896 3561 924 3620 S.
943 3563 979 3632 l..
1000 3561 1054 3636 qui
1097 3559 1374 3634 pedo,quaminter
1386 3561 1491 3620 mundi
1504 3562 1680 3622 creationem
1692 3567 1883 3633 etconditum

267 3651 402 3713 Genesim
418 3650 513 3707 doctis
526 3661 596 3706 eoae
613 3649 642 3702 et
658 3644 828 3714 laboriosis,
842 3647 950 3717 atque,
964 3647 999 3702 ut
1018 3659 1053 3704 ea
1097 3645 1249 3704 hominem
1260 3646 1307 3704 isti
1320 3651 1437 3721 ponunt
1449 3647 1668 3720 longissimam,
1679 3651 1881 3712 nimiaellose

266 3737 400 3796 terebant
412 3739 557 3805 tempora,
570 3727 690 3804 optimis
702 3726 918 3786 commentariis
929 3725 1053 3786 illustra·
1096 3728 1213 3787 videtur
1225 3729 1368 3787 contrahi.

267 3821 328 3878 rit:
345 3813 447 3874 alliud
460 3813 613 3885 diligenter
627 3809 809 3879 carendum,
823 3812 852 3866 et
867 3809 991 3868 omnino
1006 3807 1053 3868 tu·
1132 3811 1338 3872 Animadverte
1352 3813 1673 3888 inprimis,dootioree
1688 3819 1883 3895 modoproti·
1973 3808 1980 3818 ’

268 3903 410 3980 giendum
431 3904 493 3968 ost,
512 3912 550 3955 ne
571 3897 603 3954 in
623 3895 774 3954 tractanda
794 3893 880 3953 llosia
903 3893 1054 3967 doctrina,
1097 3895 1168 3965 teri,
1181 3912 1242 3954 non
1256 3897 1344 3968 oliam
1358 3911 1377 3955 e
1389 3898 1464 3956 ltoso
1477 3912 1579 3957 veram
1598 3903 1627 3957 et
1642 3902 1884 3976 propriedictam

268 3988 434 4064 quidquam
448 3980 621 4040 affirmative
634 3983 663 4037 et
680 3981 877 4036 asseveranter
893 3977 1053 4036 sentiamus
1097 3979 1319 4050 chronologiam
1328 3981 1468 4053 proponi,
1479 3986 1667 4055 praeteream,
1674 3985 1811 4058 quasola
1819 4003 1882 4049 non

268 4075 297 4130 et
308 4071 451 4139 dicemus,
463 4064 547 4139 quod
555 4066 698 4136 repugnet
707 4059 866 4119 manifestis
873 4061 1055 4135 experimen·
1097 4065 1182 4139 parri
1192 4065 1334 4124 momenti
1350 4069 1407 4136 eet,
1420 4081 1547 4141 quaque
1569 4067 1609 4126 ad
1621 4071 1728 4126 terrem
1742 4086 1883 4146 supremo

267 4156 306 4214 tie
318 4149 521 4212 atrotioribus
541 4144 736 4221 philosophiae
753 4143 802 4202 rel
820 4143 945 4204 aliarum
966 4144 1054 4204 dieci-
1095 4147 1158 4220 jaur
1171 4163 1259 4222 opere
1271 4147 1441 4220 perlectam,
1449 4149 1582 4223 adeoque
1596 4149 1636 4210 ed
1650 4151 1784 4212 homines
1794 4159 1884 4229 perti-

267 4240 427 4314 plinarum.
441 4237 528 4303 Nam,
547 4247 616 4290 eum
633 4245 737 4289 verum
752 4243 840 4288 omne
856 4243 971 4304 semper
984 4243 1053 4288 eum
1098 4235 1218 4302 net3ueo
1228 4235 1392 4290 accuratam
1402 4231 1625 4305 chronologiam
1635 4234 1884 4310 belluarumstin·

268 4341 339 4384 vero
353 4324 505 4393 congruat,
518 4334 579 4377 non
594 4321 689 4391 potest
701 4316 806 4374 veritas
819 4331 969 4374 sacrarum
980 4316 1053 4376 litte·
1097 4317 1197 4390 pium,
1212 4319 1264 4373 aut
1279 4314 1427 4374 montium
1446 4315 1581 4374 divinum
1597 4319 1769 4392 scriptorem
1784 4327 1883 4384 texere

268 4423 369 4468 rerum
382 4408 458 4466 veris
475 4403 639 4462 rationibus
655 4406 685 4460 et
696 4400 899 4474 experimentis
910 4400 1054 4459 humane·
1095 4399 1233 4458 voluisse.

268 4507 337 4568 rum
351 4489 549 4548 doctrinarum
568 4499 630 4543 csse
644 4484 828 4542 contraria.»
847 4483 978 4556 idipsum
996 4489 1054 4544 Au·
1134 4481 1241 4540 Deinde
1253 4481 1466 4553 animadverto,
1481 4483 1632 4558 duplicem
1644 4500 1707 4544 ease
1720 4487 1799 4547 viam
1811 4490 1884 4553 huie

174 4605 178 4615 ·
269 4578 403 4650 gostinus
417 4575 555 4630 docuerat
567 4570 613 4626 his
625 4567 743 4626 verbis:
760 4567 811 4624 asi
824 4566 983 4625 manifeste
994 4583 1054 4626 oer-
1098 4568 1127 4624 el
1147 4565 1293 4626 similibus
1315 4563 1536 4624 dificultatlhus
1559 4566 1763 4630 satisfaciendi.
1786 4573 1884 4636 Prima

270 4667 365 4736 taque
378 4657 484 4716 rationi
492 4656 572 4712 velut
583 4667 732 4712 sacrarum
740 4652 903 4708 litterarum
917 4651 1054 4723 objicitur
1098 4652 1189 4720 esset,
1208 4663 1315 4720 negare
1334 4649 1510 4722 positionem
1530 4651 1741 4727 geologorum,
1756 4671 1883 4732 eamque

270 4743 427 4802 auctoritas
437 4777 447 4810 ‚
462 4753 524 4796 non
543 4736 676 4808 intelligit
696 4735 749 4809 qui
768 4735 825 4793 hoe
844 4732 925 4802 lacit,
945 4740 974 4792 et
992 4749 1054 4794 non
1097 4729 1202 4790 taleam
1215 4735 1266 4788 aut
1278 4731 1380 4788 sallem
1393 4747 1500 4804 parum
1513 4733 1698 4806 prohabilem
1711 4739 1882 4812 ostendam

270 4827 423 4900 Scriptura
440 4837 558 4878 sensum
579 4820 631 4894 (ad
651 4833 741 4891 quem
755 4821 906 4890 penetrare
920 4832 982 4874 non
999 4832 1054 4890 po·
1098 4829 1189 4887 quam
1209 4813 1289 4871 viam
1310 4829 1372 4871 non
1392 4815 1480 4888 pauci
1498 4815 1642 4888 inierunt,
1661 4819 1713 4876 sed
1736 4821 1831 4892 exitu,
1849 4829 1885 4886 ut

270 4911 346 4981 tuit),
356 4908 409 4966 sed
418 4919 505 4964 suum
516 4904 613 4976 potius
622 4902 722 4974 objicit
731 4899 920 4971 veritati-„nce
928 4900 960 4958 id
970 4901 1054 4971 quod
1098 4903 1190 4971 puto,
1203 4913 1264 4954 noa
1276 4897 1363 4956 valde
1375 4898 1461 4956 telici.
1473 4897 1658 4958 Diiticultates
1671 4903 1749 4961 enim
1763 4905 1884 4964 validis-

271 4995 303 5053 in
316 5010 366 5062 ea,
381 4990 433 5048 sed
450 4988 482 5046 id
495 4986 578 5060 quod
591 4987 622 5042 in
637 5002 667 5044 se
681 4985 744 5058 ipae
760 4984 841 5042 velut
858 4999 913 5057 pro
927 4997 963 5042 aa
975 4985 1055 5044 inre·
1099 4981 1180 5064 simae
1193 4989 1380 5040 occurrerunt
1393 4997 1477 5056 qum,
1493 4999 1554 5042 nou
1568 4984 1599 5042 in
1611 4983 1766 5059 hypothesi
1780 4991 1884 5064 alique

270 5077 325 5147 nit,
335 5073 491 5149 opponit»
507 5071 590 5145 epist.
601 5071 664 5126 8ad
677 5071 828 5126 llarcellin.
841 5067 926 5126 Plura
937 5067 968 5126 ia
977 5083 1055 5127 earn·
1099 5069 1149 5120 aul
1166 5067 1337 5136 systemate,
1352 5064 1448 5121 sedin
1464 5065 1562 5138 lactis,
1574 5071 1602 5124 at
1614 5070 1757 5144 copiosis,
1774 5073 1802 5130 et
1815 5073 1884 5132 dili·

272 5161 342 5220 dem
357 5156 527 5216 mutantium
541 5153 630 5214 habet
644 5154 675 5210 in
687 5153 771 5212 libris
783 5155 822 5212 aa
837 5152 929 5212 fimes.
942 5153 980 5210 etl
996 5155 1054 5215 litt.
1098 5153 1199 5223 genter
1212 5147 1388 5218 observatis,
1400 5147 1570 5210 fundantur.
1585 5153 1723 5212 Praeterea
1736 5160 1884 5230 oporteret

272 5245 367 5301 Unum
384 5244 435 5299 aut
454 5240 578 5298 alierum
598 5236 730 5296 atteram
754 5239 840 5297 allos
856 5236 1056 5300 indubitanter
1099 5229 1192 5294 motta
1202 5230 1380 5307 depretiata
1390 5231 1517 5292 amentiis
1528 5238 1558 5294 et
1568 5235 1730 5310 presertim
1742 5237 1884 5300 delato·

272 5323 431 5384 tenendum
439 5326 493 5394 est,
502 5325 535 5380 ut
543 5319 691 5401 quidquid
700 5319 844 5398 sapientes
852 5319 1054 5397 hujusmundi
1237 5295 1245 5325 ³

274 5407 421 5469 dn'ratius
432 5421 532 5469 rerum
540 5405 679 5466 versarer
688 5404 886 5464 demonstrare
894 5405 1053 5484 potuerint,
1130 5411 1867 5493 terminare-,auareutttlaeepetomm
