4134 6056
227 342 230 348 ·
258 325 313 380 tet
769 319 1012 380 cumulenta
1029 323 1064 380 ΙΝ
1080 321 1242 391 uultum,
1259 329 1322 380 dtr.
1340 325 1374 380 V.

258 425 1048 496 tunt,ttospeceotttaoooureucmeullomtnt.llehrecum
1091 426 1136 484 ria
1149 425 1271 498 diluvii,
1288 429 1318 484 et
1333 429 1423 485 tante
1440 428 1578 488 vindictae
1600 432 1666 502 llet,
1686 436 1885 512 nonimpcdl·

259 509 338 567 enim
349 487 432 571 ι711111
455 509 566 573 liuclrot,
580 523 643 564 non
655 511 771 565 tantum
794 509 938 582 incipere,
953 511 1049 568 sedet
1090 507 1133 566 rit
1145 509 1219 582 quin
1233 512 1262 566 et
1275 523 1346 567 mox
1359 517 1525 584 surreperet
1535 512 1713 573 idololatria.
1723 518 1803 575 Unde
1816 523 1883 578 lor·

259 606 375 665 sperare
388 588 546 661 significat,
554 603 579 646 -a
591 587 689 646 radice
705 570 761 653 irc
774 593 874 659 tachet3
884 596 913 648 et
926 607 994 664 spes
1006 596 1050 652 est
1091 591 1199 649 niellus
1211 595 1240 649 et
1252 591 1303 648 elii
1323 595 1444 665 putant,
1465 593 1553 652 etiem
1568 598 1633 652 tum
1655 595 1746 656 tuisse
1759 600 1885 662 idolola-

258 688 346 732 ocusa
357 670 561 728 invocationis.
586 672 743 745 Perperam
766 671 892 730 Rubbini
918 677 1048 746 vertunt,
1090 674 1177 732 triam
1191 674 1223 731 iu
1234 672 1300 730 eliis
1314 673 1384 731 Adae
1396 672 1517 732 familiis
1533 694 1542 732 z
1557 677 1685 752 ideoque
1698 683 1776 741 Enos
1789 684 1816 742 ei
1827 701 1884 760 op·

258 759 322 812 tuuc
334 756 483 825 profanato
495 759 535 810 est
548 756 684 810 invocatio
696 757 813 812 comicis
828 757 950 823 Domini,
963 757 1048 832 quusi
1091 755 1226 828 posuisse
1252 754 1409 829 publicum
1433 758 1522 815 unius
1548 760 1599 818 llei
1628 763 1757 836 cultum,
1784 767 1883 842 iteque

256 843 389 909 tempore
401 837 479 892 Enos
491 835 610 908 coeperit
624 834 888 908 idololatrie31ioct
901 839 980 896 enim
996 841 1048 897 tu-
1090 838 1118 896 S.
1133 837 1266 896 Ecclesiae
1279 837 1425 895 visibilem
1438 838 1566 900 formem
1578 843 1746 905 instituisse.

257 899 552 988 escendimus,
561 917 705 990 significet
713 919 882 993 profanare,
892 921 941 979 hio
949 927 1048 981 tamen
1126 920 1610 984 nonni-neuruoeestnomen
1623 931 1883 1002 tetragrammaton

256 1019 319 1062 non
337 1019 355 1060 a
372 1002 446 1074 chol,
460 1002 513 1059 sed
524 1018 542 1060 a
553 980 618 1066 Stil!
632 1003 721 1060 cholet
741 1003 907 1076 descendit,
920 1007 1004 1081 quod
1017 1007 1049 1064 in
1090 1005 1188 1062 leliouc
1195 1005 1242 1078 (t).
1253 1005 1334 1063 Unde
1342 1007 1499 1079 nuperius,
1508 1009 1660 1080 cajetanus
1669 1017 1697 1068 et
1705 1013 1756 1070 alii
1766 1020 1882 1091 putant,

257 1089 346 1160 tepuu
359 1086 450 1146 habet
461 1067 541 1150 ‘etun
554 1087 656 1152 uectat,
671 1085 875 1162 significatque
888 1090 992 1164 eoepit,
1004 1089 1049 1147 iu·
1090 1086 1147 1145 hoo
1160 1101 1271 1144 nomen
1284 1087 1353 1146 lde
1367 1091 1396 1145 et
1408 1092 1486 1148 Enos
1498 1088 1587 1150 tuisse
1598 1093 1774 1166 revelatum,
1788 1098 1881 1171 ipsos·

256 1169 344 1243 coepit
359 1187 367 1225 ι
380 1169 413 1228 in
425 1171 524 1242 tophel
538 1169 627 1229 habet
639 1149 723 1234 istic
735 1171 851 1242 luctet,
869 1171 902 1230 id
915 1176 957 1230 est
970 1187 1047 1246 coep-
1090 1183 1150 1242 quc
1163 1185 1216 1242 per
1229 1169 1406 1229 illudlleum
1414 1171 1576 1230 invocasse.
1586 1175 1642 1234 Sed
1653 1177 1750 1236 verius
1758 1184 1881 1240 estltoei

256 1255 387 1323 tumest,
402 1253 445 1310 uti
470 1253 557 1310 vertit
582 1255 693 1325 Noster,
719 1253 866 1325 chaldei,
889 1254 1047 1324 vatublus,
1089 1251 1222 1324 primum
1233 1252 1292 1310 hoc
1304 1267 1415 1312 nomen
1425 1257 1686 1327 tetragrammaton
1698 1259 1787 1319 tuisse
1800 1277 1881 1324 reve-

255 1337 419 1406 Forsterus,
443 1336 591 1408 Pagninus
620 1340 648 1393 et
670 1335 720 1394 alii
740 1337 863 1410 passim.
886 1339 951 1396 Non
970 1341 1048 1394 recte
1089 1333 1198 1404 latum,
1212 1338 1246 1392 ut
1267 1335 1365 1394 dicam
1382 1337 1473 1394 Exodi
1492 1353 1537 1410 rr,
1551 1341 1578 1396 3.
1604 1343 1697 1400 lloses
1718 1357 1805 1416 crgo,
1827 1351 1881 1422 qul

255 1433 377 1494 quoque
390 1420 532 1494 cyrillus,
545 1420 745 1478 theodoretus
759 1424 787 1478 et
797 1420 900 1480 Suides
913 1423 1045 1491 vertunt,
1089 1415 1514 1493 haecsoripsit,postquamhoo
1523 1427 1879 1503 nomonauoouroesu,

254 1505 307 1560 iste
320 1506 400 1575 coepit
412 1507 505 1561 cocart
517 1507 624 1562 minino
641 1505 768 1575 Domini,
782 1503 869 1577 quasi
882 1505 940 1578 ipsi
951 1506 1045 1574 lenos,
1089 1500 1216 1573 accepit,
1237 1515 1273 1560 eo
1294 1503 1406 1575 passim
1428 1504 1573 1576 anterius,
1595 1506 1684 1564 etiam
1709 1508 1740 1567 in
1761 1512 1880 1587 Genesi,

255 1585 296 1645 ob
309 1586 454 1660 insignem
464 1586 603 1660 pietatem
616 1586 684 1657 ltei,
697 1587 820 1660 eiusque
840 1585 958 1656 liberis,
971 1584 1047 1646 filio·
1089 1582 1183 1640 Deum
1208 1584 1382 1658 compellat,
1404 1585 1518 1645 etiamsi
1539 1588 1651 1662 adam,
1671 1592 1750 1651 Enos
1770 1595 1880 1672 aliiqrrc

253 1685 322 1730 rum
333 1669 383 1728 uei
395 1684 506 1728 nomen
519 1670 556 1727 eit
568 1669 706 1728 inditum.
1089 1665 1261 1723 tuuiarcnae
1275 1669 1367 1726 Deum
1380 1671 1466 1740 tuno,
1476 1684 1539 1729 non
1557 1672 1671 1744 deloco,
1685 1675 1738 1734 sed
1757 1679 1880 1751 Etctim,

289 1754 546 1811 Putatl).Thomas
555 1754 577 1810 11
587 1754 609 1810 ll
615 1752 804 1824 permulcet
813 1754 959 1823 llClv,ert.
971 1757 999 1822 l,
1007 1752 1048 1812 cd
1088 1745 1260 1806 velAdcnui
1272 1751 1487 1825 compellsrint.

254 1838 283 1907 2,
292 1836 324 1894 in
334 1836 431 1910 prima
440 1835 547 1892 mundi
560 1838 644 1892 aetete
658 1849 721 1892 non
733 1833 824 1892 tuisse
835 1834 1046 1909 idololatrium,

254 1917 296 1976 ob
303 1922 448 1977 recentem
459 1917 545 1978 creati
555 1917 661 1975 mundi
671 1917 857 1976 memoriam.
867 1918 1047 1978 Verumhreo
1120 1941 1156 2008 (ι)
1168 1943 1203 1995 ne
1215 1943 1318 1998 nomine
1330 1947 1377 2000 nei
1389 1951 1612 2018 utmgrammeto,
1626 1965 1671 2006 seu
1684 1955 1808 2019 renue,
1821 1958 1879 2014 ute

254 2001 328 2068 ratio
341 2015 404 2060 non
416 1999 540 2063 omniuo
551 1999 703 2062 concludit
716 2017 723 2059 ε
736 2015 808 2064 nem
818 2015 920 2064 recens
934 2016 1046 2064 memo·
1088 2013 1296 2078 queoocusetmo
1310 2015 1427 2074 ᾱῑωοωῑι
1439 2019 1531 2088 niun,
1540 2035 1580 2088 op.
1596 2023 1641 2078 ou.
1655 2031 1676 2076 t.
1695 2025 1721 2090 l,
1731 2039 1756 2092 p.
1767 2030 1813 2079 us
1825 2040 1877 2094 eg.

792 2329 997 2444 carui
1037 2338 1337 2458 QUINTUM.

752 2629 756 2636 .
860 2567 1065 2632 cunensis
1083 2555 1263 2636 ctnirrs'

252 2757 364 2814 ruerem
381 2751 537 2824 qeuotogto
550 2748 635 2816 Ado,
648 2764 698 2823 per
712 2748 795 2820 Soti,
807 2765 894 2824 usque
910 2752 949 2810 cd
960 2754 1034 2825 Noe,
1045 2753 1130 2828 idque
1145 2759 1249 2829 primo,
1260 2763 1293 2817 ut
1309 2774 1360 2833 per
1378 2777 1437 2820 eom
1453 2769 1564 2826 locatur
1581 2769 1752 2846 chronologia
1765 2779 1875 2847 modi,

284 2852 391 2923 ejusque
406 2848 571 2920 propagatio
587 2845 724 2920 tutusque
739 2848 778 2906 od
793 2863 856 2919 noes
870 2849 933 2908 ttae
948 2852 982 2922 tt
997 2865 1049 2923 per
1065 2851 1130 2910 Soti
1144 2871 1153 2908 ε
1169 2871 1187 2911 o
1203 2853 1267 2914 satu
1286 2861 1358 2916 cutm
1377 2874 1466 2919 omnes
1484 2862 1678 2928 memmimus.
1696 2873 1769 2932 uam
1786 2881 1877 2933 eutero·

282 2961 370 3005 omues
383 2942 451 2999 Ado
463 2943 519 3014 filii
531 2946 558 3000 et
575 2946 680 3016 posteri
694 2949 836 3018 poterunt
850 2949 881 3004 in
896 2947 1012 3004 diluuio.
1026 2947 1162 3018 Secundo,
1176 2958 1209 3008 ut
1220 2953 1361 3013 uideamus
1375 2958 1460 3015 Deum
1478 2965 1552 3020 emat
1564 2969 1682 3038 tempore
1694 2983 1771 3026 suom
1783 2973 1875 3029 Eccle-

282 3048 365 3106 u'cm,
383 3042 429 3096 sut
448 3040 551 3096 uittam
569 3043 595 3097 ct
613 3044 761 3114 pietatem,
778 3046 810 3099 to
829 3044 968 3117 aliquibus
983 3059 1167 3115 conseruasse,
1185 3051 1230 3106 uti
1245 3049 1290 3108 lito
1308 3059 1476 3112 conseruauit
1492 3061 1524 3114 iu
1540 3059 1604 3117 Setlt
1621 3062 1730 3138 qusque
1745 3073 1873 3140 posteris.

284 3141 385 3204 Tertio,
398 3141 432 3192 ut
443 3141 547 3196 corutet
558 3139 716 3211 percalcato
730 3139 834 3199 curari
846 3156 865 3198 o
875 3141 934 3202 Noe
945 3139 985 3200 ud
996 3141 1104 3211 ddum,
1118 3143 1151 3202 dc
1163 3161 1219 3218 quc
1232 3147 1318 3207 tucos
1331 3167 1392 3224 cop.
1407 3167 1456 3227 ru,
1468 3157 1539 3215 oer's.
1554 3159 1600 3219 et.

290 3320 320 3386 1.
338 3316 400 3387 Hic
412 3323 462 3385 est
473 3315 558 3386 liber
569 3316 789 3406 generationis
802 3317 921 3388 Adam.
937 3320 976 3390 ln
988 3319 1042 3392 die
1054 3345 1122 3414 qua
1134 3326 1256 3396 creavit
1268 3327 1358 3399 Deus
1369 3331 1555 3425 hominem,
1570 3339 1612 3410 ud
1624 3341 1874 3418 similitudinem

245 3424 389 3494 Deiiecit
400 3422 511 3491 illum.
531 3421 563 3490 2.
579 3421 765 3493 Musonium
778 3433 812 3493 et
822 3425 980 3496 feminam
993 3430 1115 3500 creavit
1129 3453 1204 3518 ecs,
1223 3440 1257 3502 et
1276 3434 1443 3508 benedixit
1454 3441 1544 3511 illis:
1563 3453 1596 3513 et
1612 3451 1742 3520 vocavit
1753 3473 1874 3526 nomen

243 3553 357 3601 eorum
370 3527 477 3598 Adam
489 3580 499 3615 ,
516 3527 619 3597 indie
633 3551 700 3619 quo
714 3530 814 3598 creati
827 3540 917 3601 sunt.
939 3533 972 3602 3.
989 3533 1084 3604 Vixit
1094 3543 1205 3606 eutem
1220 3537 1328 3610 Adam
1341 3552 1473 3614 centum
1495 3549 1629 3639 triginta
1641 3557 1737 3626 aunis
1750 3584 1758 3626 :
1775 3569 1807 3630 et
1819 3584 1875 3651 ge·

242 3637 317 3708 nuit
328 3635 369 3704 ad
382 3635 561 3724 imaginem
580 3642 613 3703 et
630 3635 882 3706 similitudinem
900 3661 1016 3725 suam,
1038 3644 1231 3736 vocavitque
1250 3667 1371 3716 nomen
1391 3651 1462 3740 ejus
1479 3652 1570 3724 Seth.
1592 3660 1626 3726 4.
1644 3659 1687 3730 Et
1703 3663 1780 3734 iacti
1796 3678 1875 3737 sunt

242 3745 311 3813 dies
323 3741 447 3828 Adam,
462 3749 636 3832 postquem
650 3742 765 3828 genuit
779 3741 875 3828 Seth,
891 3746 1069 3836 octingenti
1082 3749 1162 3818 anni
1175 3773 1184 3816 ε
1198 3752 1381 3845 genuitque
1393 3755 1481 3826 filios
1493 3769 1527 3830 et
1539 3761 1636 3834 tiliae.
1651 3767 1685 3836 5.
1700 3768 1742 3837 Et
1752 3769 1873 3842 iactum

241 3857 290 3919 est
300 3869 397 3918 omne
409 3856 539 3939 tempus
552 3844 642 3938 quod
654 3847 739 3915 vixit
751 3847 879 3936 Adam,
902 3851 981 3920 anni
1000 3856 1160 3943 nongenti
1177 3857 1330 3946 triginta,
1351 3867 1384 3928 et
1398 3873 1548 3936 mortuus
1563 3877 1622 3938 est.
1639 3871 1671 3940 6.
1687 3871 1781 3944 Vixit
1792 3899 1875 3968 quo-

241 3977 306 4048 que
320 3953 399 4022 Seth
412 3960 544 4022 centum
558 3953 707 4045 quinque
720 3956 836 4042 annis,
852 3963 885 4026 et
896 3957 1012 4046 genuit
1024 3959 1123 4028 Enos.
1140 3963 1172 4029 7.
1189 3963 1348 4058 vixitque
1360 3965 1440 4037 Seth
1454 3981 1627 4066 postquam
1640 3981 1756 4067 genuit
1767 3981 1871 4073 Enos,

241 4059 434 4148 octingentis
450 4067 574 4150 septem
594 4060 710 4147 annis,
729 4063 911 4154 genuitque
926 4063 1013 4134 tilios
1026 4072 1059 4133 et
1071 4064 1168 4136 filies.
1191 4067 1224 4137 8.
1246 4069 1289 4139 Et
1300 4071 1378 4142 iacti
1389 4086 1468 4144 sunt
1480 4100 1594 4148 omnes
1612 4081 1682 4153 dics
1697 4083 1777 4157 Seth
1789 4111 1874 4158 nou·

240 4174 413 4257 geniorum
427 4165 599 4234 duodecim
614 4189 795 4256 annorum,
811 4179 844 4236 et
856 4179 1008 4240 mortuus
1021 4180 1079 4240 est.
1102 4172 1135 4241 9.
1151 4175 1245 4244 Vixit
1258 4199 1336 4247 vero
1350 4179 1437 4250 Enos
1450 4187 1630 4275 nonaginta
1642 4192 1757 4280 annis,
1771 4203 1806 4280 ct
1818 4217 1873 4286 ge·

240 4270 314 4342 nuit
327 4271 463 4340 Cainam
482 4271 536 4342 10.
552 4272 631 4341 Post
642 4275 738 4364 cujus
750 4283 859 4345 ortum
873 4276 957 4344 vixit
969 4284 1002 4344 et
1014 4278 1207 4369 octingentis
1221 4283 1410 4375 quindecim
1423 4289 1539 4378 annis,
1562 4303 1595 4362 et
1612 4297 1728 4384 genuit
1741 4298 1828 4370 tilios
1841 4311 1874 4371 ct

243 4378 339 4448 filias.
360 4379 412 4445 tl.
428 4377 585 4470 Factique
596 4386 674 4448 sunt
689 4403 802 4449 omnes
815 4380 884 4450 dies
896 4381 984 4452 Enos
997 4387 1155 4474 nongenti
1167 4389 1316 4481 quinque
1330 4394 1422 4480 anni,
1438 4403 1469 4465 et
1482 4405 1633 4470 mortuus
1645 4411 1705 4472 est.
1723 4405 1872 4478 lavisti

239 4506 371 4576 qnoque
384 4483 509 4554 Caiuau
522 4487 729 4575 septuaginta
738 4487 846 4574 annis,
862 4496 895 4556 et
906 4489 1194 4577 genuitMaluleel.
1214 4495 1266 4565 13.
1282 4495 1325 4565 Et
1337 4497 1421 4568 vixit
1430 4499 1560 4573 ,Gainan
1572 4515 1745 4600 postquam
1758 4515 1874 4602 genuit

237 4589 408 4676 Mulaleel,
425 4591 620 4679 octingentis
633 4593 853 4683 quadraginta
865 4597 981 4682 annis,
1001 4598 1182 4690 genuitque
1195 4599 1282 4670 filios
1295 4611 1328 4671 et
1340 4604 1438 4674 filias.
1458 4609 1511 4676 14.
1526 4609 1567 4680 Et
1579 4611 1656 4682 facti
1669 4626 1748 4686 sunt
1760 4641 1873 4689 omnes

237 4697 306 4767 dies
319 4695 444 4764 Cuinan
457 4697 616 4785 nongenti
629 4694 740 4766 decem
754 4701 845 4785 unni,
861 4709 893 4769 et
907 4711 1058 4772 mortuus
1071 4713 1129 4773 est.
1144 4707 1196 4774 15.
1206 4707 1301 4776 Vixit
1314 4719 1424 4780 autem
1438 4711 1588 4786 Malaleel
1600 4722 1767 4811 sexaginta
1778 4727 1874 4816 quin-

123 4850 126 4858 ·
238 4825 303 4895 que
316 4802 430 4887 cnam,
446 4810 478 4871 et
493 4803 609 4893 genuit
621 4801 731 4872 iared.
748 4807 803 4873 tu.
821 4806 863 4874 Et
882 4808 966 4876 vixit
978 4809 1128 4880 lialalecl
1143 4821 1316 4905 postquam
1333 4818 1450 4906 genuit
1465 4821 1581 4909 iered,
1603 4827 1797 4917 octingentis
1814 4832 1873 4900 tri·

237 4908 329 4998 ginta
342 4907 459 4992 annis,
477 4915 511 4976 et
528 4908 644 4998 genuit
662 4909 749 4980 filios
766 4919 799 4980 et
812 4913 909 4982 filias.
935 4916 987 4982 tl.
1003 4915 1046 4985 Et
1058 4916 1136 4986 sacti
1152 4927 1231 4989 sunt
1250 4943 1363 4994 omnes
1375 4925 1445 4994 dies
1456 4925 1608 5000 Melaleel
1622 4934 1800 5023 octingenti
1813 4960 1873 5008 uo-

163 5056 165 5062 .
236 5014 372 5102 neginta
383 5014 532 5106 quinque
545 5015 637 5100 anni,
652 5023 685 5084 et
698 5024 849 5086 mortuus
861 5027 921 5088 cst.
945 5021 999 5091 18.
1011 5021 1170 5116 Vixitque
1182 5025 1280 5097 iared
1294 5039 1427 5100 centum
1439 5037 1609 5124 sexaginta
1621 5037 1870 5132 duobusannis,

237 5127 270 5187 ct
282 5119 399 5208 genuit
410 5117 556 5190 Henoch.
575 5121 629 5190 19.
644 5121 686 5190 Et
698 5123 782 5192 vixit
790 5123 887 5195 Jerod
903 5134 1076 5220 postquem
1089 5131 1206 5220 genuit
1217 5133 1365 5226 Henooh,
1381 5139 1576 5230 octingentis
1588 5146 1697 5232 annis,
1712 5155 1745 5217 et
1757 5150 1872 5238 genuit

228 5224 324 5294 ‚filios
336 5233 369 5294 et
381 5225 476 5295 filies.
493 5225 548 5296 20.
568 5227 610 5294 Et
622 5228 699 5297 tacti
712 5239 789 5300 sunt
803 5253 916 5300 omnes
930 5233 998 5304 dies
1010 5235 1108 5306 Jered
1122 5244 1280 5331 nongenti
1298 5245 1467 5334 sexaginta
1480 5247 1546 5317 duo
1560 5252 1660 5337 anni,
1677 5261 1709 5320 et
1723 5263 1873 5326 mortuus

238 5339 297 5402 est.
313 5331 368 5399 21.
384 5332 488 5418 Porro
500 5332 635 5419 Hentth
649 5335 733 5408 vixit
745 5339 914 5431 sexaginta
926 5343 1076 5438 quinque
1089 5347 1197 5436 cunm,
1212 5355 1246 5419 et
1257 5351 1374 5437 genuit
1386 5349 1616 5426 Methusulem.
1632 5356 1687 5426 22.
1703 5358 1745 5428 Et
1757 5361 1872 5432 ambu-
