4212 6034
296 293 350 354 eta
762 291 1004 362 colinariam
1020 303 1055 362 rt
1073 296 1235 376 caresta,
1252 317 1315 366 eo.
1335 305 1460 370 xxxvrt.

310 410 460 468 venientes
474 410 573 465 eutem
589 405 707 464 venient
725 419 795 464 cnm
811 407 1006 480 mundone,
1027 424 1098 482 por·
1139 409 1273 480 deretur,
1294 414 1345 468 aut
1370 409 1522 468 somnium
1547 409 1605 467 boc
1627 411 1828 469 contemneret
1850 407 1931 484 (ipse

309 500 401 554 tentes
416 491 585 564 manipulos
598 505 679 547 suos.
693 507 709 544 ε
1138 491 1217 549 enim
1229 493 1381 566 suspicans
1402 493 1554 550 somnium
1574 493 1632 550 boc
1644 507 1708 549 esse
1719 508 1738 549 a
1751 495 1825 562 lieo,
1838 497 1868 550 ot
1885 492 1932 550 io·

189 580 251 632 vua
271 585 293 626 v·
343 577 492 644 esocen,
512 587 674 643 arteria,
692 588 728 631 ετ
747 587 1006 634 emensurarent
1026 590 1097 635 too-
1137 576 1204 631 ture
1215 576 1409 646 portendere,
1423 590 1485 632 ram
1501 575 1607 632 tacitus
1620 573 1864 646 considerabat),
1878 575 1932 632 sed

308 675 380 718 mar
402 674 451 716 ιε.
463 657 558 714 -liie
580 656 639 713 alio
660 656 800 730 symbolo
821 662 850 715 et
872 659 990 716 somnio
1013 660 1097 732 prior
1137 660 1171 714 ut
1185 657 1242 714 hac
1260 657 1460 730 increpatione
1478 658 1639 731 iosephum
1659 657 1798 715 liberaret
1818 657 1932 715 invidia

306 743 380 801 visio
397 759 416 800 a
436 743 494 798 Deo
514 739 717 798 confirmator.
738 740 788 798 Sol
805 741 952 812 signifieat
964 748 1096 816 patrem,
1137 738 1276 809 fratrum,
1290 755 1418 813 eumque
1431 741 1462 797 in
1476 740 1622 798 modestia
1634 740 1796 797 contineret
1809 741 1858 810 (l).

305 823 1099 897 lunamatrem,seilicetBalam,qureancillatiaehelis,
1173 824 1218 878 tr.
1241 825 1333 880 Peren
1357 837 1429 880 vano
1448 838 1505 881 aru
1526 837 1642 882 rastros
1664 829 2042 882 maenomenon-vesu.

305 925 340 968 ea
347 910 409 982 iam
422 911 557 977 mortua,
570 907 698 981 iosepho
706 905 761 964 iuit
769 907 861 964 instar
875 910 986 979 matris,
995 910 1093 983 inquit
1137 904 1227 964 iacob
1236 906 1372 963 addictus
1383 905 1439 962 tuit
1451 905 1693 972 considerationi,
1706 919 1790 979 aeque
1801 920 1836 961 ac
1847 909 1931 977 pater

304 995 435 1066 iwanus
447 996 476 1048 et
486 990 656 1058 Abulensim
670 991 809 1048 undecim
822 991 914 1048 stella
926 993 1092 1063 significant
1138 987 1201 1059 ejus
1217 989 1313 1058 isaac,
1327 989 1381 1061 qui
1399 987 1604 1060 egrediebatur
1617 989 1657 1044 ad
1678 987 1885 1045 meditandum
1897 986 1931 1044 in

303 1074 558 1142 undecimiratres,
567 1073 896 1147 tosephuminAEeypto
905 1075 1090 1135 adoraturos.
1138 1084 1227 1142 agro,
1242 1072 1335 1130 denes.
1349 1087 1430 1144 xxm
1445 1073 1573 1146 ideoque
1585 1072 1617 1130 in
1632 1071 1774 1130 omnibus
1788 1071 1931 1144 operibus

303 1159 393 1215 Porro
408 1155 554 1229 manipuli
566 1155 622 1212 visi
643 1159 714 1213 sunt
730 1155 856 1212 adorare
869 1158 1031 1229 tosepbum
1049 1159 1093 1215 in·
1138 1153 1199 1210 suis
1211 1159 1273 1212 erat
1284 1155 1532 1228 circumspectus,
1553 1155 1735 1226 compositus
1748 1159 1777 1211 et
1798 1157 1929 1212 saneim.

302 1241 442 1298 elinando
456 1255 488 1296 se
505 1238 568 1308 illi,
581 1251 711 1310 suasque
724 1237 828 1296 aristas
848 1238 890 1294 illi
909 1239 1092 1298 incurvando
1137 1237 1214 1292 liudi
1225 1238 1252 1294 S.
1266 1237 1525 1307 bernardum,lib.
1536 1238 1774 1294 reaccenderet.
1788 1253 1855 1310 cap.
1870 1252 1927 1294 nr:

303 1327 332 1380 et
348 1322 574 1397 prosternendo.
595 1319 640 1378 Sic
660 1319 718 1383 sol.
731 1319 805 1376 luna
818 1323 847 1377 et
863 1321 955 1378 stelle
975 1337 1012 1378 ex
1032 1322 1093 1380 alto
1139 1337 1154 1372 e
1174 1321 1314 1391 Menam,
1336 1321 1391 1390 ait,
1415 1320 1553 1393 purificat
1579 1319 1792 1389 considerarim
1820 1319 1930 1377 deinde

260 1455 263 1462 .
303 1405 487 1464 demittentes
497 1419 528 1460 se
540 1403 579 1460 ad
592 1402 683 1475 pedes
694 1403 768 1472 ejus,
780 1401 849 1458 viem
862 1405 931 1460 sunt
942 1403 1027 1460 illum
1041 1421 1091 1462 ve·
1135 1400 1210 1471 regit
1231 1401 1369 1473 effeetus,
1393 1403 1492 1474 dirigit
1514 1405 1608 1473 actas,
1630 1402 1751 1474 corrigit
1774 1417 1929 1471 excessus,

303 1488 398 1546 aerari
416 1505 424 1544 r
443 1486 518 1544 iorte
537 1487 626 1542 etiam
645 1484 718 1541 iacis
732 1484 865 1541 bumana
880 1486 990 1543 vestite
1001 1501 1093 1560 appa·
1134 1485 1286 1556 componit
1300 1501 1413 1556 mores,
1423 1485 1513 1543 vitam
1526 1487 1662 1544 honestat
1672 1491 1701 1543 et
1711 1485 1844 1557 ordinat;
1856 1501 1927 1559 pos·

302 1585 387 1628 ruere
401 1569 453 1642 (uti
468 1585 517 1626 eas
527 1568 655 1641 pingunt
668 1566 815 1639 pictores),
829 1569 1092 1642 eamquetosepho
1134 1568 1229 1623 tremo
1245 1567 1413 1626 divinarum
1434 1569 1544 1642 pariter
1555 1573 1584 1626 et
1602 1570 1804 1626 humanarum
1825 1585 1928 1628 rerum

303 1653 467 1710 submisere
480 1655 508 1708 et
519 1654 703 1723 prostravere
714 1648 747 1706 in
761 1653 879 1706 terram.
1134 1648 1286 1706 scientiam
1308 1651 1430 1709 confert.
1452 1653 1516 1709 ilaec
1530 1656 1574 1709 est
1590 1668 1659 1726 qum
1679 1651 1804 1710 coniusa
1825 1653 1929 1711 dister-

338 1741 387 1797 liic
401 1739 479 1797 disee
498 1742 596 1813 patres
608 1738 636 1791 et
656 1735 804 1809 principes
825 1735 882 1802 iuti
899 1740 962 1792 eret
982 1736 1090 1810 iacob)
1134 1730 1243 1802 minet,
1257 1731 1369 1790 hiantia
1381 1734 1475 1804 cogit,
1495 1749 1598 1808 sparsa
1617 1734 1744 1807 colligit,
1765 1740 1877 1793 secreta
1889 1736 1929 1794 ri·

302 1825 409 1882 debere
423 1838 486 1880 esse
500 1821 531 1877 in
542 1818 654 1875 familia
664 1821 692 1874 et
700 1817 853 1890 republica
862 1817 895 1874 id
903 1819 987 1891 quod
996 1819 1041 1876 sol
1051 1823 1093 1876 ost
1134 1820 1242 1885 matur,
1254 1831 1322 1872 vera
1338 1816 1479 1888 vestigat,
1492 1817 1661 1876 verisimilia
1681 1818 1845 1888 examinet,
1858 1818 1928 1879 fleta

302 1907 332 1964 in
346 1907 493 1962 universo.
506 1901 604 1959 Simile
618 1899 768 1972 ruitquod
780 1899 819 1956 de
837 1901 961 1974 AEsopo,
982 1917 1093 1974 magno
1133 1896 1270 1956 etiucata
1291 1899 1434 1973 explorat.
1450 1901 1514 1957 llaec
1535 1904 1579 1957 est
1591 1915 1659 1972 qua
1679 1899 1795 1972 agenda
1816 1917 1928 1974 preor-

301 1989 354 2046 illo
368 1986 553 2060 mythologo,
566 1983 691 2054 legimus
704 1983 735 2038 in
744 1983 807 2051 ejus
819 1982 892 2052 Vita,
907 1982 1110 2042 seiliceteum·
1134 1978 1231 2050 dinat,
1246 1983 1312 2038 acta
1324 1983 1477 2054 recogitat,
1493 1986 1526 2040 ut
1538 1983 1613 2039 nibil
1625 1983 1657 2040 in
1676 1987 1776 2040 meato
1799 1983 1927 2042 resideat

301 2072 392 2129 instar
408 2070 573 2140 legatorum
590 2065 739 2137 regiorum
760 2065 917 2134 magnifice
936 2071 1092 2141 exceptum
1134 2067 1186 2120 aut
1199 2064 1411 2135 incorrectum,
1427 2069 1479 2122 aut
1492 2066 1671 2124 correctione
1688 2081 1787 2138 egens.
1805 2069 1870 2124 lieo
1883 2072 1928 2126 est

300 2155 390 2212 tuisse
402 2169 421 2209 a
434 2149 610 2218 Nectenebo,
623 2163 691 2218 rege
706 2147 902 2218 egyptium
915 2149 992 2206 enim
1002 2151 1093 2222 regali
1134 2146 1255 2204 taudem
1271 2163 1340 2220 qum
1359 2149 1391 2204 in
1407 2149 1557 2221 prosperis
1576 2149 1700 2206 adverse
1718 2148 1880 2222 prasentit,
1894 2151 1927 2208 in

299 2237 512 2312 paludamento
526 2231 663 2300 amictus,
678 2229 815 2302 incapite
834 2235 951 2302 gestans
962 2247 1093 2304 gemma·
1134 2229 1264 2286 adversis
1278 2231 1362 2302 quasi
1376 2245 1438 2288 non
1458 2231 1544 2288 sentit
1558 2249 1565 2287 :
1581 2246 1712 2304 quorum
1725 2231 1850 2288 alterum
1864 2231 1926 2290 ior-

300 2326 361 2378 tam
383 2319 521 2387 cidarim,
546 2329 703 2390 procerum
729 2329 840 2371 corona
862 2315 1091 2390 circumseptus,
1133 2311 1266 2368 titudinis
1279 2311 1473 2383 est,alterum
1486 2313 1688 2387 prudentiam

300 2403 421 2460 sublimi
434 2399 555 2458 sedebat
568 2397 653 2454 solio.
671 2397 795 2468 Rogavit
809 2396 916 2454 deiude
929 2413 998 2456 eum
1012 2416 1065 2458 rex
1079 2417 1087 2457 r
1168 2393 1330 2465 tllegortce
1340 2395 1368 2453 S.
1378 2395 1562 2466 Ambrosius,
1577 2396 1630 2454 lib.
1644 2397 1798 2468 Deiosepls,
1808 2413 1873 2471 cap.
1883 2414 1923 2456 u:

299 2485 352 2542 Cui
364 2500 427 2552 me,
447 2496 557 2554 eosque
582 2480 635 2553 qui
657 2479 735 2536 circo
755 2493 803 2536 ure
822 2483 904 2549 sunt,
926 2482 1090 2540 assimilas?
1133 2476 1259 2550 toseph,
1278 2476 1389 2550 inquit,
1411 2494 1430 2536 a
1450 2483 1534 2552 patre
1551 2479 1659 2536 missus
1672 2479 1711 2536 ad
1732 2477 1836 2537 iratres
1857 2497 1926 2554 pas·

299 2567 461 2639 Respondit
474 2561 978 2637 mythologrrsziesoliverno,bos
992 2571 1090 2623 autem
1133 2565 1230 2616 centes
1243 2575 1330 2630 oves,
1344 2565 1388 2618 est
1408 2561 1665 2618 christusavatre
1688 2561 1795 2618 missus
1817 2562 1848 2619 in
1861 2579 1925 2620 car·

300 2651 388 2724 spicis
400 2649 536 2723 pretiosis
550 2645 691 2704 assimilo.
702 2647 766 2714 Quo
781 2645 869 2714 dieto,
884 2661 935 2704 rex
949 2648 1025 2704 adeo
1036 2646 1092 2706 iuit
1133 2657 1202 2700 nem
1212 2647 1262 2709 ,ut
1272 2657 1344 2712 nos,
1359 2658 1394 2700 ae
1405 2643 1568 2717 presertim
1579 2644 1711 2714 tudoeos,
1726 2645 1812 2718 quasi
1822 2645 1925 2704 trabes

300 2733 473 2801 delectatus,
496 2733 530 2787 ut
548 2730 701 2786 hominem
726 2728 920 2786 admiratione
945 2729 1091 2804 donisque
1133 2739 1204 2782 suos
1218 2724 1352 2784 salvaret.
1368 2726 1449 2784 Unde
1462 2727 1525 2800 ipse
1538 2727 1579 2784 ait
1593 2743 1602 2783 r
1616 2729 1708 2784 «Non
1727 2727 1796 2784 vani
1814 2728 1871 2786 nisi
1883 2729 1925 2786 ad

298 2819 473 2889 prosecutus
486 2813 532 2870 sit.
556 2811 625 2868 Vide
640 2825 675 2868 ea
687 2825 755 2884 quoe
778 2810 910 2868 dicturus
931 2827 998 2869 sum
1011 2815 1092 2873 isoio
1133 2821 1203 2866 oves
1216 2807 1346 2882 perditas
1357 2809 1466 2866 domus
1480 2807 1576 2867 lsrael.
1590 2827 1606 2861 s

299 2913 364 2971 cap.
377 2909 522 2967 xtv,vers.
538 2898 565 2952 l.
586 2894 702 2964 insinno
714 2908 785 2965 ergo
804 2894 958 2966 speculum
972 2894 1091 2954 lamilioe
1168 2893 1213 2948 13.
1228 2891 1705 2965 Varr,1rrrr1ra.-liinopatet
1722 2892 1865 2951 iacobum
1878 2911 1925 2952 re-
1939 2904 1999 2946 vos.
2008 2903 2037 2946 ta

299 2983 356 3049 est,
371 2979 402 3035 in
413 2994 474 3052 qua
482 2981 565 3050 pater
579 2979 622 3033 εει
634 2975 716 3032 velut
728 2976 789 3046 sol,
802 2981 894 3034 mater
902 2981 989 3052 quasi
1002 2980 1089 3052 luna,
1132 2988 1252 3032 vocasse
1264 2974 1451 3049 iosephuma
1462 2973 1601 3032 beamus
1613 2978 1641 3033 ει
1653 2975 1808 3047 grenibm,
1822 2981 1856 3034 ut
1867 2978 1925 3036 hac

298 3060 537 3118 liliisicutstellae
547 3058 587 3117 ob
600 3074 720 3117 morum
734 3060 935 3132 splendorem.
949 3064 1091 3132 Quocirca
1132 3055 1195 3128 ejus
1208 3055 1341 3114 absonus
1358 3055 1502 3114 invidiam
1514 3055 1639 3134 stultum
1656 3059 1775 3132 sopiret.
1791 3062 1859 3117 Posi
1872 3061 1926 3118 ali·

297 3145 326 3203 S.
349 3143 540 3213 Ambrosius,
553 3142 606 3200 lib.
621 3145 662 3199 Dr
681 3145 792 3214 tosepl,
807 3143 901 3216 eapite
920 3160 961 3217 n,
982 3147 1091 3220 probat
1132 3138 1218 3211 quod
1235 3143 1353 3211 t0¹¹²l³¹¹⁸
1374 3141 1483 3211 l)utam
1504 3153 1568 3196 0⁵⁸⁰
1590 3139 1735 3213 stipam»
1751 3141 1872 3200 &millii
1884 3142 1925 3200 ad

296 3241 424 3302 puerum
438 3229 536 3284 lesum
548 3226 704 3282 adoratum
717 3241 779 3282 esse
790 3242 809 3283 e
820 3227 929 3301 ioseph
946 3232 974 3286 at
985 3230 1089 3301 llario,
1132 3234 1184 3278 eos
1196 3221 1374 3295 iosephum,
1389 3224 1423 3278 at
1441 3221 1581 3280 intereos
1593 3226 1623 3281 et
1642 3223 1718 3280 inter
1730 3239 1762 3281 se
1775 3223 1813 3282 sit
1835 3223 1925 3282 inter-

296 3309 400 3368 exillo
421 3312 496 3367 Prot.
520 3310 872 3378 exterminarentur
894 3325 979 3381 eum,
998 3311 1045 3370 sol
1061 3317 1090 3370 ot
1131 3303 1267 3374 nuntius,
1291 3304 1391 3376 itaque
1414 3319 1517 3361 rursus
1537 3303 1661 3363 fratrum
1686 3307 1924 3366 benevolentiam

297 3392 407 3450 inni..
423 3392 513 3462 Solis,
527 3391 639 3464 inquit,
653 3391 745 3449 insin
758 3396 802 3448 est
815 3393 939 3465 ioseph,
953 3394 1034 3450 1an
1046 3395 1089 3451 ni.
1131 3383 1188 3441 sibi
1196 3385 1341 3444 conciliet.
1357 3386 1571 3444 Deindenoluit
1582 3393 1743 3461 pateream
1753 3389 1836 3447 domi
1847 3390 1924 3447 desi-

297 3491 362 3531 cem
375 3474 450 3546 gerit
462 3473 559 3531 biario.
576 3473 744 3531 sicutenim
763 3473 992 3545 salterram,ita
1005 3481 1089 3550 pater
1131 3468 1201 3527 dere
1215 3469 1354 3526 otiosum.
1366 3469 1462 3528 Virtus
1474 3471 1555 3528 enim
1568 3472 1693 3543 negotiis
1714 3471 1814 3544 alitur,
1828 3473 1925 3545 segni-

296 3554 428 3612 oaleiacit
447 3555 585 3628 levetque
607 3554 760 3612 familiam.
785 3555 864 3613 Sicut
888 3557 960 3615 luna
987 3559 1089 3616 lumen
1131 3551 1343 3610 litmaroescii·

297 3641 449 3694 mutuatur
459 3652 478 3693 a
488 3637 570 3704 sole,
585 3637 626 3691 sic
637 3651 713 3693 uxor
726 3653 744 3693 e
755 3638 862 3695 marito
875 3639 1048 3709 dignitatem
1060 3644 1089 3698 et
1165 3637 1211 3692 ιι.
1225 3638 1326 3693 iltsstls
1343 3651 1380 3693 bt
1403 3651 1493 3695 tritt
1513 3640 1637 3696 Hebron.
1646 3669 1682 3682 -
1692 3639 1764 3696 ilino
1776 3643 1857 3715 patet
1876 3642 1924 3698 ta·
1938 3649 1996 3694 vera
2006 3654 2036 3695 rt

296 3721 470 3792 potestatem
479 3733 564 3775 suam
573 3716 687 3790 accipit.
697 3721 834 3787 Rursum,
845 3719 921 3776 sicut
929 3719 1088 3780 lunanunc
1130 3717 1259 3788 cabum,
1279 3733 1364 3792 aeque
1387 3735 1422 3778 ec
1445 3723 1522 3778 isaac
1547 3724 1576 3777 et
1597 3720 1818 3792 abrahamum,
1836 3723 1924 3780 habi·

295 3802 385 3875 plena
399 3805 456 3872 est,
471 3813 551 3858 nunc
561 3815 674 3858 vacua:
689 3799 730 3857 ita
747 3803 840 3856 mater
851 3815 931 3858 nunc
943 3801 1034 3875 pleno
1045 3809 1089 3862 est
1129 3803 1206 3856 lasse
1225 3799 1257 3856 in
1274 3801 1405 3874 Hebron,
1421 3803 1550 3876 indeque
1568 3805 1681 3862 misisse
1700 3806 1861 3880 tosepbum
1882 3808 1923 3865 ad

295 3887 396 3953 utero,
410 3899 489 3942 nune
499 3897 595 3942 vacuo
600 3901 610 3954 3
626 3885 721 3949 tertio,
735 3881 807 3940 luna
830 3889 937 3957 preest
956 3885 1088 3944 humidis
1129 3881 1245 3939 iratres.

295 3971 323 4025 et
335 3967 450 4040 pueris,
462 3968 504 4025 sic
516 3972 546 4024 et
566 3970 660 4025 meter
680 3969 742 4024 tota
756 3971 800 4023 est
818 3965 850 4023 in
872 3966 1045 4026 educatione
1059 3973 1088 4028 et
1165 3965 1530 4028 marinna-nehmiae
1542 3947 1924 4040 nvobrtrtbaataattacta
1937 3985 2039 4031 Sonare

294 4051 437 4120 regimine
449 4065 611 4124 puerorum
616 4069 625 4121 ;
645 4055 759 4122 quarto,
772 4049 845 4108 luna
859 4051 933 4122 regit
952 4057 1084 4124 noctem,
1131 4048 1225 4114 lomet,
1246 4048 1331 4106 idest
1347 4051 1487 4110 dominus
1500 4054 1703 4123 somniorum,
1712 4053 1795 4112 idest
1807 4055 1922 4114 hebens
1972 4050 2007 4119 ‘i‘

179 4171 181 4190 2
294 4132 445 4191 acidiam:
457 4133 537 4190 sicet
548 4133 593 4190 vir
606 4132 784 4191 lucemioris
797 4133 996 4207 administrat,
1009 4153 1087 4195 uxor
1130 4133 1158 4186 ei
1174 4131 1329 4203 possidens
1348 4135 1480 4205 somnia;
1502 4136 1629 4200 secundo,
1655 4137 1767 4209 petitus
1789 4137 1923 4210 fingendi
1936 4109 2021 4210 iffi*

181 4287 182 4290 Ἴ
294 4217 388 4275 domi.
402 4216 511 4288 llaJ'ora
532 4216 594 4271 haec
608 4215 721 4273 lumina
734 4217 765 4272 in
779 4215 905 4286 familia,
922 4223 1087 4291 sequuntur
1129 4213 1258 4285 somnia3
1275 4219 1370 4282 tertio,
1385 4216 1525 4274 dominus
1534 4222 1563 4274 et
1574 4220 1728 4292 princeps,
1742 4219 1833 4276 sedin
1843 4235 1924 4278 som·
1938 4227 2033 4272 εωιιιεε

177 4303 181 4324 ·
294 4299 412 4356 minnrn
427 4298 480 4356 iun
500 4295 651 4355 stellarum
669 4295 890 4355 scintillantium
903 4299 934 4355 in
956 4300 1087 4358 mnintn.
1130 4295 1195 4364 nio,
1208 4314 1235 4367 q.
1248 4297 1459 4372 dtirittoseph
1472 4301 1922 4377 nosterdominusetprinceps,
1936 4287 2015 4333 M*

175 4451 176 4454 Ἴ
294 4377 927 4452 dineiiliorum,dequibuslleusdbrehoe:
941 4383 1084 4457 «Suspice
1132 4393 1193 4435 nou
1207 4379 1318 4452 reipsa,
1332 4381 1430 4438 sedin
1443 4383 1581 4440 somnio:
1598 4383 1769 4440 somniatee
1787 4389 1924 4442 nostrum

173 4465 177 4498 ³
293 4463 588 4535 coelum,etnumera
600 4461 699 4518 stellas
713 4460 738 4517 si
748 4465 849 4534 potes;
862 4463 903 4520 sic
917 4464 972 4521 erit
984 4481 1084 4524 semen
1130 4457 1193 4518 iore
1208 4462 1386 4536 principem
1405 4463 1443 4540 sit
1456 4479 1527 4534 ergo
1546 4464 1700 4539 princeps,
1724 4466 1777 4524 sed
1796 4483 1851 4540 per
1869 4485 1925 4526 aaa

291 4549 389 4604 tuum
401 4566 415 4600 a
429 4549 470 4604 lta
479 4543 746 4613 Fcrnand.,oisiarte
756 4546 774 4600 3
786 4544 895 4603 iatine.
911 4546 1083 4620 ltlegorice,
1130 4545 1246 4602 somnia
1259 4561 1267 4600 ε
1281 4561 1421 4604 vocemus
1435 4551 1465 4604 et
1483 4563 1615 4606 creemus
1635 4565 1705 4608 eum
1716 4549 1883 4626 prinoipem
1894 4557 1926 4609 ει

184 4699 187 4706 ,
292 4629 402 4703 loseph
414 4629 462 4685 bio
475 4628 549 4699 gerit
567 4629 673 4700 typum
692 4624 806 4682 Christi.
820 4627 897 4684 Audi
914 4628 941 4684 S.
958 4630 1083 4687 Ambro-
1129 4639 1229 4698 regem
1242 4630 1441 4688 somniorum.

292 4711 463 4782 sium,loco
474 4711 536 4783 iam
551 4710 638 4767 citato
651 4727 659 4766 ε
670 4707 781 4778 «Quis,
796 4708 850 4779 ait,
862 4713 906 4766 est
918 4710 982 4782 ille,
992 4729 1083 4786 quem
1163 4709 1325 4780 Allegorice
1340 4714 1367 4769 s.
1388 4713 1576 4786 Ambrosius,
1590 4715 1644 4773 lib.
1665 4719 1705 4774 lte
1724 4719 1835 4792 scarpi,
1855 4737 1922 4795 cap.

290 4797 428 4868 parentes
449 4796 478 4850 et
501 4793 603 4850 iratres
627 4792 825 4850 adoraverunt
847 4807 935 4865 super
960 4797 1083 4868 terram,
1128 4807 1161 4849 ru
1177 4809 1184 4848 r
1200 4812 1215 4846 o
1229 4793 1305 4863 iloc,
1320 4793 1378 4865 ait,
1393 4795 1535 4868 scriptum
1548 4801 1591 4854 εει
1605 4798 1642 4856 de
1655 4802 1780 4874 ioseph,
1793 4803 1925 4876 comple·

291 4877 349 4936 nisi
362 4877 493 4935 Christus
507 4879 604 4947 iesus,
617 4873 741 4948 quando
755 4887 824 4930 aum
835 4875 924 4931 llario
937 4880 966 4932 et
975 4879 1084 4951 toseplr
1127 4878 1192 4932 tum
1205 4875 1237 4932 in
1254 4877 1383 4949 Christo,
1398 4881 1521 4953 quando
1542 4883 1636 4939 iudcei
1650 4881 1682 4939 in
1700 4885 1764 4956 ejus
1784 4887 1924 4960 passione

167 5015 171 5022 .
291 4976 362 5019 oum
375 4959 527 5034 discipulis
539 4960 750 5026 adoraverunt3
764 4958 854 5014 ileum
867 4959 1084 5017 verumessein
1128 4956 1391 5018 dicebant:sirex
1416 4963 1504 5022 lsrael
1525 4969 1582 5036 est,
1607 4966 1768 5025 descendat
1789 4985 1868 5028 nune
1884 4972 1924 5029 de

290 5043 344 5100 illo
353 5059 477 5116 corpore
491 5041 678 5112 conflentes,
691 5040 728 5097 de
742 5053 805 5112 quo
817 5039 882 5097 solo
897 5040 1081 5100 dictumest:

290 5126 518 5196 Laudamum,
532 5124 720 5195 solem„
735 5122 854 5182 laudm
880 5139 964 5197 eum,
978 5139 1083 5184 omnes
1160 5095 1195 5160 (l)
1210 5097 1709 5166 Quumioseplrlmater,ltachela,tam
1719 5107 1922 5171 mortueiuerit,

1127 5167 1260 5232 quantur,
1271 5183 1348 5233 quarn
1362 5171 1470 5225 lacobus
1481 5175 1568 5224 marm
1581 5175 1683 5226 nomine
1696 5174 1858 5228 intellexerit.
1873 5175 1924 5227 ve-

173 5289 193 5338 v
291 5207 575 5267 selectionem»
936 5294 942 5307 ,
1127 5235 1922 5312 uemrteeanuuamueroni,queaacaaeroosoenanm

192 5297 278 5344 eam.
327 5293 1083 5369 tt).menervinenrarrn,-nonqaodrllooiien·
1127 5305 1237 5360 auoivit
1252 5314 1279 5359 et
1294 5308 1391 5363 eduxit.
1601 5361 1604 5368 .

1144 5403 1181 5421 *xi
