4118 6042
664 383 908 445 munaida
923 383 958 440 ht
974 382 1129 453 slohum
1147 395 1211 440 w.
1229 379 1295 442 iiix.
1741 385 1796 452 uoti

1 541 2 544 ,
71 503 137 594 ate,
166 510 223 584 pso
236 485 365 588 ‘epitheto
382 489 589 580 adiecisset.
609 492 639 551 d.
657 493 716 550 tos
734 489 814 582 aitis
832 501 959 563 regnum
1000 486 1325 558 hadimiuerataregs
1339 485 1554 564 semrdotibus,
1569 489 1721 564 quoae
1737 499 1820 556 sta·
1927 521 1933 537 ·

1 621 3 686 f
57 564 134 624 ΨΜ·
166 587 397 658 meum,utnod
412 583 523 640 laicum
538 574 752 650 etproiedum,
770 573 824 632 sed
840 583 959 632 sacrum
1001 573 1066 630 tute
1075 570 1360 630 cibariasxhorreis
1372 565 1501 644 publicis
1508 557 1729 646 praebebantur.
1743 580 1795 638 tte·

166 667 392 747 meoquceultui
406 672 434 723 et
442 660 590 721 sacrificiis
604 656 960 730 addemmsopteaginta
1002 670 1062 728 que
1074 655 1179 726 ingens
1192 657 1254 712 erat
1264 654 1361 712 honos
1372 658 1400 712 et
1411 654 1506 726 gratia
1517 672 1611 730 quam
1623 674 1677 716 rex
1688 663 1797 736 AEgyp-

167 748 316 816 invertunt
332 745 443 809 rer'bd:
462 746 551 803 Eritis
568 743 638 800 miti
653 745 744 814 segete
761 741 958 806 sacerdotium
1003 740 1026 796 ti
1042 738 1246 798 sacerdotibus
1264 738 1424 810 deferebat,
1445 755 1614 816 magnaque
1630 743 1796 818 privilegia,

167 857 244 918 quos
255 832 427 918 aequitabit.
438 834 549 900 Petrus,
566 827 762 900 eptst.1,cap.
778 832 907 894 ir,·rers.
921 823 960 892 23
1002 821 1202 883 immunitates
1220 827 1249 880 et
1267 821 1483 896 exemptiones,
1501 824 1612 896 quibus
1630 828 1798 888 sacerdotes

167 924 311 984 sedidem
325 915 368 978 'es't
381 923 483 975 sensus
494 931 502 972 t
513 917 671 985 unamque
682 910 764 968 enim
776 907 958 978 dignitatem,
1002 905 1312 980 AEgyptiiruebentur.
1321 904 1523 976 Porroiemes,
1532 905 1799 970 laboresetoerum·

166 1024 235 1085 quas
248 1008 279 1064 in
293 999 445 1079 r'ep'ublioa
458 1001 502 1057 est
514 1001 643 1064 summa,
658 992 767 1051 scilieet
779 990 901 1062 regniet
914 1002 960 1044 sa*
1003 1003 1065 1059 noe,-
1080 1003 1150 1063 quoe
1168 993 1287 1046 eeteros
1303 987 1491 1058 affligebant,
1505 989 1672 1048 sacerdotes
1689 1008 1727 1050 ne
1742 995 1799 1052 mi·

166 1093 288 1152 cerdatii
300 1091 362 1159 sui,
375 1085 424 1144 hic
438 1084 514 1142 Deus
531 1079 658 1139 hebraeis
670 1087 731 1151 pros
744 1073 854 1132 coeteris
867 1071 968 1142 gente·
1003 1071 1119 1130 nimum
1133 1071 1255 1146 quidem
1265 1069 1513 1144 perstringebant,
1527 1072 1669 1146 singulari
1680 1058 1798 1150 regiain

166 1180 223 1238 bus
233 1174 344 1235 tribuit.
354 1169 509 1230 Chaldaeus
520 1166 616 1231 vertit,
627 1165 706 1219 eritis
716 1161 785 1216 miti
794 1170 869 1229 reges
880 1162 906 1212 et
915 1171 960 1212 sn·
1003 1155 1085 1229 ipsos
1099 1155 1304 1214 benevolentia
1322 1159 1351 1213 et
1367 1153 1522 1226 beneficio.
1539 1157 1603 1214 tlaeo
1616 1157 1695 1216 enim
1708 1161 1798 1218 ιιοιίε-

165 1261 294 1326 cirdotes,
309 1275 336 1332 q.
352 1256 381 1313 d.
395 1254 453 1312 Vos
466 1255 529 1310 noh
542 1247 651 1320 singuli
659 1285 668 1317 ,
687 1243 740 1301 sed
757 1255 795 1298 ex
810 1239 894 1298 robis
907 1238 959 1294 ali·
1003 1239 1079 1299 sima
1092 1244 1175 1296 erant
1189 1239 1305 1312 populo
1324 1237 1412 1296 lsrael
1428 1253 1466 1294 ex
1483 1241 1607 1314 egypto
1625 1244 1798 1316 egredienti,
1811 1232 1816 1240 ¹

165 1346 219 1420 qui
230 1339 361 1420 deputati
372 1341 457 1400 erunt
469 1341 553 1406 reges
557 1375 568 1405 ,
581 1347 635 1405 per
651 1342 728 1402 quos
741 1322 917 1396 regnabitis,
932 1324 960 1378 et
1004 1340 1031 1396 q.
1046 1323 1075 1380 d.
1090 1323 1206 1380 Faciam
1219 1339 1273 1379 vos
1287 1337 1389 1380 meum
1402 1321 1569 1395 peculium,
1583 1323 1625 1380 uti
1638 1325 1753 1384 vidistis
1765 1327 1797 1386 in

166 1425 258 1502 aliqui
272 1419 359 1484 erunt
372 1417 553 1489 sacerdotes,
567 1428 621 1489 per
638 1423 716 1485 quos
734 1405 877 1466 sacrificia
889 1404 960 1462 offe·
1003 1409 1130 1479 AEgypto
1152 1405 1317 1463 sacerdotes
1335 1420 1398 1462 esse
1420 1403 1570 1476 peculium
1592 1406 1680 1478 regis.
1702 1409 1747 1467 Sic
1766 1411 1798 1468 in

164 1513 233 1570 retis
248 1514 316 1568 Deo.
332 1511 535 1565 Potesttamen
548 1497 695 1565 seeundo,
714 1494 772 1550 boc
786 1492 823 1548 de
836 1489 960 1560 singulis
1004 1489 1142 1562 Hispania
1163 1485 1304 1546 militares
1326 1487 1459 1556 ordines,
1475 1491 1508 1544 ut
1527 1489 1556 1544 S.
1574 1486 1687 1560 iacobi,
1709 1497 1798 1568 atque

165 1594 258 1668 accipi
271 1592 357 1667 qnasi
370 1588 477 1664 cuique
491 1584 523 1642 in
529 1579 711 1657 particulari,
723 1583 786 1634 nbn
795 1577 895 1631 eutem
903 1570 960 1630 soli
1004 1571 1070 1642 alii,
1081 1577 1150 1630 sunt
1158 1571 1308 1646 peculium
1317 1570 1404 1641 regis.
1415 1573 1505 1628 Porro
1516 1567 1682 1631 secerdotes
1690 1568 1801 1652 AEgypss,

165 1674 326 1754 republicae
346 1676 404 1734 hoe
416 1669 569 1748 promittat
589 1667 674 1734 Deus,
687 1677 715 1734 q.
734 1661 762 1716 oi.
777 1657 889 1728 Singuli
905 1656 961 1714 eri·
1003 1655 1180 1713 tivocentur
1189 1671 1283 1728 reges,
1296 1653 1378 1712 idest
1390 1654 1467 1726 regis
1479 1650 1581 1726 amici,
1595 1646 1702 1732 etquis
1714 1648 1814 1720 erant

166 1763 202 1820 eis
222 1759 307 1836 quasi
328 1769 426 1830 reges,
439 1753 511 1830 quia
530 1747 702 1809 chananeis
723 1743 848 1815 aliisque
868 1740 961 1812 genti·
1000 1738 1115 1810 jndices
1126 1741 1241 1814 populi,
1252 1744 1341 1812 atque
1351 1753 1486 1796 summus
1496 1731 1634 1800 sacerdos
1647 1734 1708 1800 erat
1719 1760 1796 1802 sum·

166 1849 223 1905 bus
233 1838 476 1908 dominabimini,
486 1832 641 1911 quomodo
650 1827 752 1902 Pyrrhi
762 1827 874 1897 legatus
886 1825 962 1882 dixit
1003 1839 1072 1882 mus
1081 1825 1185 1896 judex,
1194 1831 1228 1882 ut
1235 1824 1324 1882 tradit
1332 1824 1473 1894 AElienue,
1483 1820 1536 1882 lib.
1547 1817 1614 1898 xiv,
1622 1841 1688 1902 caps
1700 1827 1811 1888 xxxiv(

166 1947 197 1990 se
209 1929 311 1988 homos
324 1929 367 1983 tot
380 1939 473 1996 roges,
488 1917 562 1993 quot
575 1919 724 1973 senatores
739 1911 859 1967 vidisse.
876 1907 960 1965 Eritis
1003 1913 1044 1970 tta
1058 1910 1175 1968 alcazar
1188 1909 1220 1965 in
1232 1910 1319 1980 Apoe.
1333 1923 1355 1977 ι,
1370 1923 1446 1964 vers.
1460 1911 1489 1964 5.
1811 1893 1813 1901 ’

166 2013 195 2072 et
214 2011 397 2080 sacerdotes,
412 2001 484 2081 quia
506 2002 580 2058 inter
598 1997 670 2055 elias
691 1998 792 2066 gentes
812 1991 868 2049 soli
881 1991 961 2048 eritis
1038 1993 1166 2066 mystice,
1180 2007 1284 2049 ornnes
1298 1987 1554 2064 Christianiprobi
1573 1994 1602 2048 ct
1618 1987 1710 2051 sancii
1728 1993 1797 2054 sunt
1825 1991 1903 2038 ΟΜ·

166 2114 234 2156 meo
258 2093 349 2153 cultui
375 2089 508 2162 meisque
527 2079 709 2142 coeremoniis
729 2075 850 2172 addicti.
869 2077 960 2170 Porro
1003 2089 1098 2148 aegea,
1112 2076 1210 2148 inquit
1222 2076 1249 2132 S.
1271 2063 1506 2144 Gregorius,lib.
1522 2063 1714 2136 divitiores.
1729 2053 1930 2160 oepqpfssi'ssssss„⁸

166 2177 493 2256 regnumetregestem
506 2159 960 2238 activaquampassrreeeerpio,
1003 2175 1070 2220 uror
1086 2177 1094 2216 r
1112 2161 1204 2216 «Nam
1218 2156 1403 2214 dominantes
1416 2156 1528 2214 cunetis
1541 2151 1672 2216 motibus
1689 2161 1796 2234 carnis,
1811 2178 1833 2222 er
1864 2183 1911 2222 sun

166 2285 194 2340 q.
209 2267 239 2323 d.
255 2268 312 2322 Vos
325 2263 403 2320 eritis
419 2272 502 2330 reges
511 2298 521 2327 ,
534 2254 575 2311 ito
591 2256 690 2310 tamen
709 2250 743 2304 ut
756 2260 812 2318 ego
830 2245 862 2302 in
873 2242 961 2302 vobis
1003 2244 1097 2302 modo
1110 2241 1237 2300 luxurias
1250 2240 1414 2313 appetitum
1431 2237 1567 2312 tranant,
1583 2241 1676 2301 modo
1693 2251 1798 2306 aestum
1828 2251 1894 2294 ‘⁰8⁶⁸

166 2365 287 2422 regnem
300 2346 348 2422 (4).
441 2415 443 2422 Ι
1004 2326 1132 2386 avaritia
1146 2327 1325 2398 temperant,
1342 2323 1435 2380 modo
1453 2324 1579 2394 gloriam
1599 2321 1732 2385 elationis
1748 2316 1813 2388 ‹ic-³

202 2433 343 2503 Quaerunt
359 2429 407 2488 hie
420 2423 514 2500 aliqui
533 2438 587 2480 eur
604 2421 697 2478 hesse
712 2412 821 2473 rudeis
837 2412 962 2485 promit-
1002 2411 1153 2484 primunt,
1175 2409 1268 2466 modo
1289 2406 1509 2478 suggestionem
1531 2405 1632 2466 livoris
1655 2409 1797 2486 obruunt,

67 2553 77 2568 ·
166 2519 208 2576 tat
225 2529 351 2587 regnum
367 2507 546 2568 sacerdotale
554 2524 564 2577 ;
578 2507 606 2562 S.
623 2505 724 2558 Petras
739 2509 822 2566 sero,
840 2498 921 2567 epist.
936 2496 960 2564 1,
1003 2493 1096 2552 modo
1109 2493 1209 2563 ignem
1222 2489 1331 2546 luroris
1341 2489 1518 2560 extinguunt
1528 2507 1535 2546 τ
1546 2506 1708 2564 regesergo
1718 2495 1797 2566 sunt,

167 2615 234 2673 cap.
250 2614 288 2668 ιι,
306 2607 381 2653 vers.
396 2596 428 2662 h,
443 2593 557 2650 inverse
571 2582 740 2645 Christianis
753 2579 900 2653 spondeat
914 2589 960 2635 ea-
1003 2575 1075 2648 qnia
1094 2573 1288 2632 tentationum
1306 2587 1428 2630 suerum
1449 2567 1582 2630 motibus
1599 2585 1661 2632 non
1675 2592 1797 2635 consen·

167 2681 332 2742 cordolium
345 2677 461 2752 regale?
474 2679 513 2733 sc
527 2670 708 2745 respondent
719 2667 817 2737 primo,
833 2663 960 2736 quiere
1002 2658 1115 2728 tiendo,
1126 2672 1189 2714 ιιοιι
1203 2653 1411 2726 succumbere3
1434 2655 1488 2712 sed
1507 2649 1691 2716 dominando
1709 2647 1738 2716 et
1750 2665 1811 2718 rei

168 2767 242 2840 galis
259 2764 396 2837 dignitas,
413 2775 482 2834 quoe
500 2757 582 2830 apud
602 2754 720 2811 ludaeos
738 2747 867 2822 perfecte
886 2749 959 2815 erat,
1002 2734 1248 2816 gendo,praesse
1259 2743 1418 2810 noveruntr
1429 2725 1561 2796 ohineiu
1572 2735 1799 2818 eoeloaeoipient

168 2840 250 2924 apud
262 2847 436 2906 Christianos
449 2836 646 2915 imperfectior
662 2833 830 2891 redditeeet
844 2846 852 2884 :
868 2837 960 2886 saser-
1002 2841 1128 2898 regnum
1149 2843 1158 2882 ε
1180 2824 1259 2892 «Qui
1280 2823 1392 2892 vicerit,
1414 2813 1530 2896 inquit,
1550 2819 1630 2882 daho
1647 2821 1675 2882 ei
1696 2819 1798 2885 sedere

169 2925 285 2992 dotium
298 2935 386 3002 reso,
403 2926 488 3002 quod
507 2919 589 2996 apud
606 2935 657 2977 eos
668 2912 874 2990 imperteetnm
886 2914 961 2980 erat,
1003 2926 1122 2968 mecum
1134 2910 1166 2966 in
1178 2909 1298 2978 throno,
1312 2905 1387 2964 siout
1399 2922 1455 2986 ego
1469 2905 1535 2975 vici,
1549 2913 1578 2966 et
1591 2907 1655 2966 sedi
1666 2925 1736 2968 cnm
1746 2908 1798 2968 ra-

117 3041 118 3046 ,
169 3017 250 3092 apud
272 3014 451 3076 Chri-suanos
470 3003 730 3084 perfectissimum,
755 2996 913 3069 regnisque
931 2998 962 3052 et
1002 2997 1046 3052 tre
1059 2993 1212 3050 inthrono
1226 2990 1410 3062 eius3riune
1420 2987 1694 3063 dicentilludApoe.
1706 2995 1797 3063 v,10:
1856 3056 1859 3064 ¹

168 3100 289 3174 regibus
306 3095 526 3173 praedomtnans
547 3089 648 3148 evasit.
669 3082 797 3146 Secundo,
819 3079 892 3152 quia
911 3077 962 3135 lem
1006 3077 1131 3136 «Fecisti
1141 3092 1197 3137 nos
1208 3078 1267 3132 Deo
1280 3078 1382 3130 nostro
1396 3087 1522 3145 regnum
1537 3077 1566 3131 et
1578 3072 1755 3148 secerdotes,
1770 3075 1799 3134 ct

89 3197 90 3200 ι
168 3177 255 3240 mosis
275 3178 336 3237 erat
353 3178 401 3234 lex
416 3171 546 3246 justitiae,
561 3173 647 3244 jhxta
663 3163 739 3222 thud
755 3179 763 3219 ι
781 3163 865 3230 stigo
883 3159 961 3216 Deus
1003 3160 1195 3234 regnabimus
1210 3160 1452 3232 superterram»
1468 3155 1529 3214 imo
1546 3171 1636 3232 super
1648 3152 1756 3216 ooelum
1769 3156 1798 3220 et

168 3261 286 3334 zelotes,
304 3261 365 3317 slve
383 3256 548 3325 aemulator,
565 3251 693 3309 reddens
708 3243 893 3317 iniquitatem
908 3255 962 3315 pe-
1003 3245 1094 3304 coeloe
1107 3244 1262 3301 coelorum.
1800 3283 1804 3288 -

167 3351 247 3406 trum
260 3357 348 3418 super
360 3338 471 3410 filios»
486 3341 598 3394 emta.
612 3348 641 3404 r,
652 3335 680 3389 e.
701 3333 759 3387 hex
770 3343 842 3385 rere
855 3324 962 3384 Christi
1039 3327 1113 3382 oms
1124 3335 1239 3391 sinere,
1251 3347 1289 3364 -
1301 3315 1436 3393 separata
1448 3315 1488 3377 ab
1500 3315 1567 3378 aliis
1579 3317 1716 3392 gentihus
1728 3335 1799 3394 pro·

168 3435 211 3490 est
223 3413 271 3488 lex
285 3421 503 3486 misericordiae.
521 3417 636 3490 Regalis
650 3412 806 3472 auotoritas
817 3408 961 3482 justitiam
1002 3408 1079 3470 tanis
1097 3413 1127 3467 et
1142 3404 1318 3476 idololatris,
1338 3399 1472 3486 mihique
1488 3403 1544 3460 soli
1560 3421 1628 3464 mea
1643 3405 1798 3466 vocatione

166 3509 264 3574 tuetur
280 3527 287 3569 :
305 3509 374 3568 ideo
391 3507 471 3564 enim
490 3501 625 3575 gladium
641 3499 753 3572 portato
769 3491 961 3550 sacerdotalis
1003 3497 1033 3551 et
1045 3492 1186 3550 electione
1200 3488 1326 3558 addicta,
1340 3492 1369 3544 et
1382 3487 1468 3560 quasi
1480 3491 1659 3546 consecrata.

166 3602 266 3656 eutem
283 3589 525 3652 misericordiam.
540 3584 616 3642 Talis
630 3581 726 3649 enim,
740 3582 774 3634 ut
786 3577 827 3634 ait
840 3577 868 3633 S.
887 3576 960 3632 Pau*
1038 3577 1066 3634 8.
1080 3577 1199 3642 Gonane
1218 3585 1384 3630 nerusrsssr
1402 3568 1513 3628 Marses
1531 3586 1621 3630 venen
1640 3582 1741 3630 sorori
1759 3574 1798 3632 sio
1811 3577 1901 3626 ten-t·

166 3680 224 3753 lus,
244 3673 326 3737 hebr.
348 3689 406 3744 ιιι,
423 3670 546 3729 decebat
567 3669 601 3724 ut
620 3664 708 3722 nobie
725 3664 800 3719 esset
815 3657 959 3732 pontifex,
1002 3662 1232 3729 Donrnou,-g.
1245 3657 1275 3712 d.
1290 3656 1472 3730 namhoses
1486 3651 1591 3712 eadem
1605 3655 1653 3713 die
1666 3656 1798 3715 rediisset
1845 3675 1848 3680 '
1910 3669 1914 3680 '

166 3764 219 3840 qui
232 3761 326 3838 possit
338 3753 498 3816 condolere
516 3752 567 3821 iis,
586 3750 639 3823 qui
655 3748 793 3818 ignorant
806 3747 835 3799 et
849 3745 959 3811 errant,
1002 3743 1042 3802 ad
1063 3742 1233 3811 hominum,
1255 3742 1284 3795 et
1301 3737 1501 3796 obedientiam
1519 3735 1670 3811 verboque
1691 3735 1798 3813 populi

166 3860 201 3908 ac
214 3841 343 3919 compati
357 3837 577 3898 infirmitatibus
590 3829 708 3890 nostris.
728 3828 867 3901 apposite
888 3841 959 3897 ergo
1001 3827 1042 3886 ad
1055 3825 1214 3884 Dominum
1233 3822 1341 3880 reterre
1358 3821 1499 3892 cogitaret
1513 3824 1542 3877 et
1558 3819 1709 3896 inciperet,
1723 3839 1798 3898 proe-

163 3929 282 4003 Justitim
293 3925 437 3998 tempore,
451 3921 525 3994 puta
536 3920 568 3976 in
580 3918 645 3986 lege
659 3912 760 3981 reteri,
770 3910 876 3982 regalis
885 3919 959 3982 p'rre'⁴
1001 3909 1082 3970 senii
1094 3925 1164 3967 eum
1185 3905 1339 3976 Dominus,
1355 3908 1384 3960 et
1397 3904 1438 3960 ait
1452 3921 1460 3959 ι
1478 3906 1565 3961 ctam
1585 3919 1665 3961 nune
1679 3905 1797 3964 veniam

167 4011 315 4072 eminebat
325 4005 505 4066 auctoritas:
522 3997 731 4057 misericordia
742 3995 812 4050 vero
825 3999 959 4066 tempore
1001 3994 1043 4052 ad
1062 3998 1091 4050 te
1110 3994 1142 4050 in
1155 3991 1315 4060 caliginat
1334 3989 1407 4042 Nam
1426 3991 1495 4058 post
1508 4001 1543 4043 eo
1559 3985 1677 4046 Domini
1695 3987 1797 4060 verbu,

167 4091 356 4154 sacerdotalis
367 4083 493 4159 dignitas
505 4083 607 4140 effecta
617 4084 661 4137 est
671 4075 873 4149 praestantior,
887 4073 960 4144 quie
1002 4079 1100 4133 hosen
1119 4073 1269 4132 nuntiasse
1284 4073 1314 4126 et
1331 4067 1464 4126 retulisse
1482 4067 1607 4125 homino
1626 4075 1797 4144 promptam

167 4179 280 4250 gregia
292 4176 435 4250 potestate
449 4160 574 4241 iustitie,
593 4177 612 4220 a
631 4155 805 4218 sacerdotali
823 4157 916 4228 pietas
931 4158 961 4222 et
1001 4157 1108 4232 populi
1120 4155 1337 4222 obedientiam,
1358 4157 1387 4208 et
1405 4153 1446 4209 ad
1459 4167 1526 4208 eam
1541 4153 1728 4226 respondisse
1741 4145 1816 4211 ilo·'

167 4257 368 4321 misericordia
382 4248 579 4327 exspectanda
592 4248 644 4303 est.
663 4242 705 4302 lte
716 4238 857 4296 Ascanius
865 4236 959 4296 lierti-
1002 4240 1136 4308 minum,
1151 4235 1305 4308 sequentia
1324 4233 1417 4291 verba
1436 4235 1545 4291 docent
1553 4253 1564 4305 ;
1577 4234 1609 4291 id
1627 4233 1735 4292 clarius
1753 4235 1797 4294 esi

166 4356 281 4419 nengus
295 4343 327 4399 in
342 4340 434 4397 genes,
446 4339 528 4392 tomo
541 4333 563 4388 ι,
1001 4323 1033 4382 in
1047 4322 1179 4390 hebreo,
1193 4317 1246 4376 ubi
1265 4322 1334 4392 post
1351 4317 1457 4390 populi
1473 4317 1577 4387 verbo,
1594 4315 1687 4374 Moses
1704 4334 1740 4376 ea
1751 4325 1798 4376 r'o-

202 4425 312 4488 ahudh
331 4421 371 4482 ad
382 4419 534 4479 historiam
552 4415 645 4472 (ines.
662 4407 813 4478 serinii,
828 4404 881 4462 ubi
893 4403 960 4462 red-
1001 4407 1103 4465 tulisse
1117 4404 1157 4462 ed
1171 4403 1329 4460 hominum
1342 4401 1466 4470 dieitur,
1485 4397 1539 4460 sed
1555 4399 1797 4459 indefinitotem·
1908 4387 1911 4394 ¹

166 4515 246 4575 ditur
261 4513 347 4582 ratio,
366 4521 418 4566 our
438 4503 494 4562 soli
513 4500 678 4558 sacerdotes
698 4495 731 4551 ιιι
751 4493 878 4564 AEgypto
897 4499 960 4548 non
1000 4505 1086 4566 pore.
1101 4491 1175 4546 Nota
1188 4505 1196 4543 ι
1211 4484 1324 4544 Hebraei
1336 4484 1447 4541 iactum
1466 4479 1569 4542 dieunt
1586 4481 1628 4554 id,
1648 4483 1733 4556 quod
1750 4483 1796 4556 tit,
1904 4474 1910 4488 '

165 4595 284 4659 inerunt
297 4598 329 4653 in
342 4588 494 4651 communi
505 4586 583 4644 ieme
596 4577 743 4652 compulsi
750 4576 878 4632 vendere
890 4588 960 4648 pos·
1001 4580 1030 4632 et
1043 4571 1163 4644 incipit:
1177 4569 1246 4627 vide
1255 4569 1320 4624 Con.
1334 4569 1380 4624 th.
1395 4562 1501 4624 Retulit
1512 4580 1604 4639 porro
1617 4564 1719 4637 iioses,
1735 4582 1797 4626 non

166 4683 311 4740 sessiones
328 4691 417 4736 sues:
434 4671 575 4732 nimirum
592 4665 664 4741 qnia
676 4669 754 4720 terra
770 4653 960 4716 sacerdotalis
1001 4655 1087 4731 quod
1100 4669 1136 4712 aa
1147 4651 1272 4712 nesciret
1290 4653 1376 4721 Deus,
1391 4649 1445 4706 aed
1459 4653 1493 4708 ut
1515 4647 1727 4721 obsequentem
1742 4667 1797 4726 po·

1000 4738 1066 4814 puli
1079 4737 1261 4796 voluntatem
1272 4733 1399 4790 Domino
1416 4730 1534 4790 offerret
1549 4748 1557 4788 s
1572 4729 1726 4803 quomodo
1742 4739 1797 4790 an·

165 4803 418 4942 e‘ttttitht
430 4783 960 4930 istit?trististristis
1001 4822 1229 4896 assemsum
1241 4823 1311 4878 voa
1323 4819 1467 4878 aeneum
1480 4805 1622 4888 referunt,
1635 4831 1705 4875 cum
1718 4811 1754 4875 as
1767 4821 1796 4876 e
1880 4903 1884 4910 Ι

164 4953 296 5014 privilegia
307 4943 471 4998 secerdotum,
485 4947 512 4991 et
525 4943 599 5002 putot
606 4973 615 5000 ,
629 4935 694 4984 hano
704 4927 959 4991 notionempeamm
1000 4909 1234 4980 conjungentes.

166 5036 218 5074 esse
231 5035 262 5072 ex
274 5021 395 5083 AEgepto,
405 5011 599 5063 ubisaeerdotes
612 5002 710 5068 magnis
723 4997 878 5050 ornamentis
890 4997 960 5048 irue-
1036 4994 1064 5050 il.
1080 4992 1132 5048 ists
1146 5002 1218 5048 neno
1235 4999 1340 5044 ventu
1357 4999 1395 5042 se
1411 4997 1447 5042 'ts
1463 4993 1493 5040 ut
1510 4993 1658 5056 munins,
1672 5013 1710 5031 -
1723 4983 1756 5043 ut
1768 4984 1797 5060 te
1809 5000 1904 5046 vm,

166 5090 266 5144 bantm.
283 5085 373 5140 listins
394 5081 505 5133 Clemens
521 5075 638 5129 observas
646 5111 655 5139 ,
675 5081 784 5135 regnem
797 5067 959 5149 mocrdotum
1001 5073 1198 5146 legislatorem
1211 5069 1402 5127 Hebraeorum
1414 5065 1606 5138 consumam,
1618 5063 1672 5140 qui
1688 5066 1729 5124 eis
1743 5067 1797 5126 des

164 5162 305 5227 significare
317 5155 433 5207 homines
452 5163 503 5202 non
520 5149 605 5198 minus
616 5147 668 5195 Deo
683 5154 766 5192 sacros
773 5175 782 5202 ,
795 5145 822 5189 et
834 5151 859 5190 er
874 5149 958 5216 caras,
999 5157 1097 5228 legem
1109 5169 1171 5212 non
1182 5153 1357 5220 humanm,
1366 5149 1419 5206 sed
1425 5147 1558 5206 divinam
1568 5167 1577 5206 ἔ
1587 5147 1672 5224 quod
1682 5153 1715 5207 ut
1723 5152 1797 5210 sciat

166 5228 469 5355 iiheiffiffi
481 5220 631 5351 etthi?
640 5205 958 5335 ἓὲιῖῗὲᾱὲὲῗιιὲἷιῗῗ
1001 5239 1160 5310 credemus
1180 5235 1328 5309 popae,
1347 5233 1404 5290 ιιι
1426 5231 1464 5289 a
1485 5247 1575 5290 caua
1595 5227 1634 5290 de
1653 5226 1729 5309 ceto
1753 5233 1798 5291 10-

165 5373 202 5428 sic
217 5373 284 5424 bees
299 5365 437 5433 significa,
457 5359 507 5413 sibi
523 5364 596 5412 earm
613 5355 670 5408 tore
686 5349 825 5416 mentm,
836 5347 859 5402 ai
871 5349 959 5416 ιαςιιιιι
1000 5338 1077 5398 ‘lum'
1091 5327 1199 5390 “cums
1212 5317 1353 5413 deboqtla
1369 5313 1508 5408 tonitrua,
1522 5310 1651 5407 fulgura,
1665 5316 1733 5408 eta,
1745 5318 1810 5373 eos

165 5453 269 5496 maun
286 5439 444 5492 emarcente
463 5429 525 5485 ene
689 5471 692 5476 .
1000 5402 1206 5480 rampopulo.
1220 5401 1265 5464 Sto
1278 5414 1359 5470 emm
1371 5403 1401 5459 et
1412 5388 1541 5476 ¹Gentiles
1555 5396 1751 5492 legislatores,
1764 5401 1798 5460 ut
