4020 6026
202 489 240 559 S·
255 483 459 556 vindicianus
471 485 549 553 locis
561 484 659 552 sacris
673 480 912 566 construendis,
925 490 957 548 et
969 457 1113 548 fidelium
1127 480 1300 549 conventui
1311 464 1499 571 adoptandis
1516 496 1649 566 magnus
1662 495 1740 567 opes
1752 485 1784 542 et
1795 493 1819 540 s.
1836 490 1902 564 'aare

161 620 273 694 operas
283 596 463 688 impendit:
478 596 670 666 monasteria
687 606 719 666 et
732 595 851 686 templa
863 594 1063 685 potissimum
1078 595 1187 664 erexit.
1796 552 1902 660 ⁰2⁸5*

205 717 237 784 S.
252 711 432 782 Lietbertus
447 738 465 779 a
478 711 614 804 injurias
626 711 821 797 cautissime,
836 710 882 778 ait
893 721 1003 780 auctor
1016 710 1094 780 Vita
1108 709 1191 800 ejus,
1206 710 1337 798 vitabat,
1353 709 1535 803 aequissime
1547 705 1684 794 ferebat,
1697 703 1785 773 citis·
1826 717 1829 724 ·

161 831 240 900 sirac
250 825 383 897 finiebat
395 850 406 897 e
420 847 562 897 amorem
571 827 714 917 pecnnia
726 825 938 896 certissimum
951 826 1049 894 totins
1062 825 1129 916 spei
1142 845 1206 895 snat
1221 844 1381 895 renonum
1395 845 1463 895 esse
1477 821 1627 895 credebat
1640 845 1650 891 a
1665 817 1777 890 amicis

160 943 308 1016 utebatur
320 943 362 1014 ad
373 943 607 1035 rependendam
620 943 769 1035 gratiam,
786 941 925 1010 inimicis
937 940 978 1010 ad
991 939 1191 1030 patientiam,
1207 938 1339 1031 reliquis
1350 938 1393 1009 ad
1404 937 1672 1010 benevolentiam.
1683 956 1701 1001 n
1712 933 1787 1003 Hie-

161 1059 352 1152 rosolymam
366 1059 531 1130 discedens
543 1063 653 1129 seeum
665 1058 761 1128 traxit
772 1068 820 1126 ter
832 1056 920 1126 millo
934 1055 1095 1142 hominos,
1111 1055 1168 1146 qui
1182 1054 1410 1124 comitatienm
1423 1064 1500 1124 sunt
1511 1054 1547 1122 in
1558 1048 1787 1143 peregrinatio-

161 1196 247 1246 nem.
270 1174 347 1265 Ejus
368 1174 518 1246 sanctitas
537 1171 692 1244 miraculo
712 1173 839 1244 claruit.
863 1173 944 1242 Nam
965 1172 1037 1241 carri
1058 1172 1129 1260 ejus
1150 1180 1225 1262 post
1246 1181 1383 1241 mortem
1404 1168 1571 1242 redierunt
1588 1166 1625 1237 in
1646 1165 1788 1258 pristina

158 1291 337 1384 juventutis
349 1291 487 1360 colorem
500 1297 533 1360 et
544 1289 702 1362 docorem.

204 1405 381 1478 Aatbertus
393 1407 475 1476 mira
486 1405 666 1475 humilitate
680 1417 712 1476 et
724 1405 935 1476 sanctimonia
947 1403 1227 1476 cameracensibus
1242 1415 1275 1474 ot
1285 1403 1498 1476 Haaaombus
1510 1401 1668 1494 praeluxit.
1684 1403 1787 1484 Quare

163 1521 223 1596 sub
236 1521 293 1592 illo
310 1522 402 1613 capit
418 1521 454 1590 in
473 1519 647 1592 Christiana
666 1519 728 1589 fide
752 1519 865 1590 llorere
883 1521 1067 1608 llannoaia,
1094 1519 1223 1589 adscitis
1245 1519 1357 1589 multis
1378 1519 1473 1590 sociis
1492 1519 1528 1588 in
1551 1515 1727 1604 auxilinm,
1753 1525 1789 1584 ut

163 1644 196 1712 S.
211 1637 395 1727 Landelino,
412 1639 444 1708 S.
460 1637 648 1725 distenas.
665 1636 830 1706 Vincentio
843 1637 961 1705 domito
976 1637 1163 1722 donnoniae,
1180 1646 1213 1705 et
1231 1636 1265 1706 S.
1281 1632 1485 1706 waldetrude
1503 1653 1601 1704 uxore
1614 1628 1785 1703 Vincentii.

162 1761 358 1847 Quapropter
375 1773 438 1822 non
452 1773 526 1822 raro
538 1743 580 1822 ad
600 1753 632 1822 S.
653 1750 804 1822 botberti
816 1752 976 1842 colloquia
994 1751 1201 1843 percipienda
1217 1751 1366 1822 veniebat
1386 1749 1584 1842 [tagobertus
1595 1747 1790 1819 Francorum

163 1892 227 1942 rex.
246 1871 346 1942 Tanto
358 1869 425 1938 zelo
438 1865 587 1938 ellerbnit
598 1865 638 1936 ad
652 1867 901 1938 convertendum
916 1889 1018 1937 unum
1033 1879 1250 1957 peccatorem,
1262 1879 1298 1938 ut
1311 1888 1377 1959 prro
1388 1865 1539 1959 lacrymis
1551 1875 1585 1935 et
1595 1860 1790 1955 penitentis

163 2007 243 2080 pene
256 2007 290 2056 se
303 1985 546 2075 consumpserit.
563 1984 621 2052 llic
635 1984 732 2052 etiam
746 1985 934 2053 Sanctorum
948 1983 1100 2073 reliquias
1115 1983 1336 2053 decentissimo
1348 1982 1485 2053 ornavit.

202 2103 239 2174 S.
254 2100 446 2192 Gangericus
454 2099 558 2169 adbuc
568 2120 649 2190 puer
657 2099 719 2168 luit
732 2098 997 2190 propensissimus
1009 2099 1044 2166 in
1057 2119 1108 2168 res
1125 2119 1251 2168 sacras:
1266 2098 1422 2188 plurimos
1435 2118 1507 2167 reos
1520 2093 1785 2168 miraculoseeri·

159 2218 261 2310 pnite
280 2214 459 2287 carceribus
476 2226 509 2285 et
525 2213 680 2302 vinculis,
696 2234 760 2304 qun
770 2211 874 2304 gratia
886 2213 1024 2283 mamma
1037 2213 1194 2283 excelluit.
1209 2212 1341 2305 Templa
1352 2211 1455 2284 multa
1467 2213 1625 2284 exsuuxit
1637 2209 1681 2284 39
1694 2211 1789 2282 annis

161 2332 280 2426 quihus
292 2332 361 2402 sedi
371 2330 508 2422 proluit.
935 2313 939 2318 ¹

201 2449 283 2518 llnie
296 2468 415 2539 suppar
425 2446 487 2517 init
501 2447 535 2520 S.
549 2445 777 2536 Theodoriana
792 2447 886 2538 eujus
895 2446 1031 2516 virtutes
1041 2442 1233 2538 depraedicat
1241 2443 1434 2516 Illnemarus
1453 2444 1642 2517 Rhemensis
1654 2446 1787 2517 Arabio-

159 2564 318 2657 piscopns.
1159 2567 1163 2578 '

203 2682 281 2751 item
297 2684 329 2751 S.
346 2684 481 2752 loannes
493 2680 564 2771 ejus
576 2699 749 2767 successor,
765 2677 807 2748 nb
822 2677 933 2749 eodem
945 2677 1117 2748 llincmarn
1130 2676 1319 2748 celebratus.

203 2796 239 2866 S.
255 2796 320 2866 Odo
334 2794 566 2866 Cameracensis
579 2796 752 2887 Episcopus
771 2804 858 2862 tanta
879 2794 913 2862 in
929 2797 1027 2863 Deum
1042 2805 1074 2863 et
1090 2794 1265 2864 Ecclesiam
1284 2792 1348 2864 fuit
1363 2794 1427 2865 lide
1440 2804 1475 2865 et
1485 2796 1679 2884 constantia,
1694 2806 1731 2867 ut
1746 2796 1788 2868 ab

160 2912 295 2984 ilenrico
309 2915 347 2984 tv
361 2898 548 3004 imperatore
562 2913 674 3002 pulsus
686 2931 705 2979 a
718 2931 776 2980 sua
789 2909 875 2997 sade,
892 2909 978 3000 quod
993 2908 1116 3001 virgam
1130 2919 1163 2978 et
1176 2911 1330 2980 annulum
1342 2931 1412 3002 qna
1423 2911 1674 2982 consecratnsab
1683 2913 1790 2982 Eccle-

160 3030 208 3100 sia
221 3039 400 3120 aeceperat,
415 3029 498 3098 dono
516 3027 604 3098 illius
616 3026 729 3096 iterato
741 3027 886 3116 accipere
898 3025 1385 3119 renuerat,rtquicinctireliquo
1397 3028 1469 3098 rita
1481 3037 1625 3119 tempore
1638 3028 1786 3118 exularit,

159 3156 192 3215 et
203 3145 238 3215 in
252 3143 346 3213 exilio
358 3143 419 3213 hoe
432 3141 559 3213 obierit.
1318 3119 1325 3128 ’

203 3261 277 3332 Haec
298 3260 357 3330 tibi
376 3260 551 3330 domestica
572 3269 665 3329 erunt
683 3259 826 3350 specula,
849 3257 887 3327 lri
909 3257 1032 3328 stimuli
1051 3256 1093 3327 ad
1111 3257 1267 3348 gloriosos
1283 3257 1409 3329 labores
1428 3281 1490 3352 pro
1513 3259 1626 3330 eadem
1648 3260 1789 3332 Ecclesia

160 3377 382 3464 exantlandos,
396 3376 437 3446 nd
448 3375 603 3466 gloriosos
616 3394 734 3465 agones
746 3394 805 3464 pro
817 3373 929 3442 eadem
946 3373 1070 3442 fortiter
1091 3371 1268 3443 obeundas.
1292 3377 1393 3464 Perga
1416 3386 1451 3445 ut
1472 3376 1595 3467 copisti
1613 3399 1622 3444 :
1639 3396 1789 3469 coopera-

159 3507 244 3566 tores
263 3491 378 3564 siaccri
398 3501 431 3562 et
451 3491 573 3560 strenui
594 3510 659 3559 non
682 3488 830 3575 deerunt,
852 3509 906 3558 eos
928 3489 1082 3577 sagaciter
1103 3488 1213 3579 selige,
1239 3511 1276 3582 ao
1296 3490 1331 3559 in
1351 3491 1452 3560 saneti
1466 3491 1570 3582 operis
1592 3492 1788 3562 consortium

159 3610 260 3680 invita
281 3619 314 3678 et
334 3618 455 3699 coopto.
479 3610 587 3677 Mosen
611 3605 802 3696 peremnia
825 3603 967 3691 imitare,
994 3604 1145 3674 basilium
1168 3605 1322 3696 exprimo.
1348 3607 1492 3676 Divinam
1519 3607 1695 3678 bonitatem
1716 3630 1788 3701 pre·

160 3750 227 3816 cor,
244 3738 277 3795 et
288 3725 411 3817 precari
421 3744 487 3793 non
501 3722 642 3808 cessabo,
659 3730 696 3789 ut
707 3719 875 3810 utriusque
890 3719 1038 3810 spiritum
1052 3720 1219 3810 copiosum
1234 3732 1266 3792 et
1282 3720 1444 3813 duplicem
1456 3723 1490 3791 in
1509 3734 1539 3792 te
1552 3724 1710 3813 ellundat,
1725 3746 1788 3815 quo

161 3854 208 3914 tot
220 3843 399 3930 animarum
413 3839 514 3907 millia
526 3837 586 3906 tibi
596 3835 717 3906 credita
729 3836 763 3904 in
775 3836 830 3904 bei
844 3835 972 3920 timore,
989 3835 1077 3904 cultu
1092 3845 1125 3904 et
1135 3857 1242 3905 amore
1252 3858 1379 3928 pascas,
1396 3850 1491 3930 atque
1504 3838 1546 3908 od
1557 3837 1684 3910 beatam
1698 3851 1789 3913 totar-

160 3959 290 4030 nitatem
308 3957 471 4047 perducas.
487 3956 556 4022 lluc
567 3964 661 4041 urget
673 3973 724 4020 me
741 3972 832 4020 amor
845 3961 876 4018 et
889 3950 1067 4020 sollicitudo
1081 3961 1207 4019 tuarum
1223 3972 1343 4041 rerum,
1358 3975 1454 4044 qnam
1470 3955 1564 4023 nosti.

204 4072 373 4144 Succisiris
395 4070 482 4140 boris
504 4089 584 4159 opus
602 4068 662 4136 boc
675 4067 814 4136 lectitare
836 4066 969 4134 licebit:
986 4088 1096 4157 spero,
1118 4066 1336 4156 historiarum,
1359 4072 1594 4160 exemplorum,
1614 4073 1738 4143 rituum
1756 4083 1789 4145 et

160 4188 418 4262 caeremoniarum
433 4185 609 4275 priscarum
621 4184 770 4251 varietate
785 4193 816 4250 ot
826 4182 1006 4251 amoenitate
1022 4182 1202 4270 oblectabit,
1219 4196 1315 4274 atque
1329 4206 1368 4273 er
1381 4207 1419 4254 co
1433 4189 1541 4255 Mosen
1554 4187 1659 4278 magis
1672 4210 1789 4280 agnos

138 4287 142 4298 ⁵
161 4327 236 4377 cens
256 4305 297 4375 ad
310 4305 379 4394 ejrrs
399 4300 633 4371 aemulationem
648 4298 750 4386 magis
763 4297 958 4368 imitaberis.
976 4298 1142 4367 lletborlus
1156 4273 1293 4368 meabit
1308 4301 1419 4369 eadem
1438 4311 1487 4371 est
1501 4323 1571 4393 quat
1583 4303 1647 4372 suit
1659 4304 1693 4373 in
1707 4309 1788 4375 Pau·
1824 4324 1904 4370 aaran

162 4421 253 4502 linis,
267 4420 329 4488 nisi
348 4416 433 4508 quod
446 4416 499 4484 bic
515 4415 622 4484 verbis
635 4433 706 4483 snm
726 4412 866 4499 brevior,
882 4434 916 4482 re
931 4413 1076 4503 amplior.
1093 4415 1194 4502 llajor
1206 4415 1290 4482 enim
1305 4415 1358 4484 bic
1374 4427 1422 4485 cst
1439 4419 1582 4490 materia
1601 4421 1738 4490 varietas
1756 4431 1789 4491 et
1800 4386 1841 4494 il?
1858 4399 1904 4444 ⁰¹*

161 4535 350 4627 amplitudo,
366 4554 454 4623 mque
468 4553 504 4601 ac
517 4528 654 4600 facilitas
670 4541 700 4600 et
712 4530 880 4598 amoenitas
897 4528 1008 4620 (innita
1024 4529 1110 4597 enim
1124 4529 1275 4598 historica
1288 4541 1374 4619 sunt,
1392 4532 1454 4601 alia
1469 4535 1586 4624 typica,
1600 4543 1633 4604 et
1644 4536 1788 4626 pulchris

160 4654 316 4744 figurisac
330 4649 483 4741 symbolis
492 4647 646 4736 decorata)
658 4673 666 4714 ι
676 4667 747 4736 qua
756 4646 819 4714 dno
829 4667 879 4713 me
889 4645 1224 4734 compuleruntrerbis
1233 4667 1374 4735 parcere,
1385 4668 1425 4718 no
1435 4650 1620 4738 opusnimis
1629 4673 1789 4724 excresce-

160 4780 231 4838 ret:
247 4789 310 4860 qna
324 4768 420 4835 etiam
435 4765 474 4832 de
489 4785 583 4832 causa
595 4763 765 4852 sculpturae
779 4782 870 4847 arcae,
886 4760 1070 4846 Cherubim,
1087 4761 1209 4848 altaris,
1224 4760 1433 4851 tabernaculi,
1450 4777 1482 4834 et
1495 4765 1631 4835 aliorum
1644 4771 1784 4859 peperci.

158 4884 306 4974 Expressi
325 4884 378 4952 bio
399 4904 436 4950 ea
458 4902 530 4972 qum
544 4901 563 4948 a
579 4879 692 4967 viginti
715 4879 807 4947 annis
827 4878 860 4944 ia
882 4877 1132 4973 pentateuchum
1151 4878 1413 4965 commentando,
1430 4891 1462 4949 ct
1486 4881 1625 4952 secundo
1644 4886 1787 4956 actertio

160 4999 271 5072 eadem
292 4997 432 5068 docendo
455 4995 649 5086 comparari.
667 4995 842 5084 allegorias
863 4992 978 5062 solidas
999 5005 1031 5061 et
1048 4993 1208 5082 jucundas
1225 5004 1369 5064 veterum
1390 4998 1785 5090 caeremoniarnmpassim

158 5117 297 5204 attexui,
316 5114 457 5186 conditas
478 5111 601 5184 selectis
621 5111 801 5204 priscorum
820 5109 1002 5198 sententiis,
1023 5109 1176 5201 exemplis
1196 5121 1228 5180 et
1251 5109 1590 5204 apopbtlregmatibns.
1616 5115 1713 5187 llorit
1732 5137 1786 5186 me

158 5233 241 5306 illud
251 5236 379 5305 Poetae:

546 5291 639 5377 Omne
649 5313 715 5376 tulit
727 5317 871 5390 puuctum
884 5314 937 5390 qui
950 5314 1067 5373 miseno.
1078 5312 1149 5368 otilo
1164 5312 1255 5374 dulei.

158 5453 484 5546 Vemmnellpistolae
495 5449 872 5540 modnmeacedam,de'
1404 5445 1612 5542 upraamto.
