4042 6032
285 246 384 306 txvttt

283 367 346 411 non
358 353 490 414 inutilem
503 355 554 414 ilia
570 357 679 416 sociam
688 359 716 415 et
726 355 851 415 amicam
859 355 995 430 religioni
1009 371 1071 415 sese
1152 355 1215 413 llna
1227 371 1295 414 eum
1305 355 1408 416 tellure
1421 355 1532 415 creatos
1541 361 1642 416 montes
1649 357 1805 430 primitivos
1813 353 1908 414 velati

284 437 379 499 offert.
1117 446 1217 496 emtam
1234 445 1376 498 veritatem
1393 441 1550 500 sumebant
1566 441 1718 512 nonnulli,
1739 441 1815 498 inter
1829 454 1906 514 quos

318 525 475 591 Quomodo
488 527 535 584 bio
548 531 647 584 cortex
657 527 830 583 constitutus
839 526 886 595 sit,
900 524 1072 584 brevissime
1115 523 1258 581 Gerdilius
1268 525 1315 598 (Ξ).
1331 527 1438 584 Verum
1453 527 1515 584 hac
1527 526 1659 584 doctrina
1669 542 1731 583 non
1740 530 1836 599 potest
1846 541 1907 580 ana·

281 605 481 680 Inspiciamus.
492 611 610 668 Telluris
619 611 776 684 epidermis
784 616 899 666 terreno
909 607 1071 666 cultuiido·
1114 607 1193 682 plius
1208 609 1336 666 defendi.
1351 613 1423 668 Nam
1437 611 1468 668 in
1483 617 1609 676 terrenis,
1627 613 1658 666 ut
1670 609 1833 678 vocabant,
1845 610 1906 680 pri·

281 705 338 746 neo
352 709 415 762 seu,
429 697 461 750 ut
475 695 565 750 modo
580 695 691 768 dicunt,
708 699 780 750 tarra
793 695 908 764 vegetati
918 689 1071 764 componi-
1113 695 1228 758 mittete,
1244 692 1331 764 longe
1344 694 1438 766 magis
1451 711 1541 768 quam
1556 695 1586 752 in
1601 693 1675 763 aliis,
1689 693 1758 766 plus
1770 691 1906 747 minusve

281 777 337 831 tur.
356 776 449 832 linitis
465 777 496 834 in
509 777 581 835 locis
596 779 740 851 adparent
754 778 799 835 vel
819 777 875 832 sub
887 780 1003 832 terreno
1017 772 1069 831 illo
1114 774 1249 832 distincta
1260 781 1311 832 aut
1324 777 1455 843 contusa,
1471 779 1598 851 perlecta
1609 776 1656 834 vel
1666 775 1836 849 imperieeta
1848 791 1907 846 ry-

279 858 483 930 inveniuntur,
502 861 562 917 sive
576 861 740 918 fluvialium
756 861 938 917 alluvionum
954 857 1069 932 deposi·
1113 861 1306 916 atottisata'onis
1317 876 1406 934 opera
1414 862 1640 936 perspiciuntur,
1649 877 1717 934 quae
1724 858 1905 917 naturalium

278 941 385 1014 tiones,
407 945 466 1002 sive
485 945 550 1002 aliae
570 962 716 1020 aquarum
729 943 987 1011 continentalium‚
1007 943 1067 1015 ple·
1112 940 1212 1014 legum
1221 944 1421 1017 operationem
1433 942 1905 1018 maniiesteprodunt,eleuterio·

278 1041 404 1101 rumque
417 1031 542 1086 colcareoe
557 1029 603 1103 (ut
618 1030 694 1102 lapis
710 1031 859 1086 tiburtinus
873 1025 1064 1102 appellatus),
1111 1041 1174 1082 rem
1184 1025 1309 1083 {laridum
1321 1031 1427 1084 statum
1438 1036 1619 1100 supponunt.
1632 1029 1777 1098 Secundo,
1790 1029 1820 1083 in
1829 1027 1905 1100 pby·

277 1109 337 1165 sive
349 1126 475 1185 corpora
488 1116 637 1170 aenimate
646 1115 751 1184 eJ'ecta3
767 1129 831 1187 qua
840 1112 1065 1183 circumscriptae
1112 1109 1177 1166 sicis
1185 1110 1401 1167 characteribus
1411 1127 1549 1182 magnam
1557 1112 1723 1184 analogiam
1730 1115 1846 1168 terrena
1853 1109 1904 1167 illa

276 1195 305 1248 et
315 1191 408 1251 locale
418 1199 594 1265 formationes
609 1203 677 1253 sunt
689 1197 737 1254 vel
751 1201 879 1254 recentes
892 1195 940 1253 vel
954 1199 1065 1267 tempo-
1111 1196 1269 1250 ostendunt
1289 1210 1357 1250 cum
1382 1196 1500 1251 terrenis
1518 1195 1697 1266 vulcanidis,
1715 1193 1903 1268 quodetiam

275 1291 342 1333 rum
356 1293 417 1335 non
431 1281 506 1336 adeo
523 1281 731 1354 antiquorum,
748 1281 795 1338 vel
809 1284 883 1337 oerte
895 1281 1066 1349 sarmatiam·-
1110 1277 1231 1349 originis
1242 1278 1463 1335 similitudinem
1473 1278 1601 1336 indicare
1613 1279 1738 1336 videtur.
1750 1280 1822 1334 lum
1831 1277 1903 1334 eub-

275 1361 322 1416 tus
342 1363 436 1434 magis
455 1366 580 1420 extensis
597 1369 625 1420 et
642 1361 861 1435 subjacentibus
881 1363 1063 1420 recentiores.
1110 1361 1221 1418 stantiae
1235 1377 1302 1434 quae
1323 1361 1476 1434 primitive
1493 1362 1577 1418 diotoe
1595 1366 1678 1432 sunt,
1699 1365 1732 1417 ut
1750 1365 1902 1432 grauatum,

274 1443 334 1500 Sub
345 1445 401 1502 bac
415 1446 610 1520 epidermide,
626 1449 650 1504 si
664 1447 808 1518 fodiatur,
822 1447 964 1521 reperitur
977 1446 1065 1503 series
1109 1443 1271 1518 aliquando
1285 1461 1321 1500 ex
1335 1445 1395 1502 imo
1417 1459 1447 1500 se
1467 1445 1623 1517 eiaculatus
1644 1445 1711 1502 satis
1730 1446 1900 1516 ostendunt,

275 1533 432 1587 stratorum
450 1547 517 1606 quaa
536 1533 730 1605 plerumque,
752 1533 776 1588 si
798 1534 828 1588 in
848 1531 967 1605 planitie
986 1528 1064 1586 lodi·
1108 1533 1137 1585 et
1145 1528 1176 1584 in
1185 1528 1336 1585 interstitia
1346 1529 1588 1602 superiacentium
1599 1529 1900 1603 rapiaminsinuatas.

273 1629 356 1683 mus,
370 1615 543 1671 horizontali
559 1615 710 1672 directioni
722 1616 810 1672 valde
823 1615 980 1686 accedunt,
994 1614 1064 1671 alte
1108 1613 1247 1669 Praeterea
1260 1628 1336 1685 saepe
1350 1616 1388 1669 ad
1403 1613 1478 1668 latus
1491 1615 1707 1687 primitivarum
1716 1613 1838 1688 rupium
1849 1614 1900 1672 ad·

273 1711 341 1754 rum
355 1697 438 1756 altori
451 1698 721 1772 superimpositum,
736 1703 766 1754 et
779 1698 897 1756 interae
910 1701 974 1754 inm
987 1713 1064 1754 cras·
1104 1695 1202 1766 lacent
1214 1701 1302 1753 strata
1320 1695 1492 1767 fossiliiera,
1506 1713 1522 1753 e
1540 1697 1630 1754 maris
1649 1697 1817 1776 sedimentie
1837 1696 1900 1754 ior·

274 1779 336 1836 sitie
351 1780 518 1854 duritiaque
532 1773 680 1852 differunt,
695 1787 758 1839 tum
771 1787 877 1839 natura
889 1780 1064 1838 substantia·
1106 1784 1200 1850 mata,
1215 1782 1298 1854 quod
1314 1782 1433 1837 marinoe
1448 1782 1606 1839 ostendunt
1620 1783 1731 1839 exuviae
1747 1783 1833 1838 :haec
1848 1799 1900 1840 au·

271 1880 339 1920 ram
352 1866 538 1922 mineralium
551 1883 603 1922 seu
615 1867 852 1938 inorganicarum
869 1865 979 1938 quibus
992 1879 1062 1920 con·
1105 1869 1164 1923 tem
1178 1881 1239 1924 non
1253 1867 1381 1938 amplius
1394 1867 1604 1923 horizontalem
1620 1872 1670 1923 aut
1687 1866 1746 1924 iere
1759 1867 1898 1925 horizon-

271 1953 358 2020 stant,
372 1965 425 2006 neo
439 1965 500 2005 non
512 1949 552 2006 ob
564 1950 749 2023 praesentiam
763 1949 810 2006 vel
822 1948 999 2018 absentiam,
1014 1963 1062 2006 co-
1105 1949 1194 2006 talem
1208 1950 1408 2020 directionem,
1423 1967 1513 2024 qnam
1523 1955 1597 2007 certe
1606 1951 1742 2025 primitus
1752 1951 1898 2022 habuere,

270 2033 351 2106 piam
365 2037 394 2089 et
407 2033 604 2089 diversitatem
618 2035 755 2102 toralium
774 2034 975 2104 organicorum,
994 2045 1062 2104 quae
1105 2032 1156 2089 sed
1169 2033 1256 2090 valde
1271 2033 1425 2107 obliquam
1439 2039 1467 2090 et
1477 2033 1639 2109 aliquando
1657 2036 1824 2093 verticalem
1834 2053 1898 2109 pree
1917 2069 1923 2082 ·

270 2121 338 2174 sunt
354 2117 485 2190 reliquiae
504 2131 664 2190 corporum
679 2117 719 2174 ad
732 2133 823 2187 regna
841 2115 979 2188 organica
992 2130 1060 2188 per·
1104 2131 1136 2172 se
1147 2115 1259 2188 ierunt3
1273 2134 1365 2190 quam
1378 2133 1486 2174 novam
1499 2119 1674 2191 positionem
1684 2119 1789 2192 procul
1800 2120 1897 2176 dubio

269 2201 438 2272 tinentium,
453 2217 520 2274 que
534 2219 569 2257 ex
583 2201 641 2257 illis
655 2217 732 2273 saepe
746 2201 937 2258 effodiuntur.
952 2203 1060 2256 Verum
1104 2204 1252 2272 acceptam
1263 2199 1391 2257 referunt
1406 2200 1575 2257 substantiis
1588 2201 1662 2271 illis,
1677 2217 1752 2275 quas
1766 2202 1896 2260 dicimus

268 2285 292 2341 si
304 2285 597 2359 satisprogredimur,
606 2283 716 2341 lossilia
729 2285 791 2341 hoec
803 2284 987 2353 deliciunt‚et
1002 2284 1060 2340 dis·
1102 2286 1274 2354 primitivas,
1288 2301 1305 2340 a
1318 2284 1468 2357 prolundo
1481 2285 1703 2357 erumpentibus
1714 2291 1744 2342 et
1756 2285 1788 2342 in
1799 2286 1895 2344 altum

267 2368 368 2426 tinctio
390 2373 547 2426 stratorum
567 2370 666 2427 minus
685 2367 838 2424 manifesta
857 2369 971 2438 eradit;
993 2371 1022 2424 et
1034 2365 1059 2422 si
1103 2365 1308 2423 extollentibus
1322 2383 1389 2440 qua
1400 2368 1470 2440 ipsis
1484 2366 1642 2426 obstabant
1656 2387 1663 2425 :
1679 2370 1762 2443 quod
1773 2372 1895 2428 nonnisi

266 2453 344 2510 ultra
356 2453 444 2510 etiam
457 2452 606 2510 excavatio
620 2453 848 2525 produceretur,
859 2452 980 2508 andem
993 2449 1059 2507 nul·
1100 2449 1131 2505 vi
1145 2449 1326 2508 subterranei
1339 2451 1415 2523 ignis
1424 2450 1487 2507 lieri
1497 2453 1628 2524 potuisse
1637 2453 1753 2510 videtur
1764 2472 1771 2510 :
1784 2453 1824 2511 ab
1837 2455 1895 2513 hoc

266 2537 330 2596 ium
343 2537 432 2608 hujm
445 2537 588 2594 indicium
607 2537 776 2610 adpareret,
796 2536 849 2592 sed
865 2533 1058 2609 probabiliter
1100 2532 1226 2606 proinde
1244 2549 1371 2606 presens
1387 2533 1508 2591 illorum
1525 2550 1683 2608 corporum
1698 2541 1790 2592 status
1804 2539 1894 2609 origi·
1982 2549 1984 2554 ·

267 2637 459 2680 massasaxoa
471 2623 624 2695 compacta
630 2620 806 2692 reperiretur
818 2620 925 2691 ignotae
933 2617 1057 2693 proiun-
1100 2631 1168 2673 nem
1183 2617 1297 2674 trahere
1310 2617 1453 2675 dicendus
1470 2623 1523 2674 est.
1546 2619 1674 2675 landem
1688 2620 1892 2691 inveniuntur,

266 2705 364 2763 ditatis
377 2723 384 2762 :
399 2704 465 2762 talis
479 2705 558 2762 enim
578 2719 693 2774 massa,
706 2704 791 2777 quasi
809 2703 889 2762 basis
906 2704 1057 2777 quadam,
1098 2700 1202 2758 sallem
1216 2702 1245 2758 in
1259 2701 1379 2758 terrenis
1393 2701 1546 2773 primitivis
1562 2717 1614 2775 per
1631 2707 1719 2758 strata
1734 2702 1891 2776 distinctis,

266 2805 382 2863 semper
394 2793 484 2846 strata
495 2788 622 2845 cernitur
636 2787 792 2858 sustinere,
805 2787 857 2845 ubi
871 2786 1056 2844 ultimumex
1098 2783 1130 2841 in
1149 2785 1220 2858 ipsis
1237 2785 1299 2842 sexi
1317 2784 1492 2853 visceribus,
1512 2785 1638 2841 aliorum
1657 2786 1791 2858 lapidum
1809 2787 1891 2859 inag-

264 2873 311 2932 his
331 2873 519 2947 conspicitur.
542 2873 570 2930 Si
588 2873 619 2930 in
635 2878 752 2930 terreno
773 2872 882 2929 collino
903 2871 952 2928 vel
971 2887 1055 2930 mon·
1098 2871 1236 2925 mentaet
1254 2869 1367 2941 ipsoex
1385 2869 1539 2940 primitivis
1554 2869 1694 2941 rupibus,
1717 2872 1747 2926 at
1763 2870 1890 2928 diversae

263 2963 333 3017 tano
347 2956 489 3029 fodimus,
503 2957 606 3015 eadem
618 2955 794 3025 invenimus,
809 2957 863 3012 nisi
874 2955 958 3029 quod
967 2960 1056 3014 strata
1097 2953 1203 3025 speciei
1211 2971 1220 3023 ς
1239 2953 1322 3026 quod
1340 2954 1482 3023 ostendii,
1500 2951 1552 3010 illa
1564 2969 1619 3010 aaa
1629 2957 1776 3025 primitiva
1787 2956 1890 3013 striato

262 3043 331 3118 plus
340 3043 386 3098 vel
396 3042 494 3098 minus
504 3041 628 3115 obliqua
636 3056 699 3098 esse
709 3039 813 3098 solent.
824 3039 983 3114 aliquoties
992 3055 1055 3097 ver·
1097 3052 1195 3106 sensu,
1209 3039 1307 3094 necin
1318 3053 1373 3108 oo,
1391 3053 1451 3112 quo
1466 3053 1546 3094 nnnc
1562 3039 1794 3111 conspiciuntur,
1810 3045 1890 3098 statu

263 3127 360 3185 ticelia
373 3130 441 3183 sunt
457 3144 465 3183 r
480 3139 584 3183 verum
598 3125 754 3198 supernae
769 3125 892 3199 obliqua
906 3129 956 3182 aut
966 3125 1053 3182 verti-
1095 3117 1184 3177 fuisse
1197 3125 1302 3177 ereata.
1318 3121 1423 3178 Omnia
1436 3120 1524 3192 igitur
1539 3137 1607 3194 quae
1621 3123 1817 3180 observantur
1830 3129 1889 3180 ter·

262 3212 336 3271 calla
355 3225 573 3283 nonnunquam
591 3209 651 3267 alta
671 3207 869 3266 extenduntur
887 3209 1052 3266 horizonta·
1094 3217 1179 3273 rena,
1196 3208 1264 3277 post
1277 3205 1453 3261 creationem
1470 3205 1613 3272 materiei,
1634 3208 1746 3262 naturae
1758 3205 1887 3278 viribus,

260 3297 321 3353 liar
338 3294 500 3368 aliquando
515 3297 639 3351 stratum
653 3291 843 3350 directionem
856 3297 960 3364 mutat,
974 3298 1003 3350 et
1015 3309 1052 3351 ex
1093 3287 1125 3343 id
1142 3287 1279 3360 estjuxta
1292 3288 1371 3360 leges
1384 3303 1403 3345 a
1415 3290 1550 3344 Creatore
1564 3289 1714 3362 impositas
1734 3305 1887 3363 corporeae

261 3378 385 3452 obliquo
399 3379 432 3434 iit
445 3377 641 3447 horizontaie,
660 3377 709 3433 vol
723 3377 857 3450 opposite
869 3376 1026 3451 obliquum
1041 3397 1049 3435 :
1092 3375 1214 3442 natura,
1224 3370 1473 3429 elaborataiuere.
1484 3373 1626 3444 Analogia
1636 3373 1721 3446 duce,
1733 3374 1813 3430 idem
1824 3377 1900 3432 cre-‘

260 3477 477 3535 nonnunquam
496 3465 585 3518 strata
600 3461 727 3532 abrupta
742 3465 811 3516 sunt
828 3465 857 3517 et
874 3477 943 3533 pars
960 3462 1050 3518 altera
1092 3453 1161 3512 dere
1174 3471 1332 3530 possumus
1347 3457 1384 3513 de
1397 3457 1500 3514 solidis
1511 3457 1680 3515 substantiis
1691 3459 1886 3518 mineralihus

163 3551 166 3557 '
260 3545 381 3604 inferius
395 3545 550 3618 reperitur,
562 3545 610 3600 vel
626 3543 692 3600 duee
706 3549 803 3616 partes
816 3543 854 3599 ab
870 3545 995 3600 invicem
1005 3559 1050 3602 re·
1091 3536 1295 3612 inferioribus,
1311 3555 1440 3613 quorum
1458 3541 1649 3614 aspectuirui
1664 3543 1752 3600 nobis
1769 3559 1833 3602 non
1846 3544 1884 3602 li-

259 3629 378 3688 cessisse
387 3629 533 3698 videntur,
543 3633 572 3684 et
581 3627 867 3700 vallisinterponitur
877 3645 885 3683 ι
896 3643 972 3700 saepe
978 3643 1048 3685 vero
1091 3628 1145 3681 cet.
1160 3627 1268 3682 flevere
1282 3627 1364 3684 nulla
1376 3632 1496 3700 apparat
1508 3630 1593 3698 ratio,
1608 3645 1661 3685 eur
1674 3632 1750 3686 Deus
1763 3631 1883 3688 interio-

256 3713 355 3772 biatus
369 3713 496 3784 repletus
515 3711 663 3768 invenitur
680 3710 807 3767 materiis
821 3710 1012 3768 mineralihus
1031 3727 1049 3768 a
1089 3722 1135 3764 res
1145 3713 1240 3779 partes
1250 3711 1332 3780 globi
1341 3711 1507 3768 immediate
1514 3711 1667 3787 perfecisse
1677 3713 1822 3771 dicendus
1830 3717 1881 3789 sit;

257 3797 379 3854 materia
387 3795 533 3869 parietum
544 3793 666 3851 omnino
677 3793 808 3850 diversis.
819 3798 853 3851 At
865 3794 889 3849 si
900 3794 929 3850 in
941 3795 1048 3850 montis
1090 3792 1224 3847 corticem
1237 3807 1306 3850 vero
1320 3794 1490 3852 hominibus
1505 3795 1624 3868 datum,
1641 3797 1730 3854 veluti
1745 3813 1808 3854 rem
1824 3800 1882 3856 mi-

256 3880 362 3938 vertice
375 3878 520 3948 fodimus,
538 3876 591 3933 ubi
604 3891 693 3950 rupes
706 3872 743 3932 'sit
755 3884 893 3948 compacto
907 3877 1048 3950 nullaque
1088 3874 1169 3929 noris
1181 3877 1338 3948 momenti,
1358 3879 1452 3935 causis
1467 3881 1601 3936 secundis
1615 3881 1792 3953 permisisse.
1814 3885 1881 3940 tam

257 3966 400 4039 adparent
413 3967 500 4019 strata
508 3981 517 4031 ς
531 3965 594 4018 tum
609 3960 709 4031 nulle,
722 3961 913 4035 quantumvis
927 3961 1047 4018 effodia-
1087 3970 1157 4013 vero
1167 3957 1191 4014 si
1201 3963 1261 4016 tota
1270 3961 1381 4017 telluris
1390 3979 1458 4036 pars
1468 3965 1561 4020 solida
1571 3969 1681 4020 nature
1691 3965 1804 4021 viribus
1813 3983 1882 4040 per-

256 4064 334 4119 mus‚
348 4052 438 4104 strata
449 4045 638 4118 reperiemus,
652 4046 703 4102 sed
712 4061 829 4118 semper
838 4049 993 4102 continuam
1002 4062 1047 4103 sa·
1087 4039 1161 4098 facta
1173 4047 1230 4114 est,
1245 4044 1303 4102 hoc
1316 4051 1395 4104 certo
1409 4064 1485 4122 opus
1498 4064 1559 4104 non
1571 4049 1625 4105 iuti
1638 4065 1802 4122 paucorum
1816 4052 1881 4108 die-

255 4147 343 4190 xeam
352 4129 533 4204 rupem,iilis
540 4128 664 4184 similem
674 4145 740 4200 quae
751 4133 908 4186 stratorum
917 4130 948 4185 in
956 4130 1045 4204 plano
1087 4143 1164 4185 rum.
1183 4129 1322 4188 lliraculo
1336 4133 1509 4189 acceleratos
1524 4137 1613 4190 alteo
1629 4138 1742 4190 naturae
1755 4133 1880 4191 effectus

256 4220 285 4274 et
293 4216 323 4272 in
333 4213 497 4272 minoribus
510 4213 661 4270 montibus
669 4213 755 4271 bases
764 4229 828 4272 esse
839 4213 985 4272 videntur.
998 4217 1046 4271 liae
1087 4226 1230 4284 asserere,
1250 4214 1482 4289 inopportunum
1496 4223 1585 4287 esset;
1604 4216 1687 4290 quod
1701 4218 1794 4292 paulo
1809 4223 1879 4276 ante

255 4315 345 4373 rupes
359 4301 492 4356 continua
505 4296 577 4370 tsine
586 4298 703 4369 stratis),
716 4291 780 4354 aliae
797 4299 866 4356 item
879 4299 961 4356 haud
970 4299 1046 4355 absi-
1085 4301 1153 4351 cuni
1164 4295 1266 4354 Suario
1275 4297 1473 4355 advertebam.
1486 4301 1540 4356 Neo
1551 4300 1664 4356 Pererio
1675 4302 1772 4374 placet
1785 4303 1880 4359 iteum

256 4383 341 4441 miles
353 4383 410 4440 illis
427 4383 526 4455 eisquc
540 4380 708 4438 immediate
722 4382 930 4454 superpositae,
949 4383 1046 4440 sedin
1086 4393 1252 4451 supponere
1272 4380 1304 4436 in
1319 4381 1496 4454 perficienda
1511 4388 1615 4439 natura
1635 4381 1821 4456 frangentem
1835 4385 1885 4442 le·'

255 4471 343 4526 strata
357 4465 508 4535 distinctae,
522 4469 551 4522 et
564 4466 651 4522 etiam
664 4480 742 4537 sepe
752 4463 865 4522 ioliaaae
878 4481 941 4535 seu,
955 4471 989 4522 ut
1001 4465 1046 4522 di·
1085 4475 1136 4530 gas
1154 4476 1173 4517 a
1192 4476 1222 4517 sa
1242 4461 1298 4535 ipsi
1313 4469 1423 4520 naturae
1438 4464 1604 4538 impositas3
1627 4470 1655 4522 et
1672 4466 1833 4539 coningere
1847 4471 1877 4526 in

255 4555 335 4621 aaut,
349 4551 492 4615 schistosa,
506 4565 634 4622 quaeque
648 4549 756 4619 pariter
766 4546 915 4605 iossilibus
929 4549 1045 4619 organi·
1084 4543 1213 4616 physicis
1226 4545 1266 4601 ad
1279 4547 1420 4604 miracula
1440 4563 1499 4604 non
1519 4551 1697 4622 necessaria,
1719 4551 1775 4622 ait,
1795 4553 1878 4610 idem

254 4636 296 4695 cis
307 4639 417 4704 carent,
429 4636 580 4705 primitiare
594 4648 646 4687 seu
656 4631 862 4704 primordiales
871 4630 927 4686 dici
939 4632 1042 4689 solent.
1085 4642 1146 4682 esse
1163 4643 1196 4683 ac
1213 4630 1360 4686 rationum
1378 4631 1523 4687 deiectum
1539 4631 1621 4689 lateri
1635 4635 1690 4706 (3),
1711 4629 1877 4710 quod'ejus

254 4715 417 4776 Fossiliiera
437 4717 575 4773 dicuntur
588 4713 744 4785 torrescit)
765 4713 919 4786 inquibus
933 4713 1044 4772 lossiiia
1083 4710 1205 4767 effatum
1220 4712 1306 4769 reiert
1319 4718 1346 4769 et
1359 4714 1504 4787 approbat
1518 4719 1547 4771 P.
1562 4717 1670 4772 Nicolai
1682 4717 1730 4790 (t).

254 4801 394 4873 organica
404 4800 599 4873 reperiuntur,
613 4813 681 4872 quea
694 4803 808 4854 terrena
817 4797 972 4869 primitivis
984 4799 1042 4857 illis
1118 4795 1206 4851 xvttt.
1220 4795 1306 4867 llagis
1318 4796 1465 4854 evidenter
1473 4802 1680 4873 consequentia
1690 4801 1741 4858 illa
1754 4803 1877 4862 deseen-

255 4883 480 4961 auperimposita
493 4885 570 4940 sunt.
1084 4876 1127 4934 dit
1144 4893 1180 4934 ex
1200 4877 1332 4950 digilenti
1351 4882 1483 4938 exarniue
1502 4886 1682 4939 terrenorum
1700 4884 1878 4947 fossiliiero·

286 5033 322 5096 (l)
340 5037 468 5083 mamam
482 5030 575 5082 dicitur
584 5027 699 5093 Geologis
709 5041 809 5080 summa
823 5039 959 5079 massarum
970 5028 1042 5080 inoe-
1082 4952 1160 5031 Μ’
1172 4976 1240 5035 qum
1254 4967 1329 5020 certe
1342 4961 1418 5021 sm
1431 4969 1498 5022 sunt
1513 4971 1580 5040 post
1594 4973 1691 5024 creata
1700 4969 1780 5027 entia
1789 4987 1878 5046 ⁰³8³·

254 5103 399 5171 gaulcarum
412 5117 481 5167 quae,
498 5101 658 5166 quantumvis
670 5099 788 5150 differant
800 5099 881 5163 quoad
895 5101 1002 5163 speciem
1016 5107 1042 5153 et
1115 5095 1246 5160 tilsaoato
1256 5100 1545 5164 ct'trrmtoaetteotao..
1555 5115 1613 5166 opp.
1626 5102 1666 5154 od.
1675 5103 1833 5168 llam.,tom.
1842 5107 1876 5172 x,

255 5176 394 5241 originem,
407 5175 526 5238 producta
540 5181 625 5223 tamen
636 5171 752 5222 videntur
764 5171 852 5221 eadem
867 5173 985 5234 temporis
999 5185 1040 5236 pe·
1081 5183 1138 5236 pag.
1153 5175 1205 5222 aaa.

254 5247 336 5299 riodo.
349 5248 388 5298 lta
400 5246 517 5302 dicamur
531 5253 627 5297 terena
637 5244 784 5303 romarico.
800 5244 959 5300 mandaria,
977 5243 1041 5304 tate·
1114 5241 1148 5306 (a)
1163 5247 1332 5303 incensari,
1348 5243 1369 5297 t.
1384 5240 1408 5288 a.

254 5322 331 5372 rtoro,
346 5319 479 5374 strivarium,
492 5321 539 5364 etc.
1115 5309 1151 5374 (l)
1164 5312 1263 5364 wioni
1274 5312 1312 5360 tal
1328 5315 1420 5366 Gener..
1434 5309 1478 5360 let¹
1490 5311 1559 5376 xvi,
1575 5327 1598 5376 p.
1610 5315 1666 5366 tta.
