4194 6034
317 313 373 382 ert
803 303 1355 392 counaevraurnaarasru,rn.
1375 311 1464 382 xxvi.

355 423 539 500 symbolica,
554 425 730 494 Eucherius,
742 423 796 482 llb.
811 426 843 496 ll,
857 441 924 494 ean.
938 441 1043 499 caper
1055 426 1111 484 bos
1156 429 1218 495 rat,
1233 426 1344 499 piratas
1359 429 1433 485 mari
1443 469 1453 500 ‚
1467 429 1623 502 pressiones
1642 431 1720 486 terre
1733 423 1952 499 submoverate

320 513 378 568 tres
395 509 506 568 amicos
525 507 694 566 abimelech
699 549 708 579 ,
721 507 827 580 accipit
846 508 1042 582 Philosophus
1062 509 1113 566 tri·
1156 509 1230 582 quin
1244 514 1273 566 et
1285 510 1361 568 ieras
1372 529 1379 567 ε
1391 527 1463 570 nam
1473 527 1491 569 a
1502 511 1648 569 Guidnalo
1659 511 1871 568 Gualdeneium
1883 523 1954 580 rege

299 593 429 664 .plices,
443 590 551 648 scilicet
565 593 702 663 bogieos,
722 592 854 662 Etbieos,
867 593 1026 667 Physicosr
1042 594 1112 650 item
1155 591 1299 650 tributum
1313 595 1418 663 exegit,
1433 595 1519 651 annis
1531 594 1655 665 singulis
1668 593 1757 666 lupos
1770 592 1908 664 triginta,
1921 592 1955 650 id

319 680 377 732 tres
388 677 501 744 tragos,
514 674 567 746 qui
582 675 656 731 duce
671 674 756 731 stalla
768 675 809 732 ad
822 677 913 746 isaac,
926 676 959 734 id
976 679 1019 734 est
1032 676 1113 734 Chri-
1156 681 1320 745 servatum,
1334 678 1430 734 donee
1447 677 1523 738 illud
1543 677 1705 734 bestiarum
1719 691 1814 748 genas
1833 676 1955 734 assidua

319 760 582 827 stum,venerunl.
1006 753 1013 778 ·'
1157 758 1312 816 venatione
1338 759 1453 816 defecit.
1480 763 1589 817 Tantus
1616 774 1688 830 ergo
1715 757 1830 831 pacifici
1859 762 1953 816 status

201 857 304 906 vecta
352 847 398 904 29.
412 847 728 914 Nacrrcrnusouonrn
742 863 884 906 canavas.
897 848 1113 909 -l'alsumdi-
1157 857 1252 911 amor,
1265 842 1364 914 ipsum
1377 843 1534 915 adpaeem
1548 837 1687 901 sternam
1701 841 1847 913 provexit,
1861 845 1953 913 &tque

269 921 275 928 ’
318 933 388 988 cunt
404 947 410 984 :
426 944 496 984 nam
513 929 585 1001 ipsis
598 931 842 1000 conniventibus,
860 938 993 1005 pastores
1006 937 1113 1006 puteos
1157 925 1196 982 ad
1218 925 1364 982 roelestern
1383 925 1509 996 gloriam
1530 926 1605 984 inter
1626 927 1747 982 &notos
1768 923 1952 982 sublimavit.

318 1015 417 1070 isaaco
430 1013 610 1068 ademerant.
633 1015 673 1070 lta
693 1015 815 1071 violenti
833 1018 862 1070 st
874 1015 992 1087 tyranni
1006 1014 1114 1087 praedi·
1157 1008 1416 1065 inhonestius.
1429 1008 1580 1066 onustant.

318 1099 386 1154 cant
402 1110 488 1152 suam
502 1094 646 1167 justitiam
665 1097 756 1167 :justi
776 1111 862 1166 vero,
882 1112 951 1154 cum
969 1099 1049 1154 isaac
1065 1111 1113 1153 ac·
1192 1095 1310 1148 aaaron
1332 1107 1535 1150 nessnrarrovn
1553 1094 1676 1161 boemi,
1690 1119 1727 1136 ·-
1739 1091 1811 1166 quia
1827 1096 1857 1150 te
1874 1090 1970 1149 vidi-v

318 1182 434 1252 ceptam
447 1177 586 1249 injuriam
600 1177 802 1248 dissimulant,
815 1182 844 1236 et
860 1179 1007 1238 maleficia
1024 1181 1114 1237 bene·
1157 1192 1224 1232 mus
1243 1176 1431 1234 benedictum
1448 1192 1466 1232 a
1484 1177 1618 1232 Domino.
1634 1175 1715 1232 Unde
1731 1175 1871 1234 vstablus
1887 1191 1953 1234 uer·

318 1260 391 1320 liciis
406 1261 554 1331 obruunt,
566 1260 650 1317 irasci
666 1262 898 1334 rescissaque
917 1263 1031 1336 pacifici
1045 1266 1114 1320 suut
1156 1258 1204 1327 tit,
1216 1275 1280 1316 acm
1298 1267 1330 1316 ta
1348 1277 1375 1317 es
1395 1260 1548 1316 benedictae
1562 1263 1682 1316 llcraiai.
1699 1261 1774 1316 Dant
1787 1261 1866 1318 enim
1882 1275 1952 1318 cau·

210 1357 307 1404 mua-
319 1348 348 1402 et
366 1346 432 1417 paci
453 1344 581 1402 student.
600 1343 744 1411 Quocirca
761 1345 867 1401 merito
888 1346 916 1402 S.
936 1346 1112 1416 Gregorius,
1157 1355 1237 1412 sam,
1251 1358 1304 1400 eur
1318 1345 1450 1400 isaacum
1460 1343 1492 1399 in
1504 1357 1577 1415 pace
1592 1342 1857 1415 dimiserintrqnia
1869 1343 1952 1400 vide·

201 1429 251 1464 '¹²¹²
273 1430 308 1465 n·
320 1427 424 1486 homil.
443 1429 478 1484 rs
493 1430 525 1486 ia
542 1427 650 1492 azeca,
670 1430 802 1484 isaacum
822 1426 977 1500 speculum
989 1429 1072 1500 pacis
1084 1431 1114 1485 st
1156 1422 1223 1481 lieet
1242 1425 1383 1483 videbant
1397 1440 1468 1483 enm
1480 1441 1500 1482 a
1514 1427 1571 1482 lieo
1580 1425 1696 1498 protegi
1707 1429 1736 1482 et
1746 1423 1902 1496 benedici,
1915 1443 1952 1484 ee

200 1479 279 1538 ψ’
320 1512 513 1586 simplicitatis
525 1510 639 1579 statuit,
653 1509 726 1568 dum
740 1509 780 1568 ait
797 1528 804 1566 :
822 1513 959 1568 ullorum
974 1510 1113 1584 simplici·
1156 1507 1366 1578 proindeenm
1379 1513 1498 1580 tangere
1512 1507 1747 1566 nonaudebant.

320 1602 364 1655 tas
377 1597 494 1670 placet?
508 1595 634 1654 lsaacad
645 1599 773 1652 mentem
785 1595 892 1665 veniat,
903 1609 994 1668 quern
1005 1594 1035 1650 in
1049 1610 1113 1653 om·
1191 1591 1236 1646 ΒΞ.
1256 1594 1337 1659 Quen
1356 1606 1512 1648 ronanam.
1529 1619 1565 1634 -
1590 1591 1661 1648 llino
1677 1594 1707 1649 et
1726 1606 1803 1650 vers.
1822 1595 1859 1652 es
1870 1599 1953 1667 patet
1964 1599 2055 1647 Venit

319 1679 478 1754 nipotentis
499 1679 546 1736 liei
564 1677 676 1748 oeulis,
690 1677 757 1734 vitra
773 1693 834 1735 suas
852 1677 1049 1750 tranquillitas
1066 1694 1112 1737 or·
1155 1673 1240 1745 quod
1258 1678 1355 1744 lsasc,
1369 1691 1442 1733 mox
1459 1679 1492 1730 ut
1504 1674 1584 1732 venit
1597 1673 1754 1744 Bersabee,
1765 1675 1885 1746 iusserit
1903 1694 1950 1735 re-

320 1765 410 1822 navit.
432 1767 472 1821 lta
490 1761 580 1820 David
603 1761 719 1819 Saulem
745 1775 776 1816 sa
799 1765 1023 1833 persequentem
1041 1760 1113 1832 iuga
1155 1753 1219 1812 fodi
1232 1761 1260 1812 et
1271 1757 1421 1815 eruderari
1434 1761 1555 1830 putenm
1568 1755 1680 1814 dictum
1694 1757 1846 1830 Bersabee,
1858 1775 1950 1833 quem

319 1845 492 1916 declinavit;
507 1851 535 1903 et
552 1859 621 1904 curn
633 1846 735 1918 posset
748 1844 864 1913 laedere,
879 1843 975 1902 noluit
990 1862 996 1900 :
1012 1845 1112 1917 itaque
1156 1838 1246 1908 olim,
1261 1855 1326 1912 cap-
1342 1855 1401 1910 ΠΙ,
1412 1855 1489 1898 vert·
1503 1842 1551 1908 30,
1564 1838 1707 1897 effoderat
1720 1840 1886 1914 Abraham
1896 1846 1950 1904 sed

319 1929 463 1988 beneficio
481 1929 572 1986 David
586 1927 661 1985 victa
674 1932 717 1984 est
730 1926 825 1984 Saulis
839 1927 961 1984 invidia.
978 1928 1020 1984 lta
1032 1929 1113 1986 Salo-
1156 1923 1290 1978 Gerarilae
1307 1939 1344 1980 ex
1358 1923 1469 1980 invidia
1490 1939 1560 1980 eum
1577 1921 1671 1980 humo
1690 1923 1893 1996 oppleverant.
1909 1931 1951 1986 lta

318 2029 391 2072 mon
411 2011 552 2088 pacificus
574 2011 645 2081 init,
669 2010 797 2083 Ideoque
817 2008 962 2082 templum
986 2011 1112 2068 Domino
1155 2005 1308 2075 Cajetanus
1322 2005 1526 2064 stabulensis.

318 2095 464 2154 aedificare
476 2095 624 2154 meruit.»
1191 2090 1340 2146 invenicus
1361 2103 1469 2156 squas.
1490 2117 1526 2132 -
1547 2087 1589 2146 lta
1610 2093 1639 2146 et
1662 2089 1793 2149 llebrma.
1817 2095 1968 2153 llendosi.

352 2181 380 2238 S.
403 2182 471 2252 lvo,
492 2178 715 2256 causidicorum
736 2179 894 2250 patronus,
918 2193 989 2236 oum
1011 2178 1113 2238 multis
1155 2171 1825 2248 erit⁰¹¹i0sulielfllibb⁵11⁰tSeptutltiifllt‘lssi
1836 2177 1947 2236 hstbent

318 2264 483 2335 mbaoulis,
496 2267 561 2321 tum
578 2261 694 2336 piatatis
707 2258 848 2333 operibus
866 2261 983 2332 clarus,
996 2259 1113 2332 litigari·
1155 2257 1318 2326 contrarie,
1333 2271 1386 2314 aon
1400 2259 1552 2314 invenimur
1565 2271 1674 2327 aquam.

317 2353 361 2405 tes
372 2347 528 2407 conciliare
541 2345 694 2413 studebat,
710 2357 838 2416 cumque
850 2345 1013 2416 quemdam
1028 2345 1110 2416 gravi
1189 2344 1234 2399 33.
1257 2345 1333 2400 Urna
1353 2357 1524 2401 arceamur
1542 2357 1599 2402 svn
1616 2359 1826 2406 sannorum.
1841 2378 1877 2392 —
1890 2352 1945 2409 Pro
1958 2353 2050 2398 veser.

318 2430 388 2488 odio
402 2446 421 2488 a
435 2433 528 2488 melre
548 2427 757 2495 dissidentem,
774 2425 807 2483 in
824 2427 949 2498 gratiam
965 2433 993 2485 at
1007 2443 1111 2500 pacem
1155 2427 1353 2484 abundantiam
1377 2427 1514 2487 hebraice
1535 2431 1580 2484 est
1603 2435 1690 2499 titt,
1712 2433 1797 2504 quod
1818 2447 1875 2505 pro
1895 2451 1944 2492 va·

318 2514 456 2573 reducere
477 2510 669 2586 nequivisset,
688 2509 780 2566 llissee
799 2509 976 2568 sacrificium
999 2526 1056 2584 pro
1074 2525 1110 2569 eo
1153 2510 1253 2568 rietale
1264 2515 1446 2584 punctorum
1458 2511 1608 2584 tripliciter
1620 2511 1680 2584 legi
1694 2517 1722 2570 et
1737 2515 1879 2587 explicari
1890 2533 1943 2592 po·

319 2601 377 2654 lieo
386 2597 493 2654 obtulit
503 2614 510 2652 :
521 2593 628 2652 exinde
642 2593 760 2650 nemina
770 2593 833 2666 jem
848 2593 1032 2666 sollicitante,
1044 2596 1110 2654 solo
1154 2599 1218 2652 test.
1238 2599 1344 2662 Primo,
1356 2597 1414 2668 legi
1431 2600 1528 2670 potest
1546 2597 1639 2664 eluta,
1656 2613 1710 2671 per
1727 2601 1820 2666 satia,
1834 2607 1864 2661 et
1876 2608 1944 2662 tunc

218 2727 220 2732 .
318 2678 419 2747 divino
430 2679 568 2736 instinctu
585 2677 625 2734 ita
638 2677 745 2733 animis
759 2677 958 2750 resipuerunt,
972 2683 1006 2737 ut
1022 2680 1111 2737 ethic
1153 2677 1299 2748 significat
1317 2683 1449 2752 septem,
1463 2696 1491 2750 q.
1512 2679 1542 2735 d.
1557 2681 1664 2757 llieest
1682 2683 1825 2754 septimus
1838 2691 1942 2758 puteus

317 2763 412 2820 silium
432 2779 463 2822 sa
476 2765 660 2833 agnosceret,
675 2763 704 2818 et
716 2759 767 2818 illa
780 2764 914 2819 matrem.
965 2803 969 2810 .
1152 2777 1244 2834 quern
1254 2761 1355 2820 effodi
1366 2764 1407 2820 lta
1416 2762 1566 2820 llatablus.
1578 2766 1716 2836 Rursum,
1726 2765 1775 2824 bie
1787 2771 1943 2843 estputens

352 2846 517 2920 eepnnurio
539 2843 644 2902 abbari
666 2848 695 2902 st
716 2845 844 2902 eremitas
865 2845 1027 2905 revelatum
1049 2853 1109 2921 est,
1153 2848 1263 2917 septem
1283 2859 1446 2918 agnarum,
1466 2845 1578 2919 quibus
1596 2863 1666 2906 aum
1685 2849 1756 2908 emit
1775 2850 1942 2926 abrabam,

318 2931 477 3004 quamdam
491 2929 634 2986 lleracleoe
645 2927 702 2984 sibi
716 2927 783 2986 vitm
796 2927 905 2985 meritis
917 2944 981 2986 esse
995 2945 1110 3003 parem,
1152 2943 1218 2999 cap.
1231 2942 1295 2999 nr,
1308 2943 1384 2985 vera.
1400 2929 1436 2986 30
1449 2934 1478 2986 at
1490 2931 1536 2988 nr.
1551 2931 1681 3005 lienique
1694 2929 1743 2989 bie
1756 2938 1863 3006 putens
1877 2951 1942 3010 sep·

317 3018 510 3088 ctquarens,
525 3012 636 3070 invenit
647 3013 718 3068 arun
728 3011 851 3084 quidem
861 3015 890 3069 et
900 3027 1025 3070 uxorem
1036 3017 1065 3070 et
1075 3014 1111 3070 li·
1151 3014 1224 3080 tem,
1240 3012 1271 3069 id
1290 3018 1351 3083 est,
1365 3012 1473 3086 multas
1489 3017 1519 3070 el
1537 3013 1674 3086 copiosas
1693 3014 1777 3074 dabit
1792 3031 1895 3092 aquas.
1911 3023 1944 3080 ar

317 3097 372 3154 lios
390 3097 517 3166 babere,
528 3096 581 3155 sed
591 3099 660 3170 post
677 3095 839 3152 secundam
854 3101 1021 3168 susceptam
1041 3113 1110 3170 pro·
1151 3095 1191 3151 ita
1204 3095 1308 3167 legisse
1321 3099 1350 3152 et
1362 3095 1539 3154 intellexisse
1558 3097 1652 3156 videri
1670 3101 1768 3172 potest
1785 3106 1884 3161 noster
1897 3105 1941 3160 ln·

315 3180 390 3251 lem,
403 3181 564 3238 castitatem
577 3194 646 3236 curn
659 3179 725 3251 ipsa
734 3175 861 3247 servare,
870 3178 990 3249 justitie
1002 3185 1031 3238 et
1045 3182 1108 3255 pie·
1151 3181 1276 3250 terpres,
1290 3180 1364 3236 dum
1376 3178 1477 3247 vertit,
1493 3179 1699 3238 amedaram.

314 3266 366 3322 tati
379 3265 512 3333 studere,
523 3279 558 3321 ae
571 3262 733 3336 presertim
747 3261 869 3333 conniti,
883 3265 926 3331 nt,
938 3263 962 3318 si
974 3279 1052 3336 quos
1065 3265 1109 3321 in·
1185 3263 1322 3327 Secundo,
1347 3260 1404 3332 legi
1424 3265 1521 3335 potest
1544 3263 1657 3328 scetes,
1672 3264 1704 3322 id
1716 3269 1777 3336 est,
1787 3268 1939 3338 juramen.

315 3353 358 3418 tar
372 3363 404 3405 se
416 3349 488 3406 odio
506 3347 660 3404 distractos
673 3343 874 3417 cognovisset,
887 3347 1105 3417 reconcilinrct;
1150 3350 1224 3416 tum,
1238 3346 1309 3418 quia
1323 3345 1453 3402 adhunc
1466 3347 1938 3426 puteumjuravernnttoednsqus

314 3431 428 3503 pacifici
442 3445 514 3502 ergo
533 3427 684 3501 Religiosis
703 3431 880 3500 sequautur:
896 3429 976 3485 testis
989 3435 1033 3486 est
1045 3432 1107 3488 Pal·
1147 3429 1276 3486 inierunt
1297 3428 1445 3487 Abrabam
1463 3433 1492 3484 et
1511 3431 1590 3486 isaac
1603 3445 1673 3488 cum
1687 3431 1939 3496 abimelechem

314 3515 427 3584 ladius,
441 3529 507 3586 cap.
521 3528 595 3572 arrr.
1148 3512 1346 3586 Septuaginta.

349 3598 421 3653 ilinc
443 3596 578 3666 agathon
600 3594 699 3652 abbas
717 3595 838 3666 gloriari
855 3596 970 3654 solebat
986 3615 1017 3656 se
1031 3615 1106 3657 nun·
1186 3598 1291 3662 Tertio,
1305 3596 1363 3669 legi
1376 3601 1474 3670 potest
1485 3599 1546 3655 seba
1557 3614 1611 3671 per
1629 3603 1674 3656 sia
1694 3619 1703 3653 r
1722 3601 1763 3659 ita
1782 3603 1852 3676 legit
1869 3608 1940 3664 llos·

313 3695 404 3752 qnam
419 3679 529 3750 cepisse
542 3692 695 3746 somnum,
706 3677 763 3732 nisi
771 3679 854 3748 prius
864 3684 892 3735 et
905 3695 990 3737 suam
1004 3683 1107 3741 adver·
1148 3684 1210 3750 ter3
1225 3684 1347 3752 tumque
1366 3679 1512 3751 significat
1530 3685 1721 3748 saturitatem,
1743 3687 1940 3754 q.d.1lxboo

313 3778 364 3820 sus
375 3761 463 3830 alios,
475 3764 503 3816 et
511 3759 636 3816 altorum
648 3763 750 3815 contra
758 3775 789 3814 se
799 3759 1034 3830 indignationem
1043 3765 1107 3838 pla·
1146 3767 1237 3836 puteo
1251 3762 1464 3832 saturabimur,
1477 3763 1526 3820 hio
1538 3769 1646 3834 puteus
1658 3766 1827 3837 pacificam,
1839 3772 1939 3844 copio-

314 3846 410 3902 cando
430 3843 559 3915 sopiret,
574 3839 709 3898 dictitans
725 3839 801 3896 illud
816 3858 824 3896 ε
842 3860 857 3893 ιι
870 3843 988 3914 inquire
1000 3859 1105 3917 pacem
1148 3861 1211 3902 saur
1231 3850 1259 3902 et
1277 3845 1480 3903 abundantem
1497 3845 1585 3904 nobis
1607 3850 1636 3904 et
1654 3849 1811 3920 pecoribus
1830 3855 1939 3911 nostris

196 3927 198 3932 '
313 3932 342 3984 ct
359 3941 535 4002 persequere
550 3939 660 3994 eam;»
682 3928 711 3980 et
728 3941 735 3979 :
755 3925 917 3982 «iracundi
936 3927 996 3984 Deo
1015 3933 1105 4003 atque
1148 3929 1845 4004 dubitadaquationem.lliosensnsplaneosted
1858 3953 1939 3995 men-
2087 3985 2088 3988 η

245 4041 249 4048 ·
311 4007 950 4068 homiuibusndinsuntslullitisl’alrnm.
1146 4017 1206 4070 tem
1220 4014 1511 4085 isaaci,utpntatex
1525 4016 1780 4074 versffletaliis.
2086 4019 2088 4084 l

346 4097 473 4151 loannes
488 4091 602 4163 abbas,
619 4091 717 4148 visens
739 4091 853 4150 Pcsium
871 4094 1103 4170 anachoretam,
1181 4100 1313 4174 Mystice,
1336 4100 1376 4156 ait
1396 4103 1478 4172 lingo
1500 4101 1685 4158 cardinalis:
1703 4107 1798 4161 uires
1812 4107 1842 4163 bi
1856 4108 1937 4181 putei
1965 4102 2048 4159 strata
2085 4113 2087 4159 l

312 4177 427 4252 rogavit
441 4193 511 4234 sum
530 4175 605 4250 quid
618 4191 671 4248 per
687 4177 829 4233 wannos
846 4176 878 4232 in
892 4193 992 4236 eremo
1006 4181 1104 4252 prole·
1146 4189 1214 4262 sunt
1227 4188 1286 4239 tres
1298 4186 1391 4239 status
1406 4183 1548 4253 Ecclesia,
1561 4183 1772 4259 incipientium,
1782 4165 1993 4264 proficies-{ff
2012 4171 2048 4216 μ’

312 4263 415 4321 sisset?
430 4259 583 4335 respondit
599 4259 668 4316 illa:
686 4276 701 4310 a
714 4258 801 4326 Quod
814 4258 860 4315 sol
877 4259 979 4317 omnia
993 4263 1102 4319 collus·
1144 4267 1219 4323 tium
1238 4271 1266 4321 et
1276 4265 1483 4339 perlectorum.
1503 4267 1633 4325 Primum
1647 4268 1739 4340 fodit,
1753 4272 1805 4344 qui
1816 4289 1936 4331 vomere
2085 4261 2086 4273 ‘

311 4353 392 4406 trans
404 4359 558 4420 uunquam
572 4357 620 4400 me
635 4342 863 4400 manducantem
873 4343 960 4414 vidit,
975 4357 1030 4401 nec
1043 4346 1102 4404 ira·
1144 4350 1325 4407 contritionis
1339 4350 1479 4408 duritiam
1490 4350 1590 4409 cordis
1608 4351 1654 4408 sui
1667 4354 1813 4412 eruderat.
1831 4358 1890 4413 tlon
1904 4357 1937 4413 iit

310 4433 385 4488 tum.
399 4449 415 4485 s
432 4427 555 4486 lbidem.
1144 4433 1175 4489 in
1186 4433 1266 4490 exitu
1280 4435 1316 4489 de
1330 4437 1474 4506 AEgypto,
1491 4439 1519 4491 et
1532 4435 1600 4490 ideo
1611 4435 1677 4491 talis
1691 4436 1790 4493 adbuc
1803 4437 1834 4494 in
1847 4455 1878 4496 se
1892 4453 1936 4496 re-

348 4515 500 4574 i‘roeteetus
512 4514 681 4572 monasterii
694 4513 792 4586 scythi
804 4518 926 4585 rogatus
939 4516 1014 4590 qnid
1028 4522 1103 4574 esset
1143 4515 1216 4572 tinet
1228 4516 1337 4572 multas
1349 4517 1488 4588 reliquias
1499 4519 1631 4590 AEgypti,
1646 4525 1768 4592 propter
1781 4535 1856 4592 quas
1873 4523 1936 4580 dia·

309 4599 386 4658 illud
405 4597 553 4671 Evangelii
576 4613 584 4653 r
609 4597 687 4664 cQui
707 4598 840 4655 irascitur
860 4597 942 4655 fratri
962 4615 1017 4656 suo
1039 4603 1101 4658 sine
1143 4599 1232 4657 bolus
1254 4599 1361 4655 multas
1384 4600 1548 4656 calumnias
1566 4606 1678 4672 movet;
1694 4603 1814 4660 undeet
1827 4609 1934 4677 puteus

310 4699 417 4754 eausa,
430 4700 446 4738 s
461 4683 557 4741 solam
568 4681 677 4751 justam
691 4679 741 4736 iroe
757 4695 877 4738 causam
892 4681 1043 4753 definivit,
1057 4701 1101 4740 ss·
1143 4684 1196 4740 iste
1210 4681 1370 4740 Calumniss
1383 4687 1588 4755 nuncupatur:
1604 4681 1788 4757 operaenim
1801 4689 1934 4761 neophy-

308 4763 1101 4842 parationemane03ceterisquamlibetmagnisinju-
1138 4769 1241 4823 torum
1264 4779 1326 4823 non
1348 4768 1418 4821 sunt
1434 4779 1649 4838 usquequaque
1660 4782 1747 4840 pura.
1763 4769 1934 4828 Secundum

308 4851 359 4910 riis
373 4849 509 4923 accepite,
522 4847 576 4920 qui
589 4846 734 4916 irascitur,
742 4860 812 4902 eum
826 4846 890 4904 sine
900 4861 990 4905 eausa
1002 4849 1099 4906 irasci.
1142 4847 1265 4922 putenm
1287 4846 1378 4918 fodit,
1399 4847 1453 4920 qui
1471 4862 1562 4903 manu
1576 4848 1664 4905 bonae
1678 4851 1857 4922 operationis
1871 4870 1890 4910 a
1902 4870 1934 4910 se

307 4934 432 4993 ibidem.
1141 4931 1194 4988 otii
1212 4931 1309 4989 omnia
1332 4935 1482 5004 torporem
1502 4931 1632 5004 expellit.
1653 4935 1740 4991 Eccle.
1765 4949 1818 4992 11:
1834 4937 1934 5005 Quod-

342 5019 458 5089 Edgaro
469 5015 689 5090 regeanglires.
702 5015 1039 5074 ltunstanuscantuaria
1048 5019 1099 5073 lir-
1141 5029 1269 5088 cumque
1282 5018 1379 5088 potest
1396 5013 1491 5072 lacere
1504 5029 1613 5072 manus
1625 5019 1693 5086 tna,
1707 5015 1849 5074 instanter
1863 5033 1932 5092 ope-

306 5101 511 5176 cbiepiscopus
529 5102 619 5158 alteo
634 5099 761 5170 audivit,
775 5114 879 5172 pacem
893 5098 1004 5171 anglie
1020 5097 1100 5154 iutu-
1139 5111 1204 5154 rare
1214 5115 1223 5167 ;
1235 5097 1308 5169 quia
1320 5111 1374 5154 nac
1387 5111 1480 5169 opus,
1493 5113 1547 5155 nec
1559 5097 1633 5155 ratio
1641 5138 1650 5169 ,
1663 5114 1717 5156 nee
1730 5099 1863 5172 scientie,
1878 5117 1932 5160 nen

305 5183 603 5260 ram,qnnmdiuilla
616 5184 736 5241 viveret.
753 5182 843 5254 igitur
858 5195 953 5239 annos
970 5180 1097 5238 sedecim
1139 5179 1283 5254 snpientia
1301 5184 1388 5236 erunt
1400 5181 1482 5253 apud
1496 5181 1620 5253 interos,
1641 5197 1702 5254 quo
1722 5185 1755 5239 tu
1772 5199 1930 5257 properam

305 5267 416 5343 quibus
426 5267 577 5340 regnavit,
591 5265 693 5324 omnia
706 5265 738 5322 ln
751 5279 870 5324 summa
881 5279 954 5339 pace
966 5262 1095 5323 inerunt.
1138 5265 1208 5321 ets.
1223 5263 1407 5322 bernardum
1421 5265 1485 5320 tlon
1499 5267 1542 5320 est
1554 5264 1663 5330 virtus,
1674 5265 1732 5322 nisi
1744 5271 1855 5323 crescat
1869 5268 1931 5326 ani·

305 5355 449 5426 Perpetuo
461 5351 540 5408 enim
552 5349 660 5408 loedera
671 5348 728 5405 sibi
738 5348 851 5405 vicinos
863 5363 945 5419 regas
959 5349 1097 5405 dcvinxc·
1139 5365 1205 5406 raus
1221 5348 1251 5404 in
1265 5347 1331 5419 ipsa
1348 5345 1528 5404 difficultate.
1543 5348 1669 5405 Tertium
1690 5346 1781 5422 indit,
1801 5350 1854 5424 qui
1868 5367 1887 5409 a
1899 5367 1930 5410 ss
