4212 6034
283 197 337 260 aas
753 203 994 268 comtemnitis
1012 205 1046 264 tn
1063 205 1305 274 enumerasse.
1324 193 1446 264 xxxvii.

284 307 313 362 st
325 304 457 366 intende.
473 306 566 366 luderi
585 305 723 369 nonnulli
741 309 847 380 putant
866 307 951 382 quod
964 308 1075 381 loseph
1120 308 1288 380 exemptum
1303 313 1346 366 est
1357 309 1388 366 iu
1401 312 1432 366 Β.
1447 305 1564 379 virgiac
1578 323 1586 366 ε
1602 308 1678 366 neus
1690 305 1770 368 saian
1781 315 1912 376 emme

284 387 382 458 solum
407 388 509 446 ituben
533 388 712 451 accusaverit
733 389 770 444 de
793 404 848 446 suo
871 389 984 450 incestu
1004 406 1075 449 cum
1120 390 1281 462 disposuit,
1295 397 1327 450 ut
1340 389 1616 468 ipseeparcntibas
1629 389 1792 453 senibuset
1805 389 1913 453 caneth

283 471 362 527 Boin.
376 473 481 528 Verum
493 474 639 542 repugnat
650 470 697 538 id,
712 471 795 542 quod
808 471 856 527 hic
870 472 990 544 dicitur,
1005 489 1074 529 eum
1121 474 1203 532 Anna
1218 478 1246 530 et
1259 475 1390 532 lonchim
1405 476 1573 530 nasceretur
1586 474 1616 526 et
1630 472 1806 528 educaretur
1813 512 1823 542 ‚
1838 471 1911 548 quia

284 553 391 611 seilicet
401 568 563 622 accusasse,
574 567 635 608 non
649 551 779 622 tratrem,
794 555 846 610 sed
860 553 972 626 iratres,
988 555 1074 628 quasi
1120 554 1215 627 ipsam
1230 555 1396 614 destinabat
1410 553 1584 611 humilitatis
1596 553 1809 626 primiceriam,
1823 555 1912 626 virgi-

282 635 382 710 plures
393 651 497 694 eorum
510 636 699 696 accusaverit.
715 638 756 694 lta
768 635 933 696 abulensis.
1119 637 1217 694 nitatis
1227 639 1332 709 jubar,
1347 637 1497 711 sapientise
1514 640 1543 693 et
1560 635 1719 693 sanctitatis
1737 637 1830 693 solem
1850 637 1912 696 eill-

164 738 225 790 vera
249 744 269 784 a.
317 725 345 780 3.
362 726 399 784 llr
412 737 489 792 ouon
508 737 538 782 ru
555 737 713 782 senscrunt
725 737 874 780 csuursssr
891 739 959 782 airu.
974 754 1009 770 -
1022 727 1075 782 lie·
1119 733 1199 788 cere,
1214 736 1248 777 ac
1268 736 1359 796 supra
1376 720 1518 794 Angelos,
1535 717 1695 778 cherubim
1715 721 1744 779 at
1758 720 1911 794 Seraphim

282 803 379 862 braice
397 810 457 874 est,
478 821 507 862 eo
523 807 595 880 grand
612 813 678 864 esset
694 810 770 880 plius
788 813 948 874 senectutis,
964 808 995 866 id
1015 811 1072 878 est,
1118 803 1253 860 evtthere

281 889 422 960 prauitas
440 889 524 945 senili
539 889 700 958 modestia,
714 889 872 964 prudentia
886 895 915 947 et
929 890 1072 961 moribus,
1154 887 1293 954 lectione
1317 902 1345 945 m
1370 901 1493 946 runrccu
1521 899 1692 944 rocmrrtn.
1714 914 1750 928 —
1770 885 1911 946 Hebraico

281 971 376 1044 iuqrrit
387 972 598 1042 Theodoretus,
611 973 756 1046 losephus
767 977 796 1030 et
809 974 963 1044 burgensis
969 991 977 1042 3
992 974 1074 1030 unde
1118 975 1218 1035 :aree
1231 975 1349 1041 possim,
1367 971 1400 1029 id
1416 974 1476 1040 est,
1490 985 1527 1027 ex
1547 969 1647 1026 trustis
1669 973 1698 1025 et
1714 967 1789 1026 liciis
1802 970 1912 1030 diversi

279 1052 548 1125 Chaldaeusvertit,
562 1057 715 1126 quintilius
725 1060 902 1126 sepienserct
915 1059 950 1112 ei.
966 1058 1073 1113 Verum
1117 1051 1224 1110 coloris
1247 1055 1438 1124 variegatam.
1464 1055 1506 1110 ita
1521 1052 1721 1126 Septuaginta.
1736 1051 1815 1112 Sicut
1830 1056 1912 1112 enlm

280 1137 385 1196 melius
397 1138 551 1212 magisque
562 1139 785 1211 geuuiuevertit
796 1141 908 1209 Noster,
920 1155 979 1196 aec
989 1140 1074 1214 quod
1116 1135 1218 1206 τρίμιτος
1231 1140 1275 1192 est
1288 1137 1368 1193 trilix
1376 1176 1386 1206 ,
1407 1135 1468 1192 sire
1490 1134 1579 1195 trium
1595 1135 1735 1196 liciorum
1750 1136 1854 1207 vestis,
1869 1138 1912 1198 ita

279 1217 311 1276 iu
324 1223 471 1278 senectute
483 1221 632 1294 genuisset
645 1237 756 1278 eum.»
780 1223 857 1279 ticet
870 1224 950 1279 enim
963 1221 1070 1290 iacob,
1117 1220 1241 1287 πολὺμιτος
1268 1221 1311 1274 est
1338 1217 1486 1287 muluiix,
1507 1217 1567 1273 sive
1589 1218 1753 1275 multorum
1772 1218 1910 1288 liciorum

279 1299 356 1360 intra
368 1303 532 1360 seeundum
541 1304 726 1376 septennium
735 1305 882 1362 servitutis
892 1321 953 1362 sure
963 1321 1072 1374 genue-
1115 1299 1213 1356 Veslis·
1226 1301 1332 1374 Aquila
1344 1299 1445 1369 vertile
1456 1301 1585 1366 talarem:
1596 1300 1807 1372 Symmachus,
1822 1309 1911 1360 mani-

279 1384 316 1443 rit
328 1400 432 1444 omnes
445 1385 541 1457 illics,
560 1387 649 1443 etiam
669 1388 847 1461 losephum,
869 1402 931 1443 uno
950 1391 1071 1460 excepto
1117 1387 1205 1436 calam
1225 1383 1273 1454 (i).

280 1469 442 1541 benjamim
457 1473 558 1530 tamea
571 1471 716 1544 losepbus
730 1471 866 1530 omnium
877 1475 939 1529 erat
950 1472 1072 1530 ultimus
1151 1465 1328 1536 symbolice,
1339 1465 1665 1540 baeotuaioapolymita
1672 1469 1909 1542 estvmiegatura
1929 1482 2022 1536 eciem.

279 1555 308 1607 εὶ
332 1552 487 1624 minimus,
515 1561 620 1627 praeter·
648 1554 812 1627 ssenjgmin,
834 1555 887 1628 qui
913 1555 972 1612 hon
991 1570 1072 1613 anno
1115 1545 1553 1622 virtulum‚lllqliilRtlperltts.
1571 1549 1781 1621 &Meliloel’sso
1793 1556 1909 1612 validm
1923 1548 2018 1614 “lm''

280 1634 395 1694 decimo
409 1639 492 1693 sexto
505 1637 638 1710 loscpbi,
658 1641 773 1696 tantum
793 1635 890 1694 intans
908 1643 969 1696 erat
983 1636 1072 1696 unius
1116 1629 1246 1686 tunicam
1258 1628 1326 1688 fecii
1337 1631 1375 1700 θὶ,
1386 1646 1448 1704 (1¹1⁰
1462 1631 1638 1702 Sltlssifisstil'fll
1647 1648 1716 1690 eum
1726 1633 1909 1694 divmarum
1923 1609 2019 1720 affl.

280 1717 361 1774 anni.
375 1719 484 1790 loseph
501 1735 572 1790 ergo
589 1722 712 1776 vocatur
726 1718 805 1776 filius
824 1720 995 1790 senectutis,
1010 1734 1073 1778 non
1115 1711 1261 1770 virtulum
1282 1713 1392 1772 amictu
1414 1713 1553 1771 frutribus
1572 1713 1805 1788 praeletendum,
1828 1739 1843 1773 n
1869 1722 2019 1778 mitandum

281 1800 426 1871 absolute,
436 1802 489 1860 scd
500 1805 634 1875 respectu
643 1806 816 1860 caeterorum
829 1802 960 1862 tiliorum
969 1803 1071 1874 laceb,
1116 1796 1145 1852 S·
1157 1796 1345 1866 Ambrosium
1355 1801 1400 1867 Ol,
1414 1800 1447 1852 1¹²
1459 1795 1499 1854 ³1¹
1512 1797 1606 1866 Philo,
1620 1797 1673 1858 lib.
1684 1801 1723 1856 lle
1734 1801 1842 1872 losepl,
1856 1819 1909 1862 seu
1941 1788 2004 1891 {2¹2¹

280 1884 334 1956 qui
360 1899 464 1942 omnes
491 1889 559 1946 aute
581 1886 742 1958 losephum
765 1888 834 1942 sunt
854 1886 959 1957 geniti,
980 1886 1020 1942 ila
1039 1889 1073 1942 ut
1116 1876 1154 1934 de
1170 1877 1231 1936 viro
1246 1878 1323 1936 civili
1336 1883 1365 1936 et
1384 1879 1521 1952 politico,
1539 1880 1602 1936 brec
1619 1885 1688 1952 toga
1706 1882 1852 1956 polymita
1865 1893 1910 1943 est

280 1966 401 2028 illorum
424 1971 559 2042 respectu
578 1967 687 2041 loseph
703 1972 778 2025 esset
802 1967 881 2026 filius
901 1969 1071 2040 senectutis,
1116 1959 1306 2018 mullif0lffll⁵
1325 1961 1483 2035 illudenti&
1495 1962 1647 2035 principit·
1662 1965 1798 2038 Princeps
1812 1970 1908 2040 enlm,

281 2049 380 2121 idest,
393 2051 498 2110 ultima
507 2051 600 2124 patris
613 2051 780 2124 generantis
793 2056 891 2122 oetate,
905 2051 1011 2116 [plump
1023 2068 1074 2126 gp-
1115 2044 1213 2116 qualis
1225 2044 1316 2106 erosit
1329 2045 1452 2119 loseph,
1467 2045 1555 2104 debet
1568 2061 1631 2106 esse
1643 2045 1822 2122 polybium,
1836 2053 1908 2124 quia
1993 2099 1997 2106 .

281 2133 370 2192 nilus.
1115 2125 1192 2184 alius
1206 2127 1294 2186 debet
1315 2143 1378 2186 esso
1399 2130 1430 2188 in
1449 2144 1539 2202 paco,
1560 2127 1636 2186 elius
1658 2130 1689 2186 in
1709 2129 1807 2203 bello,
1832 2135 1908 2192 atius

315 2220 401 2278 Natat
414 2219 510 2292 Philo,
526 2220 579 2284 lib.
596 2224 637 2280 De
652 2223 805 2292 Adcelem,
824 2225 960 2296 parentes
978 2223 1072 2283 solere
1115 2225 1183 2268 ⁰⁰¹1}
1203 2211 1358 2283 h0⁵llb1¹⁸2
1372 2212 1446 2270 &¹1⁰⁸
1459 2227 1528 2270 ⁰¹1⁰]
1548 2213 1665 2285 &mitiss
1684 2219 1751 2286 ele,
1771 2218 1907 2292 “ditique

282 2302 402 2374 diligere
417 2303 493 2362 ulios
502 2305 531 2360 in
546 2309 693 2364 senectute
703 2306 829 2376 genitos,
844 2320 906 2378 pree
915 2305 980 2362 aliis
991 2305 1072 2377 filiis,
1116 2293 1203 2354 dflhssl
1216 2311 1279 2354 0⁵⁵0
1288 2299 1441 2365 matram,
1454 2295 1574 2369 qualem
1587 2295 1676 2356 luisse
1687 2297 1818 2370 Ulyssem
1829 2304 1909 2360 canit

281 2385 353 2459 quia
374 2385 447 2450 tales
467 2389 536 2444 sunt
555 2387 651 2446 ultimi
672 2392 831 2460 parentum
854 2387 982 2458 tructus,
1004 2393 1073 2462 post
1115 2379 1268 2450 Homerus,
1282 2379 1334 2453 qui
1347 2379 1757 2453 seilicelprorulmuererum
1770 2387 1909 2458 etperso-

281 2481 358 2539 quos
372 2483 433 2524 non
446 2472 565 2540 sperant
578 2469 662 2528 alios.
680 2471 815 2537 Secundo,
833 2470 904 2544 quie
918 2471 991 2530 tales
1004 2473 1073 2530 sunt
1114 2477 1236 2533 uerum,
1250 2463 1281 2521 in
1295 2479 1399 2522 cmrres
1411 2463 1523 2525 formas
1536 2467 1565 2522 et
1582 2462 1692 2535 figuras
1705 2481 1737 2522 se
1750 2472 1859 2524 vertere
1877 2475 1907 2527 et

280 2549 393 2608 iudices
402 2549 491 2610 honre
502 2557 530 2608 et
546 2550 629 2610 tortis
642 2553 798 2613 senectutis
811 2557 980 2626 parentum.
994 2555 1072 2612 nudi
1114 2559 1232 2604 versare
1245 2547 1349 2620 possit·

281 2633 451 2692 Philonem:
464 2637 661 2706 «sterceratos,
673 2637 725 2704 ait,
739 2637 1073 2711 impotentiusparcntee
1150 2630 1180 2688 s·
1202 2632 1359 2702 Gregorius
1377 2648 1466 2704 lem,
1482 2633 1537 2691 lib·
1557 2635 1683 2692 lMtlrssl·
1703 2649 1768 2708 0³1)-
1784 2635 1906 2710 Ultimo,

282 2721 393 2786 amant,
407 2716 455 2778 vel
465 2717 536 2790 quia
549 2718 601 2774 dia
615 2719 808 2790 desideratos,
821 2720 868 2776 rel
883 2720 954 2794 quia
967 2727 1073 2780 natura
1115 2714 1167 2789 qui
1181 2731 1249 2774 cum
1263 2717 1371 2790 Aquila
1391 2719 1521 2776 tunicum
1536 2718 1613 2774 hano
1630 2717 1753 2776 talarem
1770 2721 1876 2794 accipit
1896 2739 1906 2778 τ

282 2799 379 2860 eiioete
399 2801 513 2861 nullam
531 2807 634 2875 posteo
650 2807 769 2875 sperent
788 2803 918 2877 prolem,
936 2803 986 2862 vel
1001 2806 1073 2878 quia
1114 2799 1233 2870 talaris,
1247 2801 1470 2872 inquit,tunica
1482 2805 1525 2857 est
1537 2802 1768 2874 perseverantia,
1786 2819 1853 2877 qum
1867 2806 1907 2863 ad

281 2884 409 2943 maxime
422 2884 553 2954 gaudeat
566 2900 596 2942 se
610 2885 639 2942 in
650 2890 796 2946 senectute
809 2885 948 2945 robustos
961 2903 1023 2946 esse
1033 2888 1073 2946 ad
1114 2883 1206 2952 talos,
1220 2883 1249 2940 id
1266 2887 1308 2940 est
1321 2883 1360 2940 ad
1375 2884 1532 2948 terminum
1545 2885 1626 2954 vitan,
1639 2887 1834 2958 protenditur.

281 2969 494 3039 generandum.
516 2988 532 3025 a
553 2969 651 3039 udde,
669 2969 740 3044 quia
759 2971 868 3042 ioseph
885 2970 989 3030 similis
1011 2975 1073 3030 erat
1150 2970 1223 3025 ncta
1236 2967 1283 3024 hic
1294 2984 1301 3024 :
1313 2969 1407 3025 Causa
1421 2969 1483 3026 odii
1497 2972 1526 3026 et
1539 2968 1657 3026 invidie
1670 2969 1794 3028 teatrum
1805 2977 1908 3032 contre
1926 2983 2013 3034 enatae

280 3051 372 3124 patri,
386 3056 414 3109 et
428 3067 484 3108 avo
492 3071 500 3121 ;
514 3051 588 3107 sicut
606 3051 685 3110 enim
700 3052 791 3110 laceb
809 3047 896 3112 antris
910 3059 953 3112 est
966 3071 1002 3116 cx
1020 3059 1073 3114 ite·
1114 3051 1234 3121 loseph,
1247 3050 1302 3108 init
1314 3055 1421 3122 primo,
1434 3053 1519 3124 quod
1532 3053 1641 3126 loseph
1655 3054 1724 3125 plus
1737 3054 1908 3127 diligeretur
1919 3045 2019 3114 escen
2081 3081 2082 3134 p

280 3133 370 3192 bacea
381 3135 485 3204 sterili,
507 3139 536 3192 et
555 3137 633 3192 isaac
646 3151 683 3192 ex
701 3136 771 3194 Sam
785 3136 890 3194 sterili:
905 3137 946 3194 sie
964 3141 1072 3212 loseph
1115 3139 1244 3206 apatm3
1256 3134 1474 3206 coroneaqaod
1492 3151 1543 3192 eos
1559 3137 1640 3208 apud
1652 3139 1765 3208 patrem
1774 3154 1907 3196 accusas-
1926 3103 2013 3206 effi„
2081 3153 2082 3176 l

252 3283 260 3307 1
279 3218 391 3290 prodiit
408 3235 445 3276 es
464 3218 570 3276 ltachel
589 3218 695 3288 sterili,
716 3224 745 3276 et
763 3219 853 3278 iacob
873 3235 956 3289 scae,
976 3220 1073 3294 inquit
1115 3217 1365 3287 seleseiense
1387 3221 1483 3285 tertio,
1501 3221 1617 3276 somnia
1634 3219 1770 3292 toscplri3
1791 3229 1906 3292 quarto,
1920 3225 1943 3267 n
1965 3225 2018 3266 ra·-

280 3303 436 3374 Repertus.
449 3303 538 3360 Addit
549 3302 713 3372 cajetanus,
728 3302 799 3374 quia
813 3317 866 3375 per
877 3302 959 3373 tales,
972 3308 1072 3377 utpote
1115 3299 1215 3358 tunica
1228 3299 1291 3371 ejus
1305 3299 1449 3373 polymita
1469 3301 1586 3358 assidue
1605 3302 1708 3360 oculos
1726 3303 1850 3361 fratrum
1866 3305 1906 3360 ie·
1936 3283 2008 3340 Μ

281 3383 391 3442 diutius
406 3386 823 3459 victuros,potestpereutum
834 3399 946 3444 nomen
963 3389 993 3444 et
1011 3401 1073 3446 me-
1115 3383 1203 3442 riens.
1232 3385 1297 3440 Fuit
1320 3384 1400 3440 euim
1428 3384 1491 3442 brec
1515 3385 1616 3442 tunica
1640 3386 1728 3443 dolor
1751 3389 1908 3446 oculorum

280 3467 376 3524 moria
389 3469 568 3525 conseruari.
1114 3465 1269 3535 iratribus,
1283 3483 1352 3540 quae
1365 3468 1493 3540 losepbo
1512 3473 1540 3524 et
1557 3469 1634 3541 patri
1648 3485 1717 3527 curo
1731 3472 1819 3528 stetit.
1833 3475 1908 3529 Nam

315 3551 420 3608 meter
430 3552 506 3610 hanc
519 3553 630 3610 amoris
642 3568 774 3620 causam,
787 3553 843 3613 luit
856 3559 885 3612 et
897 3554 965 3624 alia,
979 3571 1073 3630 caque
1114 3549 1170 3606 bac
1183 3566 1252 3607 eum
1266 3550 1455 3622 expoliarent
1474 3550 1594 3622 iratres,
1614 3557 1741 3612 mortem
1754 3556 1780 3611 si
1795 3557 1908 3612 maehi-

279 3633 445 3704 preecipuu,
459 3633 568 3690 scilicet
586 3635 653 3691 vites
667 3650 846 3706 morumque
860 3636 1028 3694 innocentia
1041 3639 1073 3694 in
1115 3633 1175 3688 nuti
1185 3636 1264 3701 sunt,
1273 3633 1453 3706 tandemque
1461 3649 1528 3690 eum
1537 3635 1905 3696 vendiderunttsmaelitis.

279 3715 418 3787 losepbo.
434 3720 473 3774 lta
482 3718 510 3774 S.
521 3717 758 3789 chrysostomus,
769 3718 862 3773 temti.
876 3719 921 3774 61.
935 3720 1025 3776 Porro
1034 3720 1073 3776 ad
1149 3716 1264 3772 Discunt
1277 3716 1334 3772 hoe
1348 3717 1485 3789 exemplo
1499 3723 1634 3790 parentes
1638 3761 1648 3790 ‚
1663 3720 1741 3778 filios
1755 3724 1907 3797 aequaliter
1947 3731 1997 3778 uun

279 3795 485 3872 hanepbysiee
497 3814 557 3856 non
567 3814 674 3874 parum
684 3798 798 3869 adjuvit
806 3798 906 3854 senilis
917 3805 981 3856 tum
990 3807 1072 3872 estas,
1115 3813 1229 3867 amare,
1243 3800 1364 3869 restire,
1384 3801 1526 3872 educare,
1549 3817 1663 3875 suaque
1681 3805 1761 3863 deno
1777 3811 1806 3864 et
1825 3807 1908 3864 bona
1929 3793 2013 3849 aquen

279 3884 344 3938 tum
358 3897 442 3938 amor
460 3883 562 3954 patris.
576 3885 664 3940 Senes
681 3881 761 3938 enim
781 3881 852 3954 quia
870 3880 969 3953 frigidi
988 3887 1072 3955 sunt,
1114 3881 1277 3954 aequaliter,
1291 3882 1392 3953 quoad
1402 3882 1464 3939 lieri
1478 3887 1585 3956 potest,
1597 3886 1767 3958 partiales,
1779 3890 1803 3946 si
1813 3907 1908 3948 unum
1920 3854 2019 3960 ‘2235‘

280 3966 403 4036 maturi,
425 3965 585 4040 sapientes,
606 3966 694 4034 casti,
716 3965 888 4039 compositi,
911 3965 980 4024 hinc
999 3967 1072 4024 tales
1114 3963 1196 4022 alteri
1211 3963 1377 4037 praeierant,
1392 3965 1440 4022 bic
1453 3965 1505 4022 fiat
1519 3967 1729 4040 pusillanimis,
1742 3971 1791 4028 ille
1805 3988 1909 4047 super·

280 4052 437 4121 generant,
460 4065 545 4123 seque
569 4067 604 4108 ae
632 4051 759 4108 educant
782 4049 871 4107 tilios.
896 4051 1072 4123 Exemplum
1114 4045 1292 4121 hiatusque
1304 4052 1476 4121 perpetuum
1486 4049 1561 4107 inter
1572 4065 1623 4106 ecs
1632 4051 1774 4112 invidiam
1783 4056 1908 4127 etrixas,

280 4132 393 4194 clarum
406 4135 450 4190 cst
465 4131 496 4190 ln
511 4132 618 4190 illustri
632 4133 744 4192 iamitia
758 4133 852 4192 initia
871 4135 949 4207 (qum
963 4134 1072 4194 deinde
1115 4146 1149 4188 ue
1162 4134 1376 4204 consequenter
1389 4129 1446 4188 sibi
1459 4137 1637 4204 perpetuum
1651 4134 1788 4193 dolorem
1801 4143 1830 4195 el
1842 4139 1908 4197 tris·

279 4217 452 4290 dreapipaai
468 4219 512 4273 est
530 4216 634 4287 dicta),
654 4231 722 4290 qum
739 4216 778 4274 ab
801 4233 862 4276 auu
880 4217 1025 4288 originem
1044 4224 1073 4278 et
1113 4215 1209 4272 titiam
1222 4215 1388 4274 concilient.
1407 4214 1507 4272 Solent
1520 4217 1599 4274 enim
1612 4217 1735 4276 fratrum
1749 4225 1779 4277 et
1798 4221 1910 4280 arnico÷

281 4314 391 4358 nornen
404 4299 526 4372 accepit.
540 4297 651 4358 anitius
664 4299 743 4356 enim
759 4301 822 4371 ejus
840 4315 947 4373 pareas
961 4306 989 4359 et
1003 4317 1074 4360 eon·
1114 4313 1182 4357 rum
1196 4297 1265 4355 odia
1278 4313 1340 4354 esse
1350 4297 1557 4370 acerbissima,
1567 4301 1653 4372 cujus
1665 4302 1707 4359 rei
1721 4319 1842 4364 causam
1857 4307 1911 4363 dat

281 4383 359 4442 ditor
369 4383 409 4440 ita
417 4384 605 4455 nuncupatus
614 4384 667 4450 cst,
679 4381 763 4455 quod
777 4398 796 4439 a
808 4387 900 4440 matre
911 4399 981 4455 anu,
989 4383 1021 4442 id
1030 4389 1073 4444 est
1115 4382 1295 4454 Aristoteles,
1313 4379 1367 4439 lib.
1387 4383 1431 4438 Vii
1454 4385 1564 4440 Potitio.
1579 4399 1645 4459 cap.
1666 4401 1722 4456 vu,
1739 4391 1803 4444 tum
1825 4391 1911 4463 quod

280 4465 388 4535 vetulo,
405 4465 520 4538 genitus
535 4466 619 4522 essct.
634 4465 698 4520 time
711 4463 790 4520 enim
805 4462 917 4522 familia
931 4466 961 4523 in
974 4465 1072 4526 lucem
1115 4465 1213 4522 omnis
1233 4465 1356 4521 mutatio
1375 4464 1428 4521 fiat
1447 4481 1483 4521 ex
1497 4469 1644 4525 contrario
1664 4468 1696 4525 in
1711 4473 1909 4544 contrarium,

281 4549 374 4608 edidit
387 4551 415 4606 S.
431 4547 585 4606 Paulinum
598 4545 677 4604 Nolae
692 4545 880 4618 Episcopum,
894 4549 922 4604 S.
938 4549 1074 4607 benedic·
1115 4547 1242 4622 ideoque
1257 4563 1392 4605 summus
1409 4563 1494 4605 amoc
1507 4551 1539 4607 in
1557 4567 1708 4608 summum
1722 4553 1826 4616 odium
1839 4571 1911 4614 con·

281 4636 361 4701 tum,
382 4633 410 4690 S.
425 4631 651 4700 scholasticum,
672 4630 700 4688 S.
723 4628 889 4700 Placidum,
903 4633 1073 4692 Severinum
1114 4635 1263 4701 vertatur3
1284 4634 1348 4686 tum
1373 4632 1457 4704 quod
1470 4632 1576 4705 injmia
1591 4651 1609 4692 a
1622 4633 1727 4707 tratre,
1749 4637 1797 4694 uel
1812 4641 1910 4698 amico

282 4717 430 4788 boetium,
452 4717 480 4774 S.
502 4714 644 4787 sytriam,
669 4714 696 4772 S.
721 4712 895 4784 Gregorium
919 4716 1072 4788 liugnum,
1114 4713 1210 4783 illata,
1229 4713 1365 4772 videatur
1387 4731 1450 4771 esse
1472 4716 1607 4776 acerbior
1628 4736 1635 4775 :
1656 4735 1675 4778 a
1695 4720 1806 4792 quibus
1828 4723 1910 4780 enim

180 4794 183 4801 '
282 4799 310 4856 S.
325 4799 468 4855 Thomam
482 4798 669 4871 Aquinatem,
681 4795 815 4868 aliosque
829 4795 975 4867 plurimos
989 4801 1073 4856 casti·
1114 4795 1293 4854 beneficium
1305 4796 1362 4854 sibi
1376 4796 1478 4856 deberi
1491 4799 1668 4872 existimant,
1678 4801 1717 4860 ab
1726 4802 1837 4863 eisdem
1847 4821 1911 4864 nou

281 4885 355 4952 tate,
369 4881 513 4954 sapientia
530 4879 672 4954 omnique
692 4877 798 4936 virtute
820 4877 1011 4951 conspicuos,
1029 4882 1073 4939 uti

281 4981 320 5024 cx
341 4965 473 5026 Pausiae
498 4965 584 5024 docet
601 4963 771 5022 erandseas
790 4963 910 5020 zazzera
931 4966 1013 5020 tract.
1034 4967 1073 5022 tis
1147 4940 1183 5006 (¹)
1197 4941 1416 5008 &brademere
1431 4945 1594 4996 connector.
1610 4949 1640 4998 aa
1652 4949 1740 5002 usura
1752 4953 1848 5002 caruer.
1864 4955 1912 5006 ns-

281 5049 401 5108 Fomilte
413 5048 515 5112 nascio
526 5067 536 5104 τ
548 5047 602 5121 qui
615 5051 714 5108 mmeu
734 5045 818 5104 addit
830 5043 992 5104 nonnullos
1006 5061 1074 5140 ceu·
1114 5013 1833 5154 mii&‘aegfffffifflaffffiffiouaoliffiff
1842 5022 1911 5148 itm

282 5145 357 5200 sere,
369 5129 482 5188 Anitics
492 5130 606 5203 origiue
615 5133 646 5191 et
660 5129 782 5189 nomine
790 5142 853 5186 esse
863 5127 988 5198 Grecos,
1001 5127 1073 5186 dici·
1113 5158 1140 5204 et
1157 5160 1282 5216 ,penum
1299 5154 1367 5208 ,im
1386 5159 1494 5221 colum,
1512 5163 1540 5212 ,3
1554 5161 1712 5221 “mimi
1731 5163 1891 5221 W

282 5213 442 5293 meduaci
455 5215 570 5287 tedae,
587 5213 824 5280 idestiarictos.
845 5213 944 5284 longe
965 5211 1073 5272 clarius
1113 5223 1217 5274 meere
1230 5221 1337 5276 amca.
1898 5203 1911 5232 '
