4088 6032
278 347 314 407 rc
795 347 1389 428 cormarrunumcrussm,unt.

274 469 399 513 monem
411 453 493 514 solus
506 451 672 528 coropitae
683 451 818 526 linguam
828 457 1013 528 cogitationis
1024 459 1070 516 ln·
1114 461 1231 532 divium
1252 461 1376 534 ipseque
1400 463 1476 520 oeus
1497 473 1577 519 unus
1589 459 1727 519 etti-inus
1742 477 1750 519 ε
1764 459 1805 520 ad
1817 460 1907 534 hujus

277 541 450 612 terpretem,
470 541 504 596 ut
523 553 661 598 enarrare
682 540 865 612 majestatem
887 539 1003 601 Domini
1024 539 1071 598 sui
1112 543 1192 600 cuim
1205 544 1365 615 imaginem
1384 545 1522 603 conditus
1540 549 1584 602 esi
1596 546 1699 603 homo.
1715 547 1810 614 Quare
1822 545 1909 620 quod

276 624 379 698 possit.
394 642 409 677 o
1112 628 1258 699 Rupertus
1270 644 1324 702 per
1336 629 1496 701 imaginem
1510 629 1615 702 accipit
1626 629 1747 698 Filium,
1760 644 1814 701 per
1828 627 1908 686 simi-

311 711 403 766 Porro
416 711 443 767 S.
458 706 642 777 Ambrosius,
655 711 736 779 epist.
751 709 787 765 38
797 709 860 780 jam
871 709 968 780 citata,
983 710 1070 768 dccet
1112 709 1266 768 titudinem
1280 713 1418 786 Spiritum
1437 714 1592 782 Sanctum,
1607 711 1766 786 mysticum
1783 715 1835 769 esi.
1852 715 1907 769 Po·

275 795 429 854 homiuem
446 795 551 852 ultimo
571 797 722 865 creatum,
736 798 771 851 ut
788 795 934 866 subjectas
948 793 1070 852 haberet
1111 797 1167 852 test
1180 799 1279 853 tamen
1299 795 1450 867 secundo,
1463 797 1563 866 imago
1583 786 1631 852 bic
1644 796 1765 868 proprie
1775 796 1861 869 capi,
1875 801 1907 853 ut

276 893 380 937 omncs
393 878 499 936 muudi
513 892 603 952 opes,
621 877 723 938 omnia
739 878 886 948 volatilia,
904 879 1067 950 terrestria,
1113 881 1150 936 sit
1166 879 1363 952 hebraismus,
1373 899 1400 952 q.
1413 879 1442 937 ct.
1457 880 1608 938 Faciamus
1620 879 1773 937 homiuem
1783 881 1823 936 ad
1834 880 1907 937 ima·

276 963 364 1019 ctiam
376 961 487 1036 pisces,
501 965 569 1033 etc,
583 965 718 1034 essetque
735 961 822 1036 quasi
841 977 894 1020 rex
911 962 1070 1020 elemento·
1110 963 1226 1037 giucm,
1251 965 1361 1036 idest,
1382 966 1416 1022 ut
1436 964 1474 1022 sit
1494 963 1594 1036 imago
1616 962 1726 1034 nostri,
1751 963 1837 1040 quasi
1858 964 1906 1022 sui

274 1062 353 1119 rum,
367 1063 402 1104 ac
411 1063 465 1120 per
478 1048 541 1104 hoec
550 1045 636 1121 quasi
648 1061 702 1120 per
714 1048 824 1119 gradus
837 1046 878 1103 ad
891 1047 955 1103 cccli
969 1059 1069 1104 ascen·
1110 1047 1297 1121 exemplaris.

276 1127 358 1190 deret
374 1132 496 1205 regiam.
514 1131 644 1204 «Cujus,
662 1131 718 1202 ait,
734 1129 860 1188 difficilis
878 1132 989 1188 itineris
1006 1131 1068 1188 via·
1145 1133 1219 1190 Nota
1231 1131 1359 1199 secundo,
1379 1131 1539 1203 imaginem
1560 1133 1609 1190 hic
1630 1131 1717 1188 mulii
1738 1133 1903 1192 asimilitu·
1915 1145 2023 1206 insurgo

275 1219 370 1275 torem
383 1231 446 1274 uon
458 1215 544 1273 facilc
556 1215 696 1288 reperies,
706 1215 792 1273 illum
805 1216 903 1273 virum
917 1216 970 1289 qui
984 1215 1024 1272 ita
1032 1216 1069 1273 sit
1111 1211 1180 1273 dinc
1200 1216 1401 1287 distinguunt,
1424 1215 1565 1273 nimirum
1586 1218 1620 1272 ut
1639 1215 1739 1287 imago
1759 1215 1799 1274 ad
1817 1208 2024 1318 natu-w&

274 1299 368 1358 animi
385 1300 557 1357 inductione
572 1298 717 1356 formatus
733 1314 768 1356 ac
782 1300 949 1368 voluntate,
964 1303 997 1356 ut
1014 1299 1069 1356 mi·
1109 1314 1188 1372 ram,
1212 1299 1375 1356 similitudo
1394 1299 1434 1356 ad
1451 1299 1571 1355 virtutes
1588 1298 1740 1371 pertineat.
1756 1301 1797 1356 lta
1810 1301 1837 1358 S.
1852 1303 1904 1360 lta-
1932 1329 2009 1376 agg,

275 1383 357 1442 nima
374 1381 432 1439 sibi
449 1383 486 1439 sit
498 1395 567 1438 cum
585 1397 640 1440 suo
657 1395 781 1454 corpore
802 1382 1001 1452 familiaritas,
1015 1397 1067 1440 ne-
1110 1383 1209 1454 silius,
1231 1381 1335 1440 homil.
1357 1385 1394 1440 lo
1411 1385 1525 1440 Herem.
1543 1399 1550 1436 ε
1568 1397 1583 1435 u
1600 1383 1653 1438 Per
1669 1381 1845 1454 imaginem,
1859 1384 1904 1440 iu·
1916 1396 2025 1448 sumtus

275 1481 334 1541 quc
344 1467 374 1523 iu
383 1465 819 1536 ullumingrediaturvitiorum
827 1463 1066 1539 contubernium,
1109 1465 1191 1538 quit,
1213 1466 1320 1522 animae
1341 1467 1515 1539 impressam
1537 1479 1629 1536 meae,
1651 1463 1765 1522 obtinui
1782 1466 1904 1526 rationis

274 1549 366 1610 nullis
383 1550 593 1609 assentantium
610 1549 777 1622 pumicetur
794 1549 998 1620 sermonibus,
1018 1565 1068 1606 ne·
1109 1563 1198 1606 usum
1208 1567 1218 1619 ;
1230 1565 1334 1607 verum
1348 1549 1527 1607 Christianus
1538 1547 1674 1619 effectus,
1685 1549 1787 1623 utique
1801 1549 1905 1609 similis

275 1651 334 1710 que
350 1635 382 1692 iu
398 1633 471 1692 rotis
485 1633 685 1690 secundorum
700 1635 869 1705 temporum
885 1633 1001 1705 positus
1013 1635 1068 1691 bu·
1109 1631 1220 1688 efficior
1243 1635 1318 1704 lteo;
1333 1653 1348 1686 u
1366 1634 1393 1689 S.
1410 1633 1621 1706 Hieronymum
1635 1631 1666 1688 in
1683 1631 1758 1690 illud
1773 1635 1904 1694 Ezechiel.

273 1719 361 1777 miles
374 1717 517 1788 fastidiat,
532 1721 636 1774 moesta
650 1715 758 1786 fugiat,
776 1719 946 1773 sauctorum
962 1717 1067 1776 laudas
1110 1728 1176 1787 cap.
1191 1730 1280 1773 xxuu
1295 1733 1303 1772 ι
1320 1719 1360 1772 lu
1373 1717 1543 1787 signaculum
1559 1715 1769 1784 similitudinis,
1784 1717 1825 1774 sic
1843 1717 1903 1776 ait:

275 1803 402 1861 excutiat
415 1805 504 1875 atquo
518 1800 620 1857 elevet.
635 1800 724 1870 Cujus
740 1799 871 1855 animam
889 1815 951 1858 non
968 1800 1068 1858 intlec·
1112 1801 1176 1855 ulit
1194 1800 1359 1856 notandum
1380 1804 1424 1855 εει
1444 1798 1528 1872 quod
1550 1799 1649 1870 imago
1670 1802 1740 1856 tuuc
1761 1799 1809 1872 (in
1826 1815 1905 1860 crea-

273 1891 316 1945 tat
330 1884 480 1954 moestilia,
494 1898 557 1940 uon
571 1881 688 1954 frangat
699 1881 821 1954 injuria,
835 1881 919 1939 nulla
934 1884 1068 1941 sollicitet
1109 1881 1207 1950 tione)
1223 1881 1299 1938 lacta
1311 1882 1348 1939 sit
1361 1885 1477 1939 tantum
1485 1923 1494 1952 ‚
1509 1881 1672 1939 similitudo
1685 1882 1716 1937 in
1729 1879 1904 1956 baptismate

274 1970 423 2043 suspicio,
442 1967 537 2026 libido
560 1981 622 2024 nou
647 1967 786 2036 exagitet,
809 1981 872 2022 non
898 1973 1068 2040 expugnent
1110 1965 1310 2040 compleatur;
1323 1986 1338 2020 u
1360 1970 1390 2023 ct
1407 1967 1434 2024 S.
1451 1967 1692 2038 chrysostomus,
1714 1965 1818 2024 homil.
1837 1970 1855 2025 9
1873 1971 1905 2026 ia

273 2056 427 2132 passiones
444 2052 591 2126 corporis,
606 2066 669 2109 non
681 2051 824 2125 inquietet
839 2054 1004 2111 vanitatum
1016 2070 1069 2127 ap·
1111 2050 1202 2108 detrec.
1219 2071 1228 2108 r
1245 2050 1431 2122 «imaginem
1452 2047 1526 2106 dixit
1535 2089 1545 2119 ,
1560 2049 1600 2104 ob
1622 2049 1803 2123 principatus
1816 2051 1905 2110 ratio·

273 2139 417 2216 petentia,
429 2138 618 2212 voluptatum
635 2137 739 2208 gratia.
759 2137 857 2193 llerito
871 2153 942 2209 ergo
956 2146 1068 2212 postre·
1109 2150 1195 2205 uem;
1212 2133 1450 2205 similitudinem,
1465 2137 1499 2189 ut
1514 2147 1569 2206 pro
1583 2131 1696 2189 uiribus
1709 2134 1847 2193 humanis
1866 2135 1906 2195 si·

274 2241 357 2296 mus,
371 2222 457 2298 quasi
469 2221 539 2278 finis
555 2225 682 2290 naturae,
698 2220 843 2277 formatus
857 2222 1067 2298 adjustitiam,
1109 2219 1194 2276 miles
1218 2218 1326 2276 fiamus
1346 2219 1405 2273 lieo
1424 2215 1664 2289 mansuetudine,
1688 2215 1821 2289 lenitate,
1847 2222 1902 2279 etc.

272 2310 350 2367 iuter·
362 2313 464 2366 caetera
476 2305 638 2362 animantia
648 2305 720 2377 justi
734 2304 853 2362 arbiter.
863 2325 878 2360 a
893 2309 934 2363 Ac
946 2309 1067 2367 taudem
1109 2303 1195 2376 quod
1211 2305 1240 2360 ct
1251 2302 1381 2358 Christus
1398 2299 1468 2358 dicit
1487 2318 1494 2356 :
1516 2298 1630 2356 Similes
1644 2301 1735 2358 estote
1753 2302 1828 2359 Patri
1841 2319 1906 2362 ves-

273 2394 430 2465 eleganter,
445 2406 530 2462 reque
542 2407 577 2447 ac
590 2405 713 2446 nervose
723 2391 763 2446 ita
776 2388 944 2447 concludit:
959 2397 1067 2454 ‹thecte
1109 2389 1155 2443 tro
1168 2386 1264 2460 quiin
1278 2386 1358 2442 coelis
1373 2388 1424 2442 cst.
1439 2402 1454 2438 r
1471 2383 1552 2444 idem
1564 2381 1649 2440 docet
1664 2383 1692 2442 S.
1708 2388 1904 2463 Augustinus,

274 2492 345 2548 ergo
374 2474 570 2543 nouissimus,
590 2472 677 2546 quasi
704 2474 793 2528 totius
815 2488 933 2533 summa
954 2477 1066 2550 operis,
1108 2471 1163 2529 lib.
1180 2471 1281 2527 Contra
1294 2471 1490 2534 Adimantum,
1505 2483 1571 2542 cap.
1589 2483 1624 2538 r;
1638 2467 1814 2542 Eucherius,
1825 2471 1905 2532 lib.l

273 2560 360 2634 quasi
373 2575 462 2616 causa
473 2556 590 2627 mundi,
599 2559 721 2630 propter
734 2571 826 2630 quem
837 2557 914 2614 iacta
924 2562 994 2616 suut
1004 2576 1068 2617 om·
1109 2557 1140 2610 ia
1155 2554 1259 2624 Geucs.,·
1273 2555 1482 2622 oamascenus,
1491 2549 1545 2608 lib.
1555 2551 1577 2607 ll
1587 2553 1626 2608 lie
1639 2553 1715 2618 Fide,
1726 2569 1782 2627 uu,
1796 2556 1823 2614 S.
1839 2559 1906 2614 Ber·

272 2644 338 2714 nia,
350 2642 436 2716 quasi
450 2641 586 2699 omnium
602 2639 752 2698 habitator
770 2639 985 2699 elementorum
1001 2659 1008 2700 r
1022 2643 1068 2700 iu·
1110 2639 1233 2708 nardus,
1247 2653 1335 2694 serm.
1345 2641 1359 2694 l
1370 2639 1409 2692 De
1420 2635 1558 2702 Autroni„
1568 2633 1622 2691 ubi
1630 2637 1658 2694 et
1666 2636 1766 2695 addit:
1780 2657 1794 2690 a
1806 2638 1906 2714 imago

272 2732 318 2784 ter
336 2725 412 2784 ieras
429 2723 518 2795 uiuit,
539 2741 608 2782 cum
626 2723 761 2798 piscibus
776 2727 873 2796 natat,
892 2742 981 2800 super
998 2742 1067 2785 aves
1110 2721 1258 2795 siquidem
1271 2722 1302 2779 in
1315 2721 1450 2794 gehenna
1463 2719 1510 2777 uri
1522 2719 1643 2794 poterit,
1664 2737 1727 2778 non
1739 2724 1841 2788 exuri,
1856 2741 1905 2783 ar-

273 2810 371 2882 uctat,
384 2811 576 2868 conversatur
593 2824 663 2866 cum
683 2806 810 2880 augelis3
824 2811 934 2866 terram
952 2808 1068 2872 inhabi-
1110 2806 1194 2877 dore,
1209 2805 1262 2863 sed
1275 2822 1336 2862 uon
1350 2805 1451 2863 deleri.
1466 2801 1632 2862 Similitudo
1646 2820 1708 2862 uon
1719 2805 1761 2862 sic
1766 2824 1775 2877 3
1788 2807 1840 2865 sed
1854 2808 1907 2868 aut

272 2899 330 2966 iat,
346 2899 375 2953 et
392 2894 466 2952 coelo
480 2891 599 2965 militat3
615 2892 711 2950 sulcat
728 2908 824 2962 mare,
839 2908 906 2950 aere
922 2894 1065 2968 poscitum
1110 2894 1210 2948 manet
1221 2891 1253 2947 iu
1263 2890 1358 2962 hono,
1369 2894 1430 2960 aut,
1443 2889 1640 2963 sipeccaverit
1653 2889 1762 2960 anima,
1774 2895 1907 2951 mutatur
1953 2936 1959 2946 .

272 2979 370 3038 cultor
388 2977 459 3048 soli,
476 2977 572 3035 uiator
590 2975 749 3050 proiuadi,
771 2976 900 3050 piscator
921 2977 953 3034 iu
974 2977 1069 3035 flucti-
1110 2974 1316 3032 miserabiliter
1336 2973 1476 3046 jumentis
1501 2971 1708 3048 insipientibus
1730 2974 1866 3034 similata.
1887 2996 1902 3034 r

271 3063 346 3134 bus,
368 3063 400 3120 iu
422 3075 489 3120 aere
508 3075 633 3136 auceps,
656 3061 688 3118 in
709 3059 782 3118 coelo
803 3060 912 3134 haeres,
939 3062 1068 3121 cohaeres
1110 3059 1156 3116 Sic
1169 3075 1240 3132 ergo
1253 3074 1307 3132 per
1319 3062 1473 3134 peccatum
1482 3057 1514 3114 in
1526 3057 1647 3114 homine
1655 3057 1731 3132 perit
1742 3058 1905 3122 similitudo

270 3148 414 3208 Christi.»
1111 3143 1177 3213 liei,
1192 3158 1255 3200 nou
1266 3143 1377 3215 imago.
1550 3189 1555 3200 .

306 3227 1069 3292 liciarum-llomobicncnestideahominisabs·
1145 3229 1254 3286 Verum
1276 3227 1343 3285 dico
1368 3241 1430 3284 uon
1452 3225 1614 3298 distingui,
1638 3243 1760 3303 esseque
1783 3231 1905 3292 hendia-

271 3317 357 3378 tracti
377 3320 407 3374 ct
425 3313 616 3385 universalis,
628 3312 682 3387 qui
702 3313 740 3370 sit
758 3327 847 3372 causa
867 3318 896 3372 et
917 3315 1069 3389 exemplar
1111 3311 1174 3386 dyo
1180 3354 1190 3383 ,
1204 3329 1233 3384 q.
1249 3312 1279 3369 d.
1293 3311 1337 3369 nd
1352 3311 1510 3381 imaginem
1524 3314 1553 3367 et
1566 3311 1799 3384 similitudinem,
1808 3313 1841 3372 id
1851 3320 1905 3388 cst,

272 3401 409 3458 omnium
431 3397 627 3470 singularium
646 3396 820 3467 homiuum,
842 3401 876 3454 ut
897 3413 935 3456 ex
948 3398 1068 3458 Platone
1111 3395 1152 3452 ad
1168 3395 1328 3467 imaginem
1350 3393 1566 3464 similitudinis,
1585 3398 1619 3451 ut
1635 3395 1761 3454 habetur
1780 3398 1905 3472 Sapieut.

270 3483 473 3542 voluitPhilo.
485 3487 549 3541 Nou
561 3479 650 3540 etiam
663 3482 756 3539 homo
768 3481 817 3538 hic
830 3485 874 3542 est
887 3483 1068 3545 animusho·
1111 3493 1229 3551 cop-11,
1250 3495 1327 3536 vers.
1351 3480 1403 3549 il,
1426 3479 1483 3535 hoc
1505 3483 1563 3548 est,
1587 3477 1627 3536 ad
1648 3479 1808 3551 imaginem
1826 3482 1907 3541 simi·

268 3567 377 3638 ⁴minis,
391 3586 420 3640 q.
441 3567 471 3624 d.
491 3566 632 3625 Animum
652 3565 783 3624 hominis
805 3581 946 3624 ornemus
968 3572 1069 3628 nostra
1110 3562 1184 3633 lem,
1197 3563 1245 3620 vel
1258 3562 1449 3620 simillimam.
1464 3561 1534 3618 ilinc
1548 3561 1770 3635 Scripturahaec
1783 3567 1908 3626 nomina

272 3651 418 3723 imagine,
438 3653 512 3725 puta
534 3649 643 3721 gratia,
666 3648 709 3704 uti
722 3647 849 3721 explicat
862 3650 889 3706 S.
904 3651 1027 3709 Basilius
1040 3655 1070 3714 et
1110 3647 1280 3722 promiscue
1292 3650 1434 3722 usurpat,
1447 3645 1540 3706 modo
1550 3659 1656 3716 uuum,
1666 3647 1758 3704 modo
1769 3649 1906 3722 alterum,

273 3733 456 3794 Ambrosius.
484 3731 541 3791 Sed
566 3732 659 3790 bomo
679 3735 723 3788 est
747 3731 810 3804 ipse
836 3733 930 3790 adam
953 3735 1069 3808 primus
1111 3731 1204 3788 modo
1227 3735 1402 3805 utrumque,
1416 3729 1613 3802 utjamdicat
1629 3731 1781 3788 hominem
1795 3733 1908 3791 iactum

212 3872 217 3879 .
272 3820 383 3888 homo,
401 3831 568 3892 parensque
581 3819 755 3874 caeterorum
770 3816 923 3887 omnium,
938 3823 972 3875 ut
989 3825 1070 3894 patet
1112 3829 1174 3873 esse
1197 3815 1237 3874 ad
1255 3817 1415 3888 imaginem
1435 3814 1499 3884 lici,
1513 3819 1547 3872 ut
1561 3815 1626 3872 Gen.
1641 3831 1707 3889 cap.
1722 3831 1767 3887 rx,
1780 3833 1857 3875 vers.
1872 3819 1905 3891 63

272 3919 311 3960 ex
324 3901 409 3960 dictis
424 3917 431 3958 :
446 3901 478 3958 io
493 3900 604 3958 hdamo
617 3899 715 3971 enim,
728 3903 756 3956 et
767 3913 822 3973 por
834 3899 982 3958 ridemum
993 3905 1069 3962 Deus
1113 3899 1205 3957 modo
1219 3900 1259 3958 ad
1272 3899 1495 3956 similitudinem
1507 3898 1571 3968 liei,
1584 3903 1618 3955 ut
1631 3899 1696 3956 deu.
1711 3915 1776 3972 cap.
1788 3916 1818 3970 v,
1828 3918 1905 3961 vers.

272 3987 342 4046 iecit
354 3991 383 4044 ci
392 3983 500 4044 creauit
513 3988 633 4044 cataros
644 3983 792 4042 homiues.
1113 3985 1143 4054 ις
1160 3983 1253 4043 modo
1271 3983 1312 4044 ad
1329 3982 1491 4055 imaginem
1504 3985 1534 4039 et
1544 3981 1768 4040 similitudinem
1781 3985 1848 4056 bei,
1862 3985 1909 4045 uti

154 4077 224 4125 nom
239 4077 263 4122 ia
310 4075 353 4129 An
369 4085 506 4128 ruastuau
519 4085 554 4128 ur
567 4083 779 4128 srururruoruau
791 4083 976 4128 rossanu-
986 4073 1070 4142 Qute·
1111 4064 1171 4125 hio·

91 4175 96 4184 ·
155 4154 200 4214 qao
230 4144 334 4228 estres,
355 4156 388 4214 in
409 4171 471 4230 quo
492 4155 547 4211 sita
569 4153 682 4212 sitbaec
695 4153 795 4226 imago
808 4154 872 4225 Dei,
887 4157 1070 4230 expressain
1147 4151 1221 4208 Noto
1242 4155 1338 4219 tertio,
1358 4168 1415 4226 pro
1436 4155 1583 4226 imaginem
1601 4151 1739 4211 hebraice
1758 4156 1802 4211 est
1820 4135 1909 4220 1:¹73

172 4214 245 4313 Ἢ
275 4237 736 4312 bomiue‘innthrcpomorphitae
742 4279 752 4309 ,
764 4254 894 4312 quorum
903 4245 1005 4298 auctor
1015 4242 1071 4300 fuit
1113 4235 1221 4302 iselam,
1242 4233 1325 4308 quod
1345 4233 1491 4307 significat
1504 4235 1659 4308 umbram,
1673 4237 1734 4294 sive
1747 4237 1910 4300 adumbra-

275 4325 419 4396 Audaeus3
442 4321 524 4380 uude
541 4324 570 4378 et
589 4321 731 4379 audaeani
744 4325 813 4380 sunt
826 4321 913 4396 dicti,
928 4327 1071 4398 putarunt
1111 4321 1225 4380 tionem
1237 4323 1290 4380 rei.
1306 4322 1401 4380 Radix
1413 4324 1492 4381 enim
1505 4304 1567 4388 5¹73
1582 4328 1680 4392 tertul,
1696 4325 1842 4399 siguificat
1854 4330 1911 4390 ob-

274 4407 427 4466 homiuem
449 4419 511 4462 esse
524 4403 685 4476 imaginem
699 4404 749 4461 lici
761 4407 927 4463 secundum
940 4423 1049 4482 corpus
1057 4451 1069 4482 ,
1112 4407 1263 4476 umbrare,
1283 4407 1352 4466 inde
1366 4388 1408 4472 St
1426 4411 1486 4477 tect,
1498 4409 1644 4481 siguificat
1659 4409 1809 4485 umbram,
1820 4419 1910 4472 etsie-

274 4493 402 4568 ideoque
421 4493 515 4550 licum
534 4501 599 4546 esso
622 4502 800 4562 corporeum
808 4507 819 4561 3
832 4503 937 4548 verum
948 4490 1014 4550 baec
1025 4495 1070 4552 est
1114 4495 1175 4562 tem,
1187 4492 1348 4566 imaginem
1361 4493 1600 4553 adumbrantem.
1612 4495 1783 4554 sicutenim
1799 4499 1911 4559 umbra

273 4575 401 4634 haeresis.
1113 4577 1261 4651 corporis,
1285 4577 1327 4634 sic
1347 4577 1447 4649 imago
1469 4578 1516 4635 sui
1533 4579 1686 4654 prototypi
1705 4586 1749 4640 est
1767 4585 1909 4657 quaedam

307 4659 439 4724 sacrando,
460 4656 589 4714 oleaster
610 4659 640 4713 ct
661 4653 836 4726 Eugubinus
857 4656 890 4714 in
905 4657 1070 4732 cosmopeia
1113 4660 1314 4719 adumbratio.
1337 4662 1434 4719 tnuuii
1455 4677 1527 4735 ergo
1551 4667 1661 4731 tectam,
1685 4665 1838 4726 bominem
1861 4686 1908 4726 re·
1922 4683 2032 4733 mom«

273 4745 381 4816 putant
393 4743 486 4798 iteum
498 4739 546 4796 bic
560 4739 692 4796 induisse
704 4737 832 4795 formam
844 4739 1021 4813 humanam,
1035 4746 1069 4801 ut
1113 4747 1215 4817 spectu
1224 4743 1273 4801 liei
1284 4748 1399 4802 tantum
1410 4761 1473 4804 esse
1486 4746 1637 4820 umbram,
1649 4749 1698 4806 vel
1709 4749 1908 4812 umbraticam
1925 4744 2032 4818 ,Μ’ὼ·

236 4839 239 4846 ’
274 4825 356 4884 illius
375 4824 506 4884 adinstar
526 4827 638 4881 crearet
655 4821 822 4894 hominem;
841 4824 895 4881 sed
911 4824 1068 4900 hocaeque
1112 4829 1283 4900 imaginem.
1298 4831 1374 4886 Deus
1386 4829 1467 4888 enim
1480 4831 1612 4890 solidum
1623 4835 1652 4890 ct
1661 4838 1844 4893 constantem
1855 4837 1909 4896 ha·
1923 4807 1952 4852 'd
2011 4822 2032 4855 ⁸²

273 4909 417 4982 trigidum
432 4925 468 4967 ac
481 4923 594 4966 novum
607 4911 661 4965 est.
1113 4911 1163 4968 bet
1176 4913 1351 4984 essentiam3
1364 4912 1457 4972 homo
1470 4930 1541 4973 vcro
1555 4915 1753 4976 umbraticam
1766 4921 1795 4976 et
1808 4921 1911 4979 evani-
1939 4868 2031 4974 affin

308 4997 382 5054 tiata
395 4996 499 5065 primo,
509 4991 668 5063 imaginem
678 4990 728 5050 liic
739 4991 884 5064 sumiprc
897 4993 1069 5068 exemplari,
1114 4995 1207 5054 dam:
1226 5001 1256 5054 et
1276 4996 1334 5054 boc
1355 5001 1399 5054 est
1417 4997 1502 5071 quod
1519 5001 1884 5072 Psalm.xxrr111,dicitur
1900 5023 1909 5062 ε

274 5096 303 5152 q.
316 5078 347 5134 d.
361 5077 513 5134 Faciamus
530 5074 683 5131 hominem
697 5075 737 5133 ad
750 5075 901 5148 exeruplar
913 5083 1067 5151 nostrum,
1116 5098 1131 5134 u
1143 5079 1281 5136 Universa
1293 5081 1406 5138 vanitas
1425 5081 1522 5139 omnis
1544 5084 1637 5142 homo
1656 5085 1774 5154 vivens,
1789 5103 1914 5146 verum·

274 5168 309 5222 ut
321 5162 408 5236 quasi
421 5161 520 5231 imago
530 5176 597 5228 nos,
606 5159 692 5232 quasi
703 5175 791 5217 suum
801 5160 952 5235 exemplar
964 5161 1070 5221 rcicrat
1112 5167 1212 5222 tamen
1226 5166 1257 5222 in
1270 5165 1398 5236 imagine
1412 5165 1515 5239 (hebr.
1530 5155 1638 5231 053³
1648 5171 1787 5238 tetselem,
1801 5171 1832 5228 in
1843 5188 1915 5232 um.

275 5262 311 5304 ac
330 5247 526 5318 repraesentet.
551 5245 650 5314 imago
672 5243 735 5300 huc
748 5257 811 5299 non
824 5247 867 5301 est
880 5243 1008 5303 Verbum
1023 5247 1069 5306 di·
1113 5247 1182 5319 bra,
1198 5247 1228 5304 id
1241 5251 1285 5305 cst
1295 5249 1386 5306 instar
1400 5249 1532 5324 umbrie]
1547 5253 1704 5325 pertransit
1715 5254 1846 5314 homo.»

274 5333 393 5400 vinum,
410 5329 469 5385 siue
480 5327 584 5400 uilius,
596 5327 646 5401 qui
658 5333 700 5384 cst
709 5328 808 5400 imago
822 5329 923 5394 Patris,
935 5335 968 5387 ut
976 5331 1069 5406 aliqui
1149 5335 1221 5390 Nota
1235 5341 1347 5406 qua-rto,
1361 5334 1453 5392 homo
1468 5341 1586 5412 nonest
1599 5337 1699 5410 imago
1714 5338 1779 5406 liei,
1790 5344 1823 5398 ut
1832 5344 1915 5402 Deus

275 5416 358 5495 apud
370 5415 566 5493 tipomauum
580 5413 743 5488 explicatum
753 5413 806 5475 sod
817 5417 861 5478 ost
870 5416 936 5492 ipsa
946 5417 1070 5478 essentia
1114 5422 1171 5490 cst,
1185 5417 1272 5476 idest
1285 5417 1727 5497 quoadattributaproprialiei
1741 5424 1815 5498 (uec
1827 5427 1916 5488 euim
