4020 6026
161 517 259 568 oua
280 503 365 573 rite.
386 501 467 573 Hinc
477 503 568 594 queri
577 502 687 574 nutrix
701 502 797 576 illum
808 523 867 596 per
879 502 1036 577 loannes
1048 504 1084 576 in
1097 503 1311 596 desertopane
1324 505 1442 578 calesti
1454 515 1531 599 puta
1543 505 1761 597 mannaporit
1775 529 1784 576 c
1799 505 1901 580 multo

281 617 385 708 magis
398 617 514 698 animis
527 620 598 710 ejus
609 619 651 690 nd
662 620 718 692 Dei
733 621 879 696 timorem
891 631 925 691 et
937 642 1080 692 amorem
1092 619 1330 696 inflammandis
1349 623 1529 712 insudavit,
1542 633 1627 714 patet
1639 621 1674 700 id
1685 643 1725 700 et
1737 631 1804 695 toto
1820 625 1902 700 Ilatt-

280 733 469 805 teronomio.
485 737 519 806 S.
534 735 641 806 llusilii
652 737 688 806 in
700 758 774 807 suos
786 739 890 807 studia
901 748 933 807 ct
944 736 1099 810 beneficia
1110 747 1254 808 recenset
1265 738 1423 826 nutflnus,
1437 737 1494 813 lib.
1510 741 1547 826 ll,
1563 759 1632 829 cap.
1648 759 1703 814 mr
1722 737 1898 826 «Basilius,

150 913 151 918 ,
279 849 404 942 inqult,
417 849 510 920 Ponti
531 851 627 921 urbas
639 863 672 921 et
686 874 764 922 rurn
775 853 984 940 circumiens,
1001 851 1125 926 decides
1137 853 1242 943 gentis
1261 853 1349 928 illius
1366 853 1659 944 recaeperunt
1673 853 1900 944 deepeluturu

279 964 430 1036 sohicitcs
442 963 607 1036 stimulare
620 965 741 1055 verbis,
756 978 789 1037 et
801 968 1022 1060 predicatione
1036 969 1245 1057 succendere,
1262 969 1442 1060 callumque
1455 969 1497 1044 ab
1514 969 1681 1058 balonga
1699 968 1901 1058 negugentia

279 1081 373 1172 cepit
392 1081 544 1151 aboleres
565 1083 755 1176 subegitque
777 1083 911 1174 abjectis
931 1085 1077 1154 inanium
1097 1105 1206 1156 rerum
1223 1095 1257 1154 et
1274 1086 1475 1160 secularium
1495 1085 1597 1171 curis,
1615 1085 1732 1159 sanet
1753 1085 1899 1160 nontam

277 1197 431 1288 recipere,
452 1199 488 1271 in
510 1219 611 1268 unum
628 1201 724 1288 coire,
742 1202 932 1277 monasteria
953 1211 1164 1272 construere:
1184 1201 1315 1291 psalmis
1330 1211 1362 1272 et
1381 1201 1510 1292 hymnis
1528 1210 1559 1274 et
1575 1200 1772 1276 orationibus
1791 1200 1901 1274 docuit

277 1335 402 1403 vacare,
418 1333 597 1406 paupemm
609 1336 719 1385 curam
730 1337 853 1406 gerere,
867 1316 1007 1406 virginee
1020 1316 1198 1403 instituere,
1207 1317 1357 1407 pudicam
1366 1313 1811 1408 casumqueritumnmalbus
1817 1335 1900 1406 pent

276 1429 519 1502 desiderabilem
531 1431 645 1502 fecere.
660 1435 707 1500 ita
719 1431 808 1501 brevi
821 1441 1001 1522 permutata
1013 1442 1060 1500 est
1073 1433 1168 1502 totius
1182 1433 1501 1522 praecelsissima

321 1549 355 1617 S.
368 1546 485 1617 Basilio
498 1545 698 1620 concionanti
710 1557 930 1638 suggerentem
943 1568 1121 1618 sermonem
1134 1548 1317 1620 columbam
1331 1548 1411 1622 vidit
1430 1550 1463 1620 S.
1480 1549 1638 1638 Ephrem,
1654 1549 1837 1624 columbam
1848 1549 1900 1624 iu·

199 1645 202 1650 ⁵
277 1683 387 1754 quam,
401 1683 473 1756 que
485 1663 581 1734 index
592 1677 624 1733 et
637 1665 912 1754 hieroglyplncum
925 1674 972 1733 est
981 1664 1117 1754 Spmtus
1129 1663 1255 1750 Sancu
1270 1664 1318 1733 uu
1329 1673 1462 1735 metetur
1473 1665 1642 1754 Gregenue
1655 1667 1826 1754 Nyssenue
1840 1667 1898 1738 ee

179 1799 240 1845 orer.
276 1779 344 1868 glta
361 1801 449 1870 ergo,
467 1781 582 1872 qualis,
598 1801 694 1871 quarn
707 1783 828 1848 zelosus
842 1791 874 1848 et
890 1801 1042 1849 accensus
1061 1779 1249 1868 fueritque
1269 1771 1373 1848 cerrito
1382 1781 1542 1852 Famem
1552 1778 1715 1868 puhtrcem
1736 1781 1771 1852 S.
1790 1780 1898 1855 nanti

158 1857 718 1974 d‘lrfflstudmletatamtcstnturs
735 1897 970 1970 Nazianzenusr
991 1894 1194 1982 «Paenituit,
1211 1915 1340 1982 omnes3
1356 1905 1539 1984 etquenam
1555 1894 1780 1984 proterendi.
1797 1897 1897 1986 bpar-

192 1984 262 2092 '‘oi„
274 2011 315 2080 tis
329 2011 469 2081 oratione
483 2033 541 2083 sua
559 2023 589 2080 et
605 2011 820 2081 cohortatione
833 2012 1028 2103 locupletum
1046 2011 1185 2097 horreis,
1199 2010 1277 2080 facit
1289 2010 1377 2102 quod
1390 2021 1437 2080 est
1448 2011 1483 2080 in
1502 2011 1685 2101 Scriptura:
1699 2011 1811 2086 Cibum
1825 2031 1896 2086 esu·

157 2106 229 2156 Μ’
273 2127 430 2196 rientrhus
441 2127 571 2216 hengst,
587 2127 786 2218 panibusquo
799 2149 954 2217 pauperes
966 2129 1059 2197 antrat
1060 2127 1206 2217 ,alitque
1219 2147 1273 2196 eos
1293 2126 1330 2195 in
1345 2125 1430 2196 lamo
1439 2135 1563 2216 ,atque
1585 2127 1760 2201 esurientos
1773 2128 1895 2204 animat

271 2242 383 2334 implet
394 2243 498 2313 honis.
511 2247 579 2326 Quo
591 2245 720 2314 tandem
728 2244 843 2312 modat
857 2245 937 2312 Cum
949 2241 1155 2314 temelicosin
1168 2262 1271 2312 unum
1280 2241 1446 2329 coegisset,
1458 2241 1628 2313 nonnullos
1637 2243 1735 2314 etiem
1748 2243 1895 2333 spiritum

272 2382 357 2452 agre
369 2359 542 2438 trahentes,
555 2360 653 2448 siros,
667 2358 814 2446 laminas,
824 2357 987 2449 puerulos,
1000 2379 1103 2447 senes,
1115 2367 1379 2448 omnemmtatem
1389 2357 1663 2431 commiseratione
1672 2359 1817 2448 dignam:
1827 2380 1896 2432 om·

272 2462 329 2558 nia
347 2475 492 2545 ciborum
514 2496 650 2565 genem,
671 2473 788 2566 quibus
809 2474 910 2543 fames
929 2473 1047 2564 depelli
1068 2474 1165 2562 solet,
1181 2494 1369 2562 corrogans,
1387 2483 1481 2565 atque
1503 2475 1582 2544 ollas
1602 2476 1767 2565 pulmento
1784 2477 1895 2568 planat

272 2597 453 2682 proponens
467 2613 476 2659 c
492 2611 530 2661 ac
542 2591 655 2661 deinde
668 2591 795 2677 Christi,
815 2590 874 2682 qui
888 2589 985 2659 linteo
1006 2588 1194 2680 precinctus
1214 2589 1441 2681 discipulemm
1456 2589 1554 2680 pedes
1573 2611 1775 2682 nequaquam
1787 2591 1894 2666 lasere

273 2707 476 2797 gravabatur,
490 2705 703 2776 ministerium
717 2706 859 2786 imitans,
873 2705 1034 2796 simulque
1046 2725 1221 2795 puerorum
1234 2705 1300 2776 sire
1308 2725 1532 2778 conservorum
1543 2727 1676 2780 tucrum
1688 2707 1730 2778 ad
1742 2727 1813 2780 eam
1825 2727 1894 2782 rem

273 2841 370 2914 opera
381 2833 488 2909 utens,
504 2843 637 2914 corporo
649 2841 828 2913 pauperum
842 2821 1026 2911 animasque
1039 2821 1182 2890 curabat.
1194 2821 1279 2890 Tnhs
1291 2831 1361 2892 erat
1371 2841 1473 2895 novus
1485 2831 1591 2892 nester
1602 2831 1791 2914 pmourator
1802 2835 1834 2896 et
1845 2844 1894 2896 se·

273 2942 397 3012 cundus
408 2940 569 3030 loseph»
586 2951 647 3008 etc.
662 2939 763 3008 ludit
773 2957 848 3007 rere
862 2957 1035 3028 germanus
1048 2937 1194 3028 ejusdem
1207 2936 1316 3014 Basilii
1328 2937 1497 3027 Gregorius
1515 2939 1695 3029 Nyseenut,
1708 2949 1780 3016 tum
1796 2940 1894 3012 etium

273 3059 307 3128 S.
322 3057 473 3127 Besilium
487 3054 716 3146 patrimonium
729 3054 835 3145 ipsum
848 3053 882 3122 in
894 3073 1050 3145 pauperes
1064 3074 1222 3144 erogasse.
2007 3151 2008 3160 ἵ

95 3229 98 3250 .
222 3259 227 3269 ,
314 3179 416 3246 ruem
430 3169 1894 3263 charitatem,solticitudinem,etudie,officiamemnondepradicantunirersiPmtnree,et
1976 3167 2008 3238 Γ

272 3293 478 3383 clericisque
491 3290 624 3358 aolaici.
637 3289 731 3357 Plura
744 3288 1002 3377 templa,presdia
1015 3297 1048 3356 ot
1061 3286 1722 3377 domosepiscopalesrestaurnsti,inhisee
1735 3298 1766 3359 et
1779 3287 1893 3361 simili·

271 3408 333 3479 hus
346 3408 459 3478 officiis
472 3426 538 3474 non
550 3416 672 3474 tentum
682 3413 855 3493 prouentus
864 3403 1022 3488 neotosie,
1037 3402 1094 3471 sed
1107 3413 1139 3470 et
1150 3403 1219 3490 ipsa
1230 3401 1416 3492 patrimonii
1425 3400 1470 3470 tui
1484 3399 1570 3470 bone
1583 3403 1770 3492 expendisti.
1785 3404 1894 3478 chan-

272 3535 368 3594 tatem
385 3534 472 3628 tuam
492 3519 654 3590 celebrant
665 3539 776 3587 ornnes
791 3537 962 3608 pauperae,
977 3517 1082 3584 mesti
1097 3525 1131 3586 et
1142 3515 1270 3584 afflicti·
1260 3515 1413 3606 ;hucque
1429 3525 1461 3584 te
1474 3527 1587 3585 natura
1595 3517 1710 3588 incitat
1716 3520 1892 3610 ,propellit

206 3636 616 3770 capgratia5rered1xer1s
636 3634 770 3704 iltudS.
790 3631 988 3703 Johirchb
1002 3631 1139 3700 infantia
1155 3651 1227 3701 mea
1243 3632 1342 3701 crevit
1360 3651 1486 3700 mecum
1507 3631 1687 3720 miseratio,
1702 3633 1892 3708 etdeutcm

153 3728 258 3776 ””””
251 3755 383 3828 metrae
395 3775 474 3824 mem
486 3752 586 3823 creutt
598 3773 737 3822 meeum
753 3775 772 3816 n

315 3872 425 3942 Dixisti
438 3870 519 3938 mihi
537 3890 602 3937 nen
613 3868 710 3938 semel
714 3867 836 3956 ,idque
850 3866 1044 3957 experientia
1054 3866 1100 3934 itn
1113 3884 1182 3935 esse
1195 3864 1408 3955 deprehendi,
1425 3864 1470 3932 nil
1483 3875 1515 3934 te
1527 3863 1679 3936 hbentiur
1690 3887 1796 3957 egere,
1812 3868 1894 3960 nihil

271 3989 377 4078 magis
399 4008 467 4057 essa
490 3987 616 4075 volupe,
633 4005 730 4074 quam
751 3983 920 4073 hospitaha
941 3992 974 4051 at
990 3981 1101 4052 domos
1117 4001 1296 4072 pauperum
1314 4002 1351 4049 ao
1372 3982 1561 4050 miserorum
1583 3983 1700 4070 risere,
1717 4004 1771 4053 eos
1784 3983 1890 4072 soleri,

267 4107 383 4196 juvere
397 4102 619 4191 eleemosynis,
630 4098 781 4190 omnique
795 4097 1020 4167 misericordie
1037 4098 1142 4167 olllcio
1155 4117 1310 4166 recreare.
1325 4099 1455 4186 Experti
1468 4106 1542 4165 sunt
1555 4098 1698 4167 namhoc
1711 4103 1893 4170 annoHan·
1992 4171 1994 4196 ξ

270 4241 371 4289 nones
384 4230 415 4288 et
426 4222 614 4287 Martenses.
630 4219 706 4286 Cum
721 4217 806 4284 enim
821 4215 1009 4305 gravissime
1021 4212 1208 4304 pestilentie
1220 4213 1285 4299 lue,
1301 4235 1371 4303 qua
1391 4213 1492 4281 multe
1506 4234 1617 4284 eorum
1637 4214 1737 4282 millia
1749 4235 1894 4306 assump-

270 4337 326 4424 sit,
339 4335 531 4420 laborarent,
541 4355 600 4402 nec
614 4333 697 4401 melo
708 4331 846 4400 sistendo
854 4330 958 4398 ullum
972 4339 1151 4420 superesset
1159 4329 1349 4407 remedium,
1361 4327 1474 4396 misisti
1483 4329 1525 4397 ad
1534 4351 1587 4397 eos
1599 4331 1762 4419 rehquiae,
1775 4351 1892 4421 corpus
1990 4349 1991 4356 ’

271 4455 305 4522 S.
320 4451 449 4522 blacarii
463 4449 700 4538 hrchiepiscopi
712 4448 788 4532 olim
809 4446 1001 4516 Antiocheni
1013 4447 1049 4514 in
1069 4447 1240 4533 Armenia,
1256 4446 1344 4536 quod
1365 4466 1439 4513 mnx
1452 4455 1490 4512 ut
1509 4444 1546 4512 in
1565 4445 1680 4514 urbem
1694 4447 1818 4514 illatum
1830 4458 1890 4536 est,
1987 4521 1989 4540 l

270 4569 339 4638 lues
351 4567 442 4659 quasi
461 4567 585 4635 coelitus
604 4585 789 4654 repercussa
811 4563 922 4632 cedere
943 4572 976 4630 et
997 4562 1102 4630 minui
1122 4563 1229 4650 cepit,
1244 4581 1303 4628 nec
1326 4560 1458 4629 cessavit
1479 4558 1673 4646 decrescere,
1687 4561 1893 4654 donecplnne
1985 4661 1987 4677 ι

270 4683 503 4755 exstinctaluit.
520 4681 554 4751 ld
568 4685 864 4752 emneshlontenses
876 4681 1079 4765 confitentur,
1092 4688 1123 4746 et
1133 4677 1260 4768 publice
1275 4676 1446 4766 celebrant,
1457 4697 1494 4747 ao
1507 4677 1893 4766 ingratiurumaotinnsm

271 4811 456 4892 argenteum
469 4797 720 4888 lipsanotheeum
735 4799 767 4865 S.
782 4795 918 4864 blacerio
930 4793 1056 4862 liberali
1068 4806 1196 4882 sumptu
1210 4804 1387 4862 erexerunt.

151 4941 242 5002 mnae.
314 4921 415 4988 Moses
427 4919 581 5002 sznreos
594 4913 744 4998 instituit,
761 4912 807 4984 cis
819 4911 906 5000 leges
915 4909 1047 4978 dictavit
1059 4909 1156 4980 Narra
1170 4929 1202 4978 ι.
1219 4911 1251 4977 S.
1264 4910 1398 4979 Basilius
1410 4908 1641 4978 cenobitarum
1655 4911 1754 4980 Moses
1766 4931 1894 4982 monna·

269 5035 351 5104 teria
371 5041 438 5102 toto
456 5031 583 5100 Oriente
604 5028 783 5113 suscitavit,
799 5029 909 5117 eisque
929 5025 1168 5103 constitutiones
1187 5027 1376 5095 monasticas
1395 5023 1597 5113 prescripsit.
1622 5025 1805 5113 Arguchant
1817 5048 1893 5096 eum
1980 5045 1981 5058 *

163 5152 169 5166 '
268 5149 329 5218 hac
348 5147 389 5218 de
405 5167 501 5216 causa
514 5146 671 5232 haeretici,
686 5144 778 5236 quasi
793 5163 947 5213 novarum
965 5161 1073 5210 rerum
1087 5140 1232 5210 inuentor
1249 5141 1418 5225 extitisset,
1435 5137 1555 5228 quibus
1567 5139 1621 5208 ille
1634 5141 1811 5230 respondit,
1825 5144 1894 5230 epi-

269 5267 352 5340 stola
367 5263 411 5335 63
428 5287 438 5335 x
457 5253 698 5346 chccusamur,
713 5260 833 5350 inquit,
857 5269 890 5329 et
906 5258 1005 5348 hujus
1018 5256 1110 5346 uitet,
1126 5257 1213 5349 qued
1230 5257 1375 5325 homines
1394 5252 1569 5322 habeamus
1581 5255 1752 5325 monachos
1763 5257 1894 5346 pietatis

270 5383 438 5468 studioses,
452 5379 508 5471 qui
520 5377 642 5449 mundo
651 5377 877 5466 renuntiarint,
892 5385 924 5444 et
936 5374 1094 5444 universis
1105 5373 1318 5458 saculicuris,
1335 5391 1412 5460 quas
1422 5370 1574 5440 Dominus
1586 5375 1782 5461 compararit
1792 5375 1894 5464 spinls

269 5497 468 5568 fertilitatem
490 5493 582 5564 rerbi
602 5492 851 5586 impedientibus
873 5515 881 5558 ι
908 5493 965 5582 qui
985 5491 1172 5582 hujusmodi
1192 5499 1280 5575 sunt,
1296 5485 1569 5554 mortificationem
1587 5489 1663 5568 Iesu
1678 5509 1809 5580 corpore
1829 5483 1940 5560 alr-*⁴
