4050 6018
560 323 563 328 ·
635 299 878 362 comburitur
895 301 931 361 iii
947 303 1101 374 mooun,
1117 308 1183 364 tir.
1201 297 1292 366 ΠΝ.
1728 297 1780 360 ‘il

148 397 299 457 senioreti
313 401 463 470 sQeando
476 401 605 462 intrabat
616 401 710 464 boses
719 406 859 478 innuba,
873 424 944 467 enm
987 410 1075 481 bent;
1086 411 1263 484 jejunabant
1273 409 1355 472 auhn
1367 421 1464 484 nequo
1475 407 1782 482 1161111111βῦῐῦ

148 483 207 542 ileo
220 485 399 560 loquebatur
405 501 414 558 ς
429 489 550 562 quaudo
567 495 667 548 autem
682 491 783 550 exibat
794 492 832 550 de
844 493 925 551 nube
932 527 943 564 ,
987 493 1137 566 usquead
1150 509 1266 554 omnam
1282 491 1498 566 susannae).
1510 492 1633 562 Quodsi
1643 490 1730 550 statie
1741 488 1781 550 de

149 579 218 624 cum
231 569 357 642 populo.
372 571 416 627 sio
435 576 463 628 61
477 574 662 643 monachus,
676 575 800 648 quando
821 575 853 632 ln
867 576 944 634 ceila
987 574 1108 632 militari
1128 585 1240 636 nomen
1259 577 1366 649 accipit
1384 577 1472 650 (nem
1488 579 1518 634 et
1541 572 1647 636 66111116
1663 574 1713 632 1161
1732 588 1782 634 su·

149 662 204 708 sue
216 655 274 722 est,
289 664 357 710 eum
367 655 426 711 ilco
446 653 593 729 loquitur3
611 654 767 730 egrediens
786 663 885 716 eutem
903 660 942 717 de
987 658 1082 732 mue),
1092 660 1195 734 utiquo
1208 661 1292 720 nulla
1305 661 1479 720 tristitiaaut
1495 655 1782 720 1666666666-

149 736 239 808 cella,
253 751 323 796 curn
342 733 529 798 demonibus
546 747 629 800 estu
651 745 793 812 Rursum,
808 739 886 800 libro
900 745 941 812 V,
986 742 1124 814 veniens,
1139 742 1278 803 66116666
1297 745 1426 804 militurn
1443 744 1600 814 rescindite
1618 759 1690 802 nam
1710 741 1782 800 lati·

148 834 214 896 cap.
229 833 287 892 rii,
301 841 384 882 num.
401 825 449 895 38,
464 826 536 884 dicit
552 837 642 884 senex
658 845 665 883 :
682 827 791 885 uuella
804 827 942 885 monachi
986 827 1027 883 tia
1040 827 1190 899 libentius,
1202 827 1317 888 tristitia
1329 828 1481 887 sollicitius
1495 819 1782 886 administrabitdis-

149 910 193 964 est
205 907 395 966 cominusllla
409 909 599 985 Babylonius,
609 912 729 970 ubitres
741 913 826 986 pueri
835 912 941 970 Filium
987 909 1425 984 6666666161666166666
1440 911 1532 982 idem,
1543 911 1779 982 6666616666

149 987 200 1046 661
220 989 412 1061 moenerunu
428 995 482 1052 sed
501 997 530 1052 ai
551 995 692 1053 columna
714 995 804 1053 nubis
823 1001 885 1066 ost,
903 1005 941 1053 cx
989 1011 1003 1046 ι
1018 995 1273 1069 6661616661,
1286 1001 1436 1071 eramque
1452 995 1534 1054 terte
1547 995 1703 1065 stationes,
1716 1013 1732 1052 a
1747 995 1780 1056 id

147 1085 209 1144 qua
226 1067 343 1131 locutus
360 1078 404 1132 ost
415 1079 491 1134 Deus
504 1077 612 1136 iliosis
629 1081 724 1136 116666
743 1094 815 1136 vero
832 1084 876 1136 est
888 1073 941 1137 ills
986 1080 1030 1133 esi
1040 1077 1162 1148 ieiunia.
1177 1080 1249 1138 vido
1262 1081 1447 1140 notationem
1458 1081 1610 1161 Pammelii
1623 1081 1655 1140 in
1666 1080 1779 1140 librum

147 1157 177 1213 B.
192 1157 265 1229 Nili,
280 1160 332 1231 qui
345 1159 401 1217 tuit
416 1161 579 1235 discipulus
596 1165 623 1221 S.
639 1165 859 1237 chrysostomi,
874 1175 941 1222 sen·
987 1162 1156 1220 Tertulliani
1168 1167 1207 1220 lio
1223 1165 1368 1231 Orationi,
1383 1165 1416 1224 ln
1427 1164 1498 1224 tine.

146 1239 237 1296 166116
250 1257 257 1296 :
278 1259 293 1294 a
306 1243 537 1315 imperforabilis
549 1251 650 1304 manet
663 1262 681 1304 a
693 1246 805 1319 sagittis
819 1246 939 1317 inimici,
1023 1241 1064 1296 lia
1075 1242 1193 1300 Simeon
1206 1243 1339 1316 stylites,
1350 1244 1404 1317 qui
1420 1242 1541 1318 perdius
1554 1247 1586 1301 ot
1598 1258 1714 1316 pernox
1726 1262 1777 1306 cc·
1789 1247 1893 1308 hurle

146 1323 198 1394 qui
216 1329 296 1382 amat
311 1328 455 1400 quietcm3
469 1329 522 1402 qui
542 1333 641 1387 autem
655 1329 794 1387 miscetur
808 1331 939 1388 multitu-
983 1324 1096 1394 toginta
1110 1341 1205 1383 annos
1215 1326 1247 1383 in
1259 1327 1400 1384 columna
1409 1328 1498 1392 stetit,
1510 1326 1615 1400 viginti
1625 1332 1692 1386 octo
1702 1331 1779 1400 Qua-
1798 1311 1886 1416 ξζίᾞ

147 1404 220 1477 dini,
234 1408 338 1466 erebra
351 1411 491 1485 suscipiet
503 1411 635 1469 vulnera.
649 1432 664 1466 s
984 1408 1166 1480 dragesimas
1176 1410 1304 1482 integras
1317 1411 1380 1468 sine
1390 1411 1455 1468 ullo
1464 1409 1532 1468 cibo
1541 1413 1676 1484 autpotu
1684 1416 1777 1473 trans·
1800 1384 1879 1489 168166

180 1492 220 1547 Er
233 1507 297 1550 sarr
310 1495 939 1563 61661661666616166.*1611611166-
983 1491 1058 1564 ogit,
1071 1496 1104 1550 ut
1116 1494 1222 1552 merito
1235 1497 1406 1568 portentum
1423 1493 1520 1565 orbis,
1538 1509 1592 1552 nec
1604 1499 1666 1556 tam
1684 1495 1777 1559 homo
1795 1494 1889 1548 0³⁸⁶*

146 1577 196 1630 ter.
207 1579 289 1646 argu,
298 1578 398 1635 litosen
409 1579 604 1651 quadraginta
613 1577 673 1637 iliis
683 1577 790 1638 diebus
803 1579 877 1637 nihil
890 1595 939 1638 co·
982 1584 1074 1647 quam
1086 1570 1211 1648 angelus
1224 1590 1288 1636 esse
1299 1579 1380 1636 visus
1389 1579 1436 1636 sit.
1445 1580 1502 1638 Sed
1511 1579 1613 1654 plures
1626 1581 1697 1639 audi
1709 1598 1777 1642 eos·
1795 1555 1887 1612 mm·

145 1657 288 1730 medisse,
303 1660 377 1719 nihil
390 1662 501 1719 bibisse
507 1681 516 1731 ;
529 1663 649 1721 vivebat
662 1665 743 1720 enim
757 1666 849 1722 tiosos
868 1667 938 1721 1666
981 1660 1190 1730 quehomines
1205 1662 1372 1720 :Lucienus
1391 1663 1424 1720 in
1445 1665 1602 1736 Philopotro
1618 1664 1699 1723 tostis
1718 1672 1775 1742 est,

3 1773 4 1794 .
144 1741 238 1799 verbo
258 1746 288 1800 et
306 1743 459 1816 colloquio
479 1745 548 1814 1161,
563 1749 653 1819 atque
675 1746 724 1804 1161
742 1746 847 1804 virtuto
868 1755 938 1804 eum
981 1735 1159 1802 christianos
1176 1745 1218 1803 sic
1232 1745 1335 1804 solitos
1350 1761 1466 1804 servare
1476 1746 1623 1818 ieiunium
1641 1749 1775 1818 Quadra·

3 1853 4 1870 .
71 1847 134 1891 J„„
145 1829 335 1884 sustentante.
350 1828 485 1886 ‘lotidem
503 1828 609 1887 dicbus
624 1833 797 1901 exspectans
809 1829 937 1888 reditum
981 1825 1117 1899 gesimoe,
1131 1833 1164 1884 61
1181 1829 1285 1886 decern
1304 1829 1382 1887 soles
1399 1830 1462 1888 sine
1483 1828 1552 1887 cibo
1568 1830 1774 1903 transigerent.

25 1905 636 1982 6660-60515,ωᾱῃ511605ῃ661360660
650 1911 718 1970 loeo
732 1906 828 1986 (undo
842 1913 881 1971 ed
890 1927 938 1971 co·
980 1909 1136 1982 Gregorius
1149 1911 1344 1972 amanzenas
1357 1912 1397 1970 ad
1410 1911 1576 1972 Habonium
1589 1914 1777 1992 scribitplu·

25 1979 252 2074 ssffiffcumen
271 1999 412 2054 evocatus
424 1993 600 2054 discesserat
620 1997 658 2054 ab
672 2011 709 2055 eo
731 2000 850 2070 lisseol,
866 2012 937 2056 oon·
980 2009 1028 2053 res
1049 2010 1087 2054 ex
1106 1996 1259 2058 monachis
1273 1995 1306 2054 in
1325 1997 1418 2054 Ponto
1437 1993 1542 2066 tuisse,
1560 1996 1614 2072 qui
1632 2001 1711 2060 lotos
1732 2004 1776 2061 vi-

25 2090 82 2133 xere
98 2095 133 2136 ro.
143 2077 345 2150 templationi,
359 2083 393 2135 ut
405 2093 460 2151 par
473 2083 517 2136 est
529 2079 665 2149 madero,
680 2081 768 2138 iiosis
781 2081 934 2154 exemplo,
979 2078 1053 2150 ginii
1070 2078 1134 2138 dies
1151 2084 1181 2139 et
1195 2085 1297 2140 noctes
1319 2079 1387 2139 cibo
1404 2078 1599 2154 abstinerent,
1616 2079 1775 2148 dimidium

25 2149 133 2256 Qu
144 2161 278 2234 deditum
296 2163 350 2220 sed
368 2178 408 2220 an
425 2165 513 2220 tosus
523 2200 532 2232 ,
547 2163 681 2222 similiter
699 2181 733 2221 ac
747 2167 857 2234 tiosos,
872 2165 936 2222 siue
980 2154 1084 2218 Christi
1107 2164 1137 2219 ct
1155 2161 1243 2219 liceis
1258 2157 1404 2234 jejunium
1425 2155 1588 2234 imitantes,
1611 2171 1648 2221 ex
1671 2164 1774 2239 eisque

89 2245 95 2256 '
143 2243 212 2303 cibo
230 2249 261 2302 ct
277 2249 350 2318 potu
365 2245 562 2318 quadraginta
579 2245 686 2304 diebus
703 2247 828 2319 vixerit,
842 2247 937 2306 incer·
978 2253 1075 2302 unum
1095 2242 1152 2303 sibi
1171 2243 1326 2302 subditum
1340 2241 1432 2302 brisso
1449 2241 1770 2320 1661616611666111-

143 2331 207 2383 tum
221 2331 273 2386 est.
290 2329 392 2386 Censet
408 2326 562 2386 abulensis
578 2327 665 2387 iosus
680 2346 790 2387 manna
803 2323 877 2388 inibi
889 2347 937 2389 ca·
978 2338 1050 2394 nus,
1065 2327 1191 2402 11181011
1207 2327 1243 2386 86
1257 2323 1639 2396 aucmentandum
1656 2332 1773 2407 1111111111

142 2408 757 2484 (16616,611666616,661[1661161166
774 2407 936 2471 montedo·
978 2407 1111 2480 novisse,
1125 2411 1180 2485 qul
1198 2411 1276 2471 ultra
1285 2405 1509 2472 hebdomadem
1523 2418 1702 2490 perpetuum
1714 2427 1774 2476 1161·-

142 2494 282 2550 scandere
294 2494 410 2566 dieitur,
425 2494 528 2552 alitum
538 2494 637 2552 irrisse.
978 2492 1253 2564 ementieiunium
1268 2495 1411 2568 additque
1426 2512 1434 2552 ε
1450 2495 1631 2570 «161666
1644 2499 1773 2573 quadra-

180 2574 284 2630 Putant
300 2573 392 2647 aliqui
410 2576 510 2632 iiosen
527 2579 633 2648 praeter
651 2591 702 2632 sex
719 2575 799 2646 dies,
816 2578 854 2635 de
871 2579 937 2652 qui·
979 2577 1132 2646 ganarium
1145 2592 1303 2636 numerum
1317 2577 1486 2649 pervenisse
1497 2578 1672 2654 quemdam,
1686 2598 1705 2640 e
1717 2582 1775 2642 ira·

142 2655 217 2726 bus,
231 2667 299 2716 vers
318 2659 373 2728 ic,
385 2658 508 2730 insuper
524 2657 601 2716 alios
617 2658 815 2730 quadraginta
827 2659 891 2717 dies
903 2661 937 2720 in
978 2659 1074 2718 tribus
1082 2660 1142 2718 fida
1151 2659 1250 2732 dignis
1261 2662 1349 2720 nobis
1363 2666 1563 2722 asseveratum
1575 2667 1655 2724 cst.»
1666 2667 1695 2724 S.
1711 2667 1773 2730 eta-

144 2745 245 2798 monte
262 2757 331 2800 cum
344 2741 526 2811 bcoiuisso,
540 2742 627 2798 itaut
640 2742 801 2800 universim
816 2743 935 2802 111166-
978 2757 1134 2815 ronymus,
1150 2743 1235 2817 epist.
1251 2739 1319 2802 ‘iod
1330 2743 1441 2813 tatem,
1451 2746 1489 2804 de
1498 2739 1680 2806 institutione
1692 2741 1772 2822 flliae,

144 2823 182 2880 rit
199 2824 396 2896 quadraginta
415 2841 468 2882 sex
488 2819 603 2882 diebus.
620 2824 676 2881 Sed
694 2825 793 2883 verius
810 2830 936 2885 osteum
977 2825 1140 2898 prohibens
1159 2825 1192 2884 in
1213 2823 1323 2885 tenella
1343 2825 1427 2888 alate
1445 2839 1539 2888 onere
1559 2829 1771 2892 aosunentisr

144 2909 266 2967 omnino
289 2913 405 2968 tantum
431 2911 627 2984 quadraginta
649 2909 755 2968 diebus
777 2907 808 2968 in
834 2917 936 2972 monte
981 2911 1047 2968 «iu
1070 2910 1301 2982 Quadragesima
1319 2914 1435 2982 166166,
1454 2912 1566 2986 inqult,
1585 2914 1772 2974 oonunentire

142 2991 250 3064 161666,
264 2993 356 3068 idque
366 2994 514 3066 colligitur
529 3003 567 3051 ert
582 2993 664 3050 Dect.
679 2997 770 3065 rs,9,
793 2997 825 3052 11
846 2999 934 3056 6118.
978 2992 1045 3052 vela
1065 2993 1227 3067 pendenda
1248 2999 1332 3066 sant,
1350 2998 1460 3054 611616
1480 2995 1590 3068 auriga
1610 2996 1773 3058 retinacula

142 3075 198 3134 Sex
219 3089 290 3149 ergo
307 3078 382 3148 dies,
397 3078 558 3153 dequibus
577 3093 654 3136 vers.
675 3079 727 3150 16,
741 3079 936 3152 comprohen-
978 3077 1063 3150 equis
1074 3071 1205 3137 laxanda
1217 3092 1273 3152 pro
1296 3079 1477 3136 arantibus.»
1494 3078 1575 3138 idem
1587 3074 1719 3139 scribens
1732 3081 1772 3142 ad

144 3155 255 3220 duntur
272 3162 347 3220 inter
358 3164 414 3220 hos
428 3150 634 3236 quadraginta.
977 3153 1143 3219 llarcellam
1156 3161 1194 3218 de
1207 3094 1322 3218 neelfa:
1336 3161 1447 3233 «Cum,
1461 3163 1567 3235 inqrdt,
1582 3173 1771 3238 peromnem

25 3269 129 3326 gymgg,
177 3241 250 3302 licta
268 3264 276 3301 ι
297 3245 485 3317 Qrudroginte
502 3261 645 3303 numerus
663 3239 695 3302 in
717 3243 863 3320 Scriptura
875 3241 934 3307 ire-
977 3237 1771 3324 6666161661666661611616616,6166661666666

34 3331 118 3438 ”⁰3⁸⁵
143 3328 383 3404 quensetsacer
403 3325 933 3474 6111616616111661Ἒ116ζὴ6161611.
975 3327 1386 3470 siopermelnertrmffltvsro
1399 3328 1770 3476 ὴουιᾱταῖεῗιέεωέθῑ.
1892 3431 1910 3450 ·

142 3415 935 3572 1166111131116116111611
974 3425 1771 3574 66.11.1.....>.1ῗ11.11661116

143 3583 231 3640 tionis
245 3583 278 3640 in
295 3584 417 3654 eodem,
431 3582 542 3656 quibus
553 3581 662 3653 jugiter
676 3581 743 3638 cibo
758 3587 874 3640 terreno
887 3599 934 3640 ca·
975 3573 1089 3636 nariam
1102 3575 1236 3653 pervenit
1254 3577 1384 3649 atatam,
1400 3581 1512 3635 ut'non
1529 3577 1645 3643 doleret
1661 3585 1770 3642 stoma

142 3666 255 3735 ronias,
268 3660 377 3723 coelcsti
391 3680 501 3723 manna
515 3665 584 3721 sunt
597 3663 676 3734 aliti,
691 3676 785 3737 usque
798 3665 934 3722 (161666-
975 3655 1081 3733 chum,
1094 3672 1157 3720 666
1170 3662 1315 3720 viscerum
1330 3660 1508 3721 cruciaretur
1523 3663 1641 3736 injuria.
1654 3681 1669 3722 r
1684 3667 1770 3727 tusu-

22 3775 124 3828 666...
142 3748 249 3806 nerunt
264 3746 304 3808 ad
316 3753 425 3808 terram
437 3743 663 3824 promissionis:
679 3747 764 3806 sicuti
779 3749 933 3808 Christiani
974 3739 1081 3802 manus
1090 3745 1252 3820 imperator
1262 3745 1370 3804 durem
1381 3745 1770 3824 agebetintiuadragesims

27 3837 117 3906 gessise
141 3837 176 3890 iu
190 3834 296 3890 diebus
306 3834 410 3905 1616611
421 3834 461 3890 ad
472 3833 714 3891 resurrectionem
727 3833 867 3903 16666611
880 3835 933 3910 qui
973 3830 1065 3888 vitum
1080 3847 1089 3887 s
1106 3831 1185 3888 «Per
1198 3830 1276 3889 duos
1288 3831 1352 3888 dies
1365 3831 1437 3889 cibis
1451 3830 1618 3892 abstinebat
1621 3853 1631 3905 3
1643 3834 1703 3892 eibi
1716 3849 1768 3910 66-

12 3896 127 4002 130233
138 3917 319 3987 ieiuniorum
332 3917 411 3986 dies,
427 3916 468 3972 ob
480 3921 610 3972 vetarem
628 3915 711 3972 illam
724 3914 934 3988 peregrinatio·
974 3917 1092 3986 petens,
1106 3913 1226 3982 vinum,
1238 3927 1367 3985 panem,
1381 3911 1410 3968 et
1422 3909 1455 3969 id
1468 3927 1563 3986 genus
1581 3915 1640 3977 alia
1658 3917 1770 3976 cibaria

31 4020 113 4066 statio,
141 3999 188 4056 nis
202 4003 231 4055 et
242 3998 402 4056 stationum
416 3994 604 4054 Hebraeorum
617 3997 648 4052 in
660 3996 776 4054 deserto
790 3997 928 4070 liguram,
976 3992 1077 4052 abesse
1091 3995 1187 4053 voluit
1191 4013 1200 4066 3
1217 3991 1380 4052 brassicam
1394 3990 1511 4066 solum,
1525 3997 1555 4055 et
1565 4005 1691 4071 agrestes
1704 4003 1770 4060 her·

29 4078 111 4124 ancer
141 4082 281 4139 stationes
297 4079 385 4138 etiam
399 4089 418 4137 e
431 4074 563 4138 Patribus
575 4073 758 4152 appellatur,
772 4080 815 4136 uti
830 4095 849 4136 a
864 4083 930 4138 cas·
975 4075 1100 4134 hassale
1114 4081 1235 4136 etaceto
1249 4075 1410 4134 maceratae
1423 4078 1544 4148 edebete
1558 4080 1590 4137 in
1601 4086 1676 4154 pota
1689 4100 1770 4159 aqna

20 4188 121 4241 oum.
140 4159 933 4236 61666,1.’61161.11166666661666616166-
975 4163 1039 4219 erat
1058 4160 1137 4232 sola,
1155 4173 1255 4234 noque
1276 4161 1323 4218 his
1344 4160 1384 4218 ed
1407 4161 1590 4220 saturitatem
1614 4166 1767 4240 utebatur;

27 4250 118 4322 gaarma·
140 4250 340 4323 dragesimam
350 4254 436 4308 vocat
447 4248 678 4308 anniversariam
692 4247 850 4321 decimam,
860 4251 932 4324 quia
974 4245 1029 4304 sed
1051 4246 1176 4320 patititur
1196 4245 1298 4306 eibum
1317 4243 1470 4320 paulisper
1490 4246 1679 4320 degustatum
1695 4265 1768 4314 mox

11 4315 128 4414 ῗζῶᾎῗζ,
140 4335 251 4394 scilieet
261 4336 327 4410 ipse
335 4337 380 4392 est
390 4333 505 4392 decima
515 4349 585 4406 pers
598 4334 679 4401 6661,
689 4334 789 4407 itaque
800 4349 854 4408 por
865 4350 931 4392 eam
974 4329 1102 4400 dimisit,
1114 4345 1177 4388 non
1193 4344 1230 4388 6ο
1244 4325 1363 4404 sumpto
1375 4329 1437 4414 qui·
1446 4331 1559 4388 nature
1573 4331 1645 4390 satis
1664 4335 1766 4406 erat‚s

21 4431 117 4476 avesnia.
141 4420 227 4494 quasi
247 4419 376 4476 decimas
398 4411 468 4478 anni
485 4417 544 4473 ileo
562 4413 769 4490 dependimus.
784 4413 824 4473 116
842 4415 931 4473 etiam
974 4408 1072 4487 inquit
1087 4407 1264 4486 Procopius,
1278 4407 1331 4471 lib.
1348 4409 1766 4485 11161161161611161666161-

140 4498 332 4562 vocanturab
343 4497 521 4573 hermanni
535 4499 564 4556 et
577 4501 677 4556 Pastor
688 4492 869 4570 dicitur,iih.
885 4494 929 4571 iii,
972 4500 1126 4567 portitoriae
1140 4499 1229 4568 atquo
1246 4495 1288 4554 ita
1304 4495 1418 4568 jejunio
1431 4499 1563 4557 armabis
1578 4495 1681 4560 Persas
1687 4539 1699 4572 ,
1712 4503 1767 4565 Ge·

139 4597 205 4659 666.
219 4599 255 4642 vr
269 4585 369 4654 eQuid
380 4587 433 4654 est,
447 4583 553 4657 inquit,
565 4583 732 4654 jejunium?
745 4583 928 4653 iiststeiio,a
973 4577 1058 4651 thos,
1080 4580 1259 4652 wandalos,
1283 4583 1313 4638 61
1335 4580 1412 4638 elios
1435 4582 1582 4644 barbaros
1604 4582 1766 4662 superavit.

139 4665 212 4744 qrria
227 4675 273 4728 est
284 4668 370 4743 quasi
383 4670 474 4724 status
488 4667 552 4724 dias
569 4666 609 4722 ad
623 4666 835 4736 ieiunandum
850 4670 879 4722 et
891 4667 930 4724 ab
975 4664 1062 4724 Prisci
1081 4662 1222 4722 monachi
1238 4662 1270 4722 in
1284 4663 1515 4736 Quadragcsima
1527 4666 1560 4723 in
1575 4682 1710 4728 eremum
1721 4686 1769 4730 se·

140 4753 313 4824 ambrosio,
327 4768 406 4808 serm.
420 4753 457 4806 16
471 4768 478 4806 :
496 4751 681 4820 «stationes,
696 4750 808 4822 inquit,
824 4764 932 4807 vocan-
973 4747 1136 4818 cedebant,
1149 4743 1204 4805 toti
1221 4747 1342 4818 jejuniis
1361 4749 1391 4805 et
1406 4743 1706 4822 contemplationibus
1722 4749 1768 4813 in-

139 4843 187 4896 tur
193 4838 320 4910 jejunia,
335 4831 418 4910 quod
435 4831 544 4892 stanles
558 4838 588 4890 et
597 4837 813 4890 commorantes
826 4831 858 4890 in
870 4833 913 4890 eis
920 4875 930 4904 ,
973 4831 1062 4903 tenti,
1074 4830 1118 4890 uti
1128 4835 1229 4889 narrat
1240 4827 1381 4905 zozymas
1392 4825 1648 4892 1611661166
1659 4837 1768 4912 16366-

138 4920 273 4980 inimicos
293 4919 464 4976 insidiantes
485 4911 708 4989 repellimus3s
733 4917 763 4974 et
783 4931 802 4973 a
822 4915 932 4973 tertul·
972 4915 1065 4974 6666.
1082 4916 1292 4974 sirenosum
1305 4920 1413 4989 prater
1427 4917 1769 4996 Quedrsgesimampu.

137 5004 236 5075 liano,
252 4997 306 5062 lib.
322 5002 452 5059 [160161.
467 5001 499 5057 in
510 4999 585 5069 tine,
600 4999 728 5057 abiait:
746 4999 858 5058 «Statio
872 5000 932 5056 soi·
972 5000 1106 5069 chalem,
1128 4999 1281 5073 duplicem
1297 4997 1388 5056 eiiam
1401 4999 1555 5070 jejunabat
1569 5018 1576 5082 r
1589 5015 1682 5060 unam
1698 5007 1768 5064 anta

137 5089 236 5146 venda
252 5091 296 5144 est
312 5088 431 5158 accepto
455 5097 580 5156 corporo
603 5079 720 5138 bomini
739 5081 829 5154 (olim
850 5080 931 5138 enim
973 5081 1082 5141 testum
1102 5081 1332 5156 assumptionis,
1353 5080 1385 5137 in
1406 5081 1554 5140 honorem
1572 5085 1602 5142 B.
1624 5081 1767 5161 Virginis3

137 5188 214 5244 pono
239 5169 372 5244 quotidie
395 5166 611 5224 conveniebant
631 5160 786 5222 Christiani
805 5180 931 5238 vespere
974 5161 1096 5222 alteram
1109 5169 1178 5240 post
1190 5161 1267 5222 iliud
1277 5161 1397 5234 leolum,
1410 5163 1443 5222 ln
1455 5159 1601 5226 honorem
1613 5163 1659 5228 SS.
1673 5175 1770 5242 Ange-

138 5252 178 5310 ad
192 5251 371 5323 orationem,
386 5251 473 5324 quasi
489 5249 528 5308 ad
545 5246 716 5318 stationem,
729 5249 763 5306 ln
782 5259 877 5322 eaque
887 5243 932 5319 16-
973 5247 1073 5305 lorum
1085 5265 1092 5301 :
1106 5241 1186 5304 unde
1206 5245 1238 5304 in
1254 5244 1315 5304 ilne
1332 5239 1422 5320 huius
1431 5247 1537 5321 jejunii
1554 5252 1669 5325 premii
1680 5251 1750 5311 iarn

126 5331 201 5412 iani
218 5349 332 5396 ooenom
348 5329 452 5396 chasil
468 5333 667 5414 peragebant,
681 5347 715 5400 ne
729 5331 930 5395 communica·
973 5345 1058 5395 6666
1078 5331 1182 5390 1116611
1204 5328 1359 5404 stigmate,
1382 5347 1438 5406 per
1458 5333 1612 5408 seraphim
1632 5335 1683 5398 sili
