4088 6032
272 269 308 336 ιι
792 279 1034 335 conirnnrlnu
1051 280 1083 334 n·
1102 275 1259 346 conssul,
1277 289 1339 334 cir.
1358 267 1379 332 t.

273 386 353 440 enim
373 401 410 442 ex
428 388 463 444 sir
477 387 643 442 moveretur
655 397 875 456 quamcumque
888 384 918 440 in
932 389 1064 458 purtem,
1111 382 1233 455 dor-pius
1249 382 1281 439 in
1302 382 1402 448 duest.
1420 381 1540 450 Tbccloq.
1563 385 1590 438 et
1609 381 1706 449 Petit,
1727 391 1799 452 pug.¹
1822 379 1899 436 tlt:

274 468 437 526 necessario
449 468 568 526 deberet
578 469 735 524 ascendero
745 471 774 524 et
784 466 852 523 ferri
866 483 993 526 sursum.
1005 470 1065 526 lloo
1112 487 1126 522 s
1141 466 1216 533 Quid
1231 469 1275 522 est
1285 464 1436 522 mundus?
1452 482 1466 516 i
1488 462 1663 534 respondit:
1688 479 1702 514 ι
1717 459 1902 518 incessabilis

274 556 372 608 autem
386 557 428 608 est
441 557 543 608 contra
556 551 618 620 eius
632 554 777 606 naturam.
789 550 865 608 Audi
876 552 903 608 S.
914 551 1063 620 basilium,
1109 549 1258 618 circuitus,
1271 552 1397 604 eureus
1410 551 1504 605 tenor.
1520 545 1597 614 Quid
1610 550 1653 603 est
1667 545 1765 602 beust
1776 545 1901 602 immor·

273 632 356 690 hom.
365 637 379 688 l
389 637 516 690 liccam:
534 633 685 700 «Quidum
700 634 870 706 interpretes
883 640 993 690 naturus
1009 639 1066 690 ter·
1110 633 1174 688 talis
1189 647 1289 701 mene,
1303 629 1500 700 incogitabilis
1514 627 1683 701 inquisitio,
1696 627 1798 686 omniu
1808 627 1901 686 conti·

273 729 338 770 ram
360 718 513 788 persistere
534 716 718 773 immobilem
741 718 812 773 tales
826 717 866 772 ob
878 733 982 774 causas
995 732 1065 772 oon·
1110 731 1191 772 nens.
1203 715 1279 783 Quid
1290 719 1333 772 est
1347 713 1498 774 Oceanus?
1513 711 1612 770 Mundi
1626 711 1792 784 amplexus,
1800 711 1901 785 hospi·

273 799 410 868 tendunt,
434 800 573 858 nimirum
591 802 675 873 quod
694 802 823 858 medinm
836 801 986 870 regionem
1000 800 1065 856 uni·
1109 799 1182 856 tium
1192 798 1362 867 fluviorum,
1374 796 1441 854 lons
1451 795 1602 854 imbrium.
1616 793 1692 863 Quid
1699 795 1807 852 Terre?
1821 796 1902 854 Basis

272 883 350 938 versi
363 885 566 956 occupaverit,
587 885 730 958 quodque
751 885 896 957 aeqtralem
911 885 1065 956 undequa-
1109 882 1189 951 coeli,
1206 881 1404 938 meditullium
1418 879 1539 949 mundi,
1559 878 1709 936 fructuum
1723 883 1817 938 mater
1824 919 1834 950 ,
1855 881 1899 937 vi·

274 980 332 1037 que
352 967 390 1022 ad
409 972 539 1024 extrema
557 969 776 1038 elongationem
798 969 915 1037 sortita,
929 982 990 1023 non
1002 967 1065 1037 jam
1109 965 1240 1020 rentium
1249 964 1356 1021 nutrix.
1369 982 1383 1016 u
1397 963 1542 1034 Epictetus
1551 977 1643 1018 vero:
1659 962 1897 1035 «terrminquit,

273 1047 379 1106 habeat
401 1050 432 1107 in
453 1067 545 1124 quam
560 1052 658 1124 potius
674 1053 811 1122 devergat
824 1056 955 1123 partem,
970 1057 1020 1105 aut
1033 1067 1064 1108 se
1110 1054 1152 1104 est
1166 1049 1274 1106 Cereris
1289 1049 1440 1116 borreum,
1455 1044 1606 1104 cellarium
1620 1045 1696 1102 vitas.

273 1131 404 1188 aoelinet.
419 1135 583 1192 cumcuim
597 1135 700 1190 similis
713 1133 968 1206 parvamqualitas
983 1133 1064 1190 omni
1144 1134 1172 1190 ι.
1195 1136 1289 1188 'innui
1310 1146 1403 1188 uurnn
1422 1145 1494 1186 erar
1512 1144 1605 1186 ruinis
1623 1145 1657 1188 ιιι
1676 1144 1776 1188 rieul.
1793 1159 1828 1174 -
1847 1133 1974 1189 lle-vus.
2005 1151 2027 1194 ε,

273 1230 310 1271 ex
329 1222 411 1286 parta
433 1217 529 1290 ipsam
543 1218 697 1287 ambiere,
712 1217 928 1290 impossibilem
943 1217 1064 1272 inclina·
1109 1214 1206 1272 braice
1218 1223 1271 1284 est,
1288 1223 1361 1272 torro
1381 1221 1439 1270 ecci
1453 1221 1524 1275 inm
1538 1221 1597 1276 mn
1611 1214 1674 1270 tohu
1687 1215 1800 1280 cordio,
1809 1213 1842 1272 id
1855 1219 1899 1274 est
1929 1203 2006 1313 Ἣ

272 1299 382 1356 tionem
403 1301 524 1359 inducat
537 1303 592 1374 ipsi
606 1307 689 1358 terrm
703 1301 734 1358 in
749 1318 840 1358 unam
854 1301 985 1374 aliquem
997 1316 1064 1372 par-
1109 1303 1185 1356 terra
1198 1304 1260 1354 eret
1273 1299 1413 1366 solitudo,
1428 1296 1489 1354 sive
1503 1297 1590 1352 inane
1610 1300 1638 1352 et
1656 1311 1784 1354 uacuum
1798 1315 1808 1354 τ
1827 1298 1900 1372 quin
1926 1332 2019 1376 ,am

273 1385 349 1454 tem,
363 1387 527 1442 necessario
547 1387 578 1442 in
600 1388 696 1458 seipsa
715 1389 876 1457 permanet.
889 1405 903 1438 u
927 1383 1064 1442 Praeclare
1109 1386 1185 1438 terra
1197 1388 1259 1438 crat
1273 1397 1365 1437 vacue
1379 1379 1550 1436 bominibus
1564 1383 1593 1435 et
1603 1379 1755 1451 jumentis,
1769 1383 1803 1437 ut
1812 1381 1901 1440 vertit

273 1467 301 1523 S.
316 1467 544 1540 chrysostomus
552 1511 562 1540 ,
575 1469 680 1527 homil.
698 1473 734 1524 lle
747 1469 883 1538 iejuniis,
898 1471 926 1524 et
940 1467 1065 1524 Geneseos
1109 1467 1247 1524 tonethas
1261 1464 1433 1534 Choldoeus3
1455 1478 1573 1520 rursum
1588 1468 1649 1520 erat
1661 1479 1755 1521 vacue
1774 1464 1899 1538 plantis,

274 1552 399 1618 tectione,
414 1556 486 1610 lom.
501 1557 511 1611 1
529 1571 535 1608 :
553 1554 720 1622 «Patriam,
736 1553 845 1625 inquit,
868 1551 921 1608 tibi
934 1555 962 1608 et
975 1550 1065 1606 nutri·
1109 1549 1302 1618 animalibus,
1321 1547 1498 1616 seminibus,
1515 1544 1662 1617 gramine,
1677 1545 1759 1617 luce,
1782 1547 1899 1619 decore,

274 1651 354 1706 cem,
376 1642 405 1694 et
427 1642 566 1707 matrem,
580 1644 607 1696 et
621 1653 769 1700 mensam.
785 1640 813 1692 et
827 1636 952 1693 nuruum
966 1634 1065 1708 posuit
1078 1645 1080 1648 ·
1109 1629 1443 1700 fluminibusiontibns,
1454 1629 1617 1699 montibus,
1629 1629 1899 1706 vallibusesmpis,

274 1722 395 1790 terram3
410 1723 462 1778 sed
476 1726 503 1778 et
516 1720 684 1794 sepulerum
701 1719 752 1776 tibi
769 1721 845 1776 brine
862 1720 997 1776 eanidem
1016 1719 1065 1774 de·
1109 1715 1252 1783 collibus,
1267 1713 1392 1770 metallis
1406 1717 1434 1768 el
1448 1712 1658 1781 mineralibus‚
1674 1713 1794 1786 adquae
1816 1721 1900 1774 natu-

275 1801 318 1858 dit
341 1821 348 1856 :
371 1818 441 1858 nam
461 1809 490 1860 et
511 1821 637 1876 corpore
651 1808 752 1860 nostra
764 1817 801 1859 ex
815 1803 879 1874 ipsa
893 1807 974 1871 sunt,
986 1806 1015 1858 et
1027 1816 1065 1858 ex
1109 1801 1200 1856 rulem
1214 1797 1526 1872 quasiinelinationem
1532 1795 1622 1854 hebet
1635 1795 1682 1868 (l).
1694 1796 1764 1852 ilinc
1774 1797 1900 1870 sapient.

274 1886 339 1960 ipsa
351 1887 440 1944 etiam
452 1903 612 1961 corporum
625 1887 977 1958 nut1·imente,etexipsa
991 1903 1066 1959 quo·
1109 1899 1148 1952 ιι,
1170 1882 1276 1938 dicitur
1300 1900 1306 1938 :
1332 1879 1416 1954 quod
1437 1883 1511 1938 Deus
1527 1898 1541 1932 a
1561 1879 1667 1936 creavit
1682 1879 1786 1938 orbem
1801 1884 1842 1954 tid
1856 1885 1900 1939 est

274 1986 333 2042 que
356 1974 384 2027 et
403 1971 433 2026 in
451 1971 514 2044 ipsa
527 1977 628 2028 nostra
641 1969 783 2027 habitatio
797 1975 854 2042 est,
869 1975 897 2026 et
909 1975 977 2044 post
988 1987 1066 2027 mor·
1108 1984 1154 2024 res
1169 1970 1197 2022 et
1210 1966 1321 2037 specics
1342 1963 1432 2035 orbis)
1455 1979 1492 2020 ex
1511 1963 1633 2020 materia
1650 1963 1783 2034 inrisui
1807 1982 1900 2038 greeee

275 2057 332 2108 tem
346 2053 482 2126 inipsam
495 2071 613 2110 rursum
627 2055 797 2112 redimus.»
1109 2052 1225 2122 ἀμόρφου,
1248 2048 1277 2104 id
1303 2050 1346 2102 est
1365 2045 1499 2115 informi,
1520 2043 1669 2116 inornata,
1693 2046 1898 2121 incompositi.

311 2144 427 2209 Qufflres
442 2161 448 2198 :
465 2141 517 2198 ubi
530 2147 558 2199 et
571 2144 693 2215 quando
705 2142 792 2200 creati
805 2146 874 2199 sunt
888 2142 1002 2213 angeli?
1012 2145 1066 2200 pfl.
1109 2135 1189 2190 Unde
1204 2148 1259 2188 Lxx
1274 2131 1320 2214 bic
1337 2134 1471 2198 vertunt,
1492 2135 1565 2184 terro
1579 2135 1638 2184 erat
1651 2132 1800 2188 inuisibilis
1814 2140 1840 2188 et
1855 2138 1900 2189 in·

275 2227 374 2282 larunt
384 2225 475 2299 aliqui
489 2243 540 2283 eos
554 2232 665 2282 creatos
680 2243 741 2282 esse
756 2230 822 2282 ante
837 2228 984 2282 mundum
999 2245 1006 2284 ε
1027 2227 1066 2284 itu
1109 2221 1268 2287 comitilia?
1283 2214 1481 2287 AqUilailtiffl
1494 2217 1804 2282 marconeicurtem
1817 2219 1901 2290 Sym·

276 2316 429 2368 sonserunt
448 2311 603 2380 Origenes,
617 2310 754 2379 Basilius,
774 2309 985 2378 Nazianzenus,
999 2318 1066 2366 nm-
1109 2301 1242 2369 modios,
1254 2305 1327 2356 terro
1339 2301 1398 2353 erat
1407 2301 1494 2354 otioso
1505 2304 1531 2354 et
1543 2297 1680 2365 indigesto
1690 2299 1900 2373 ,Theodotiom

275 2391 407 2462 brosins,
423 2395 629 2466 Hieronymus,
646 2392 779 2448 llilorius.
796 2391 848 2447 ulii
863 2397 1004 2463 putarunt
1014 2409 1065 2448 eos
1110 2393 1183 2440 tetra
1196 2389 1255 2440 erat
1268 2386 1350 2438 issant
1361 2388 1386 2436 tl
1399 2383 1530 2450 nihilum?
1544 2381 1684 2452 OssksslOSs
1697 2388 1771 2440 terro
1784 2391 1843 2440 ml
1855 2385 1901 2440 dt·

274 2481 386 2533 creatos
398 2493 458 2533 esse
473 2482 540 2548 post
554 2477 716 2545 inundu1n3
730 2476 770 2530 ite
782 2477 1065 2532 serrserunttcaeius
1110 2471 1197 2526 soluto
1213 2474 1238 2523 et
1261 2483 1358 2522 uacua.
1380 2467 1446 2520 Erat
1467 2465 1544 2522 enim
1566 2468 1644 2520 terro
1664 2480 1733 2522 cum
1753 2480 1901 2538 aquarum

182 2569 188 2582 '
275 2561 303 2614 et
318 2561 492 2616 ¹Gennadius
511 2561 542 2615 in
558 2562 669 2615 Ceterae.
691 2561 797 2616 Verum
820 2559 885 2616 dico
906 2574 957 2615 eos
975 2560 1065 2616 simul
1110 2551 1218 2624 abysso
1228 2549 1282 2606 Sibi
1302 2548 1552 2621 superfusoquasi
1569 2547 1826 2632 cbaosquoddam
1838 2549 1902 2608 issa·

275 2656 342 2698 cum
365 2643 480 2700 mundo
499 2644 530 2700 in
550 2642 696 2716 principio
719 2643 859 2714 temporis
882 2657 943 2700 esso
963 2644 1066 2700 condi·
1109 2651 1156 2704 ne,
1171 2635 1245 2690 rude
1261 2638 1288 2690 θῑ
1302 2632 1491 2703 indigestum,
1506 2631 1542 2688 de
1556 2646 1618 2704 ‘1¹¹0
1631 2629 1775 2689 0Vidi1¹³²

275 2728 337 2796 loe,
352 2725 442 2800 idque
457 2727 488 2784 in
501 2727 574 2784 coelo
590 2743 730 2800 empyreo
746 2745 754 2782 τ
776 2732 845 2782 sunt
857 2725 937 2784 euim
950 2728 1012 2799 eius
1026 2728 1066 2784 ci·
1542 2775 1547 2786 .

274 2823 325 2864 ves
345 2813 374 2866 et
393 2810 515 2879 incolee3
537 2812 576 2866 ita
590 2827 657 2866 cum
672 2813 698 2868 S.
713 2812 895 2882 Augustino,
911 2812 1066 2881 Gregorio,
1155 2775 1656 2912 3222,‘ffsseffih'ssgtsmfflffitffid{gem
1669 2847 1758 2899 moles,

275 2894 403 2964 liuperto
410 2936 419 2963 ,
442 2895 520 2989 Beda
542 2897 649 2950 docent
676 2895 807 2966 Magister
834 2898 862 2950 ot
886 2895 1064 2952 scholastici.
1156 2885 1826 2984 Noequgffiuaffi„gjfiflndnsinffi'congegaqffld„

275 2977 355 3032 Unde
364 2977 392 3033 S.
405 2981 609 3050 Nazlanzenus,
627 2984 700 3035 oriri.
715 2983 745 3034 in
760 2979 863 3034 Christi
872 2981 1064 3034 nativitatem:
1155 2991 1204 3042 uun
1219 2993 1275 3042 uene
1284 2990 1413 3055 Juncuram
1426 2988 1536 3040 dismrda
1550 2989 1636 3042 semina
1649 3005 1734 3044 rerum.

277 3061 424 3131 «Angeli,
448 3062 503 3132 ait,
526 3063 701 3134 prodierunt
727 3079 744 3117 a
773 3063 829 3118 lieo
851 3061 924 3117 siout
949 3061 1024 3118 radii
1049 3077 1068 3118 u

274 3143 382 3214 sole3s
405 3149 449 3216 et,
469 3151 502 3202 ut
516 3147 555 3202 eit
568 3148 595 3204 S.
611 3146 782 3217 Gregorius,
798 3145 851 3202 lib.
867 3147 942 3202 iiixl
966 3148 1065 3202 Morcl.
1146 3147 1239 3212 Quare
1253 3144 1450 3217 improbabile
1466 3149 1509 3200 est
1519 3145 1604 3218 quod
1614 3151 1732 3205 censent
1742 3146 1858 3208 Gabriel
1870 3149 1903 3206 in

275 3244 340 3302 cap.
355 3245 412 3300 ιιι,
428 3236 610 3303 eernperunt
622 3237 765 3304 tunquam
778 3229 1064 3286 scintillmasilice.»
1109 3231 1142 3300 ll,
1157 3229 1223 3286 dist.
1240 3230 1285 3298 ιι,
1300 3243 1330 3301 q.
1348 3232 1376 3299 t,
1393 3233 1420 3284 et
1434 3227 1575 3284 liarsilius
1589 3227 1715 3301 ibidem,
1728 3231 1819 3290 cbaos
1831 3232 1903 3303 boc,

275 3312 336 3370 lmo
351 3313 513 3370 Concilium
528 3318 735 3385 lateranense,
753 3314 809 3369 sub
824 3313 991 3370 Innocentio
1009 3315 1040 3368 tlt
1058 3330 1064 3368 :
1110 3313 1185 3382 sive,
1201 3316 1233 3368 ut
1252 3311 1371 3385 Sapiens
1390 3311 1534 3384 loquitur,
1560 3312 1713 3370 materiem
1726 3311 1901 3387 informem,

278 3395 414 3466 «Firma,
440 3397 549 3470 iuquit,
573 3398 632 3454 fide
655 3398 835 3454 credendum
857 3399 899 3451 est
919 3400 1009 3452 boum
1027 3396 1066 3452 eb
1109 3395 1197 3452 luisse
1209 3395 1359 3452 materiam
1369 3396 1508 3467 primam,
1526 3395 1570 3454 vel
1584 3395 1699 3468 solam3
1711 3397 1758 3454 vel
1770 3403 1845 3456 certe
1855 3398 1902 3456 in-

275 3475 356 3534 inilio
378 3483 519 3552 temporis
538 3481 626 3536 simul
640 3489 795 3553 utramque
811 3481 846 3534 de
861 3480 952 3535 nihilo
967 3481 1067 3536 condi·
1110 3479 1266 3536 formatam
1280 3483 1395 3535 tentum
1408 3479 1505 3536 forma
1518 3481 1651 3552 quadam
1668 3481 1747 3551 rudi,
1762 3481 1901 3552 obscure,

276 3562 353 3617 disse
371 3568 532 3620 ereaturam
553 3582 560 3619 :
577 3564 757 3635 spiritualem
772 3567 799 3617 et
813 3579 1003 3634 corpoream,
1017 3579 1068 3618 cn·
1111 3563 1238 3634 generali
1252 3567 1280 3620 el
1294 3564 1445 3620 communi
1459 3563 1672 3636 corporeitctis,
1686 3564 1726 3620 ite
1740 3568 1901 3624 nitentum

169 3719 172 3724 Ι
275 3645 399 3716 geticum
413 3650 442 3702 et
453 3647 646 3702 mundanum.
659 3667 672 3700 ι
690 3647 1068 3713 Qiroevc1·bolicetll.ibo-
1111 3653 1184 3704 esset
1198 3647 1227 3703 in
1246 3648 1377 3721 potentia
1395 3649 1434 3704 ad
1456 3664 1559 3705 omnes
1579 3648 1768 3722 particulares
1791 3649 1903 3708 lorinus

276 3745 340 3785 mas
363 3733 391 3785 et
404 3728 495 3801 aliqui
510 3729 557 3784 elii
572 3734 674 3801 putent
687 3729 769 3785 aliter
783 3729 874 3800 accipi
894 3745 997 3802 posse,
1014 3730 1069 3786 sei·
1111 3731 1322 3804 suscipiendus,
1338 3735 1370 3788 ut
1388 3732 1501 3792 censuit
1515 3731 1680 3790 nbmensis.
1695 3735 1737 3790 Ex
1749 3733 1808 3790 boc
1822 3736 1903 3792 enirn

225 3841 236 3852 ·
276 3811 342 3871 licet
356 3812 442 3885 quasi
458 3811 551 3869 obiter
565 3813 642 3867 dieto
658 3813 693 3867 de
715 3812 849 3882 angelis,
865 3813 984 3882 proprie
998 3829 1067 3870 vero
1112 3815 1195 3872 blesis
1208 3815 1275 3870 loco
1296 3818 1408 3872 constat
1416 3857 1424 3886 ,
1447 3815 1583 3888 primitus
1603 3813 1691 3872 luisse
1706 3820 1834 3874 creatam
1847 3821 1904 3874 ter·

277 3897 353 3954 dicta
365 3900 467 3953 contre
480 3895 650 3966 origenem,
666 3895 716 3967 qui
731 3895 842 3951 censuit
856 3896 969 3952 animus
990 3913 1068 3952 crou-
1112 3916 1174 3954 rein
1189 3899 1348 3968 eleusinum
1363 3915 1434 3968 ergo
1449 3900 1569 3956 materie
1583 3899 1719 3972 primitus
1734 3904 1831 3960 create
1842 3917 1903 3958 non

277 3983 321 4037 tus
340 3995 404 4037 esse
423 3982 490 4035 ante
513 3993 638 4050 corpora
662 3994 669 4032 :
693 3982 791 4033 tamen
813 3978 900 4033 nimis
920 3977 1068 4036 disertaet
1110 3982 1165 4038 luit
1178 3980 1280 4037 ionum
1295 3997 1417 4054 expers,
1439 3981 1492 4040 sed
1504 3981 1676 4056 particulari
1692 3981 1757 4040 coeli
1770 3987 1800 4040 el
1819 3986 1904 4042 terrm

277 4063 356 4120 clara
375 4061 525 4132 videntur,
545 4075 637 4134 quam
659 4065 692 4117 ut
713 4060 770 4117 alio
785 4061 915 4134 torqueri
928 4061 1066 4135 possint:
1110 4064 1206 4122 torma
1219 4065 1322 4120 induta
1335 4068 1364 4120 et
1377 4064 1501 4122 imbuta.

276 4146 357 4204 unde
374 4146 490 4204 videtur
511 4146 574 4201 inec
587 4149 687 4202 nostra
702 4145 842 4201 sententia
853 4145 916 4216 jam
930 4161 992 4202 non
1006 4149 1067 4204 tun·
1147 4152 1279 4220 Quaeres:
1294 4151 1352 4207 Cur
1365 4153 1440 4206 Deus
1454 4150 1562 4209 coelum
1571 4154 1718 4210 alternam
1729 4167 1832 4212 creans
1842 4153 1903 4228 pri·
1915 4178 1970 4224 0„
1995 4197 2026 4226 nr.-

277 4234 341 4288 tum
366 4247 427 4287 esse
451 4228 632 4302 probabilis,
654 4231 706 4286 sed
728 4237 756 4287 et
777 4234 854 4286 certa
866 4230 903 4286 de
918 4228 996 4300 fide;
1011 4231 1069 4289 hoo
1111 4251 1161 4292 mo
1174 4235 1221 4291 die
1229 4278 1238 4307 ,
1252 4233 1304 4292 iliu
1318 4234 1407 4292 simul
1420 4251 1482 4294 non
1493 4234 1582 4307 pleno
1595 4238 1624 4292 et
1638 4235 1764 4309 perfecte
1778 4253 1903 4296 exorna·
1940 4241 2019 4286 sinant

278 4313 358 4374 enim
373 4314 472 4372 asserit
487 4316 515 4370 el
528 4312 630 4370 definit
642 4314 740 4386 ipsum
755 4313 927 4370 Concilium·
1111 4320 1176 4376 viti
1190 4319 1365 4392 Respondeo
1381 4334 1389 4376 ι
1403 4321 1499 4376 Primo
1512 4323 1655 4379 causaest
1668 4320 1902 4391 eJussanesvo-
1914 4309 2029 4411 ma]

179 4423 248 4476 aas·
314 4403 414 4462 Notus
433 4405 523 4458 lloses
544 4416 604 4457 non
624 4401 756 4456 meminit
779 4399 933 4456 creationis
950 4401 1069 4472 angelo·
1111 4403 1228 4458 luntasz
1244 4400 1436 4474 congruentia
1448 4406 1491 4460 est
1504 4401 1588 4476 quod
1602 4407 1707 4460 nature
1727 4403 1821 4477 (eujus
1833 4421 1904 4464 con·
1992 4396 1997 4407 ⁸

178 4485 246 4528 ΝΜ
280 4502 364 4558 rum,
384 4486 455 4560 quia
476 4483 622 4541 scribebat
639 4484 764 4540 rudibus
779 4489 806 4540 et
820 4484 925 4540 crassis
942 4487 1068 4556 tudinis,
1113 4486 1190 4542 ditor
1203 4490 1246 4541 est
1257 4485 1341 4557 Deus)
1362 4485 1401 4542 eb
1419 4485 1595 4559 imperfectis
1609 4486 1649 4544 all
1662 4487 1791 4562 perlecta
1803 4505 1907 4562 proce·

158 4556 268 4652 ωζῆηῗῗ·
280 4571 374 4645 iisque
388 4571 427 4627 ed
440 4567 638 4626 idololatriam
652 4568 763 4642 pronis,
780 4569 832 4642 qui
849 4567 933 4624 facile
948 4567 1069 4638 angelos
1114 4569 1173 4626 det.
1182 4570 1304 4626 Secundo
1312 4573 1366 4640 est,
1378 4573 1410 4626 ut
1418 4568 1565 4628 discamus
1572 4586 1619 4628 res
1625 4587 1728 4630 omnes
1740 4575 1825 4632 clleo
1833 4591 1906 4648 pen·

168 4667 259 4711 enus
280 4653 400 4728 prediis
411 4653 586 4710 coluissent:
601 4651 683 4707 tacite
697 4657 795 4708 tamen
804 4667 855 4708 eos
865 4650 1067 4724 insinuatenp.
1114 4653 1248 4710 demtum
1258 4652 1360 4726 quoad
1370 4651 1600 4726 inchoationem,
1608 4670 1700 4727 quam
1708 4658 1810 4730 quood
1820 4673 1908 4716 exor-

158 4728 267 4785 maup-
281 4755 313 4810 ιι,
327 4741 354 4808 t,
368 4753 437 4794 cum
451 4737 490 4794 cit
506 4755 512 4793 :
531 4757 545 4789 ι
559 4735 678 4793 Perieoti
692 4735 781 4806 igitur
794 4739 863 4795 sunt
877 4734 951 4804 coeli,
965 4737 993 4790 et
1007 4750 1070 4790 our-
1113 4736 1262 4792 nationem
1272 4740 1300 4792 et
1312 4735 1532 4810 perlectionem,
1542 4737 1676 4810 nihilque
1682 4738 1715 4796 in
1721 4739 1812 4796 rebus
1826 4755 1908 4800 crea·

168 4789 257 4835 m*
279 4821 327 4882 nis
339 4825 459 4880 ornatus
481 4837 585 4878 eorum
607 4838 614 4876 :
637 4841 650 4872 r
678 4823 798 4876 ornatus
817 4817 896 4875 enim
916 4817 1070 4889 ooelorurn,
1112 4816 1149 4876 tis
1162 4834 1225 4876 esse
1238 4822 1300 4876 tam
1317 4819 1522 4892 imperfectum
1534 4820 1654 4880 excluso
1673 4826 1806 4896 peccato,
1820 4824 1908 4896 cidus

226 4909 231 4916 '
279 4910 348 4965 suut
360 4905 450 4964 stelles
462 4909 489 4961 et
503 4904 609 4976 angeli.
622 4905 687 4959 liceo
701 4919 770 4973 ergo
785 4905 829 4957 est
839 4905 920 4957 vasta
931 4897 1071 4972 bellaque
1112 4916 1174 4960 non
1187 4901 1340 4962 sitauotor
1355 4903 1444 4964 Deus
1466 4905 1629 4976 recteest,
1642 4921 1695 4976 ne,
1719 4905 1744 4964 si
1765 4907 1868 4968 omniu
1889 4923 1909 4964 a

278 4988 383 5048 mundi
391 5027 402 5060 ,
415 4992 487 5064 puta
500 4989 564 5046 coeli
578 4992 607 5044 et
621 4991 719 5057 terrm,
731 4985 885 5055 machina,
902 5001 994 5060 quam
1008 5002 1071 5042 rna·
1111 4983 1259 5062 principio
1273 4985 1406 5064 perlecta
1418 4987 1602 5064 legerem,
1619 4988 1749 5050 increata
1766 4995 1908 5065 pumen.

278 5089 355 5148 gnns
377 5071 426 5132 ille
446 5089 546 5130 rerum
566 5071 665 5145 opiiex
685 5088 753 5128 cum
772 5071 855 5128 initio
868 5070 1025 5146 temporis,
1039 5069 1072 5131 iu

278 5160 430 5216 momento
442 5173 479 5214 ex
491 5155 585 5214 nihilo
599 5155 751 5229 produxit.
766 5153 904 5212 Prceclare
918 5155 1070 5212 Seorrrmue
1144 5187 1180 5252 (¹)
1207 5191 1314 5240 uanum
1357 5195 1431 5240 ,m
1453 5187 1591 5244 ,Momm
1612 5189 1784 5258 ,mmmm
1809 5193 1906 5244 mm

277 5236 1070 5314 philosophus,interrogatusabAdrianoimperatore,
1112 5272 1234 5321 aquarum
1250 5225 1379 5322 „ruffa
1398 5275 1501 5323 ΜΨ,
1519 5262 1832 5326 ,1„„5„„.„„,immmg5
1850 5273 1906 5316 a„

278 5325 509 5384 uncxtbeums
523 5319 794 5378 liertiuiuuisreiert
805 5317 930 5377 lacobus
941 5321 1071 5378 ilidden·
1113 5345 1162 5378 nox
1177 5340 1229 5380 eruc
1242 5332 1328 5382 elin-u.
