4118 6042
670 322 1289 401 muumrrsurnnxcuuraaanv.
1737 320 1790 378 sar

169 429 352 490 irrationales
363 417 420 488 sua
432 429 663 506 pulchritudine,
674 431 779 492 ordine
791 435 820 491 et
830 445 955 490 numero
1035 432 1092 492 tled
1103 431 1167 490 huo
1180 433 1250 488 snat
1265 440 1370 488 eorum
1382 423 1586 486 immamus
1599 439 1608 484 ι
1621 435 1791 498 pronomen

169 518 312 571 testantur
329 515 471 572 Creatoris
487 516 533 573 sui
550 516 694 588 gloriam,
706 516 902 590 hominesque
916 515 957 574 ad
998 518 1053 574 iste
1072 529 1134 573 non
1153 513 1247 572 elium
1268 511 1416 584 designat,
1436 521 1530 582 quam
1552 508 1644 566 Deum
1662 520 1717 580 per·
1738 519 1792 564 ab·

162 593 238 652 'eum
254 597 491 668 cognoscendum
511 602 540 655 et
558 598 744 657 inridendum
760 599 955 656 inflammant.
999 601 1101 671 gelum
1117 596 1346 672 prospicientem
1365 595 1398 652 in
1414 591 1569 663 columna,
1587 605 1677 664 super
1694 592 1791 648 castre
1875 655 1877 662 ,

172 679 359 739 «invisibilia
368 683 446 740 enim
457 683 548 756 ipsius
559 699 578 740 a
590 686 722 740 creatura
730 679 847 755 mundi,
859 697 914 761 per
922 697 958 740 es
999 684 1188 742 llebraeorum
1209 685 1238 740 at
1258 679 1482 753 Acgyptiorum,
1496 674 1550 750 qui
1568 674 1625 736 llos
1644 673 1793 750 perdidit,

169 779 237 836 quae
252 762 329 822 iacta
348 769 432 837 sunt,
446 763 590 822 intellecta
605 765 837 839 conspiciuntur,
850 765 958 840 sempl·
999 767 1068 826 illos
1082 765 1224 836 servavit,
1239 779 1305 838 cup.
1319 777 1379 834 xiv,
1392 765 1439 822 ii.

170 853 253 904 terna
260 861 381 920 quoque
387 847 450 920 ejus
458 848 550 904 virtus
560 851 588 905 et
598 847 849 918 diviniusaltom.
860 863 926 923 cap.
935 865 956 918 l,
1035 855 1109 910 Nota
1119 854 1190 908 :Pro
1199 853 1271 908 Deus
1285 825 1581 913 hebraicecstbxel,
1593 843 1681 904 idest
1694 842 1788 916 tortia

170 933 206 988 lo
211 949 222 1002 3
246 933 275 988 et
294 929 395 988 acoeli
417 934 554 988 enarrant
576 931 702 1002 gloriam
722 931 771 989 Dei
781 974 791 1004 ,
814 936 843 989 et
866 947 958 1005 opera
1000 936 1085 1010 quod
1103 950 1198 992 unum
1212 937 1306 990 estex
1323 933 1426 990 decem
1443 931 1492 988 Dei
1510 928 1741 1002 reminiscar.
1759 926 1790 986 d.

71 1046 82 1075 a
132 1060 139 1077 .
171 1029 315 1070 manuum
328 1014 390 1085 eius
405 1014 825 1072 annuntiatfirmamentum.u
843 1015 956 1082 Quarto,
1000 1019 1044 1076 Dii
1056 1017 1260 1092 AEgyptiorum
1276 1014 1386 1073 infirmi
1400 1018 1470 1072 sunt
1477 1053 1488 1086 ,
1502 1014 1554 1072 sed
1567 1013 1621 1071 iste
1634 1015 1709 1070 Deus
1722 1026 1792 1070 nos·

170 1096 242 1170 quia
253 1095 311 1153 hoc
320 1099 364 1153 est
377 1111 452 1170 opus
465 1097 594 1170 piorum,
609 1101 712 1170 estque
726 1095 955 1154 nobilissimum.
999 1106 1043 1159 ter
1065 1108 1109 1158 est
1130 1103 1205 1158 Deus
1228 1099 1321 1156 fortis.
1341 1101 1469 1156 Rursum
1489 1096 1569 1154 bunc
1592 1097 1684 1152 Deum
1705 1096 1792 1152 vacat

169 1180 210 1236 lta
224 1179 314 1236 David
327 1177 393 1236 iecit
405 1181 505 1236 Peoim.
521 1193 603 1236 clun
617 1195 626 1237 r
643 1179 808 1237 «Exultabo
831 1185 869 1250 te,
881 1183 956 1236 Deus
1000 1187 1091 1242 Deum
1101 1183 1193 1258 petris
1207 1182 1265 1253 sui,
1277 1181 1386 1240 seilicet
1399 1179 1523 1238 Abrehae
1533 1177 1723 1252 patriarche,
1737 1175 1791 1252 qui

77 1329 85 1340 ⁶
167 1277 252 1318 meus
264 1277 335 1332 rex,
349 1266 377 1319 et
389 1261 561 1320 benedicam
574 1263 689 1320 nomini
704 1267 757 1320 tuo
771 1263 803 1318 in
816 1263 957 1320 maulam
999 1271 1043 1325 ast
1063 1273 1147 1342 pater
1168 1265 1366 1337 credentium,
1385 1268 1415 1324 et
1435 1266 1518 1338 pater
1537 1259 1789 1334 circumcisionis,

166 1344 277 1401 soeoull.
291 1342 501 1402 Laudationem
516 1345 630 1402 Domini
640 1344 779 1418 loquetur
793 1361 827 1402 os
838 1359 956 1416 meum,
998 1354 1072 1424 puta
1081 1349 1280 1406 Hebraeorum.

167 1431 196 1482 et
208 1425 363 1484 benedicat
375 1427 472 1484 omnis
481 1443 550 1484 caro
563 1427 678 1485 nomini
691 1431 792 1486 sancto
804 1429 902 1500 dus.»
915 1429 957 1486 lia
1035 1437 1074 1490 Er
1094 1447 1278 1492 cicatricum
1296 1445 1364 1490 surr.
1377 1459 1414 1474 -·
1431 1427 1586 1488 liebraeum
1605 1435 1708 1492 illust
1728 1443 1791 1484 vtu-

165 1509 234 1568 iecit
241 1512 269 1566 S.
278 1510 537 1568 Jobinaiilictione
546 1527 666 1568 serenus
675 1516 703 1568 et
710 1512 837 1569 laudans
848 1515 955 1568 Deum:
998 1519 1106 1583 auctu,
1121 1517 1206 1591 quod
1225 1515 1380 1573 cualdoeus
1398 1513 1482 1571 vertit
1489 1553 1499 1584 ,
1513 1513 1650 1582 edificabo
1665 1515 1696 1568 ia
1708 1525 1791 1570 acac·

169 1613 186 1648 a
199 1595 352 1666 Dominus,
365 1595 422 1664 ait,
436 1595 531 1666 dedit,
548 1596 689 1652 Dominus
702 1595 837 1652 abstulit:
851 1595 887 1652 sit
901 1609 956 1651 no·
1000 1606 1141 1668 suarium,
1152 1602 1184 1658 in
1197 1615 1259 1674 qua
1272 1599 1383 1656 seilicet
1398 1613 1468 1656 cum
1482 1597 1596 1668 colam;
1614 1594 1694 1654 unda
1710 1593 1789 1652 hano

163 1677 237 1734 'men
254 1675 370 1734 Domini
382 1675 581 1735 benedictum.
592 1699 608 1732 a
624 1681 666 1736 lta
681 1683 740 1735 tres
758 1678 843 1752 pueri
861 1677 893 1734 in
909 1693 957 1734 ca·
999 1685 1037 1742 da
1050 1685 1200 1742 Pharaone
1213 1683 1383 1754 victoriam,
1396 1685 1540 1756 perpetuo
1553 1680 1585 1738 in
1601 1695 1669 1740 arca
1680 1681 1709 1736 et
1719 1677 1791 1736 Che·

166 1761 249 1818 mino
271 1761 346 1833 ignis
358 1774 463 1818 omnes
484 1765 633 1818 creaturas
645 1761 788 1829 invitant,
806 1765 839 1818 ui
856 1775 956 1818 secum
998 1769 1113 1838 rubim,
1127 1768 1213 1842 quasi
1224 1767 1255 1824 in
1265 1781 1355 1825 curru
1368 1781 1423 1824 guo
1434 1763 1616 1836 triumphali,
1631 1777 1793 1837 repraesen·

166 1843 289 1902 laudant
309 1846 424 1902 Deum:
442 1845 644 1916 «benedicite,
665 1844 768 1901 omnia
787 1859 879 1917 opera
901 1846 957 1901 uo-
998 1851 1259 1925 tari,etintamp10
1268 1849 1435 1908 conservari
1443 1848 1538 1906 voluit
1548 1846 1683 1916 nouanti
1692 1844 1790 1904 dican

168 1927 253 1998 mini,
266 1927 426 1998 uomina»
437 1931 505 1997 etc,
515 1929 623 1984 Duuul·
638 1943 680 1984 ¹¹¹·
696 1930 778 1996 Num,
790 1935 824 1983 ut
837 1927 877 1984 uii
888 1929 956 1984 uuu-
998 1950 1065 2008 cap.
1078 1949 1145 2006 nr,
1158 1951 1234 1992 vers.
1249 1937 1293 1992 le.
1309 1935 1462 2005 cajetanus
1474 1929 1570 2000 vertit,
1581 1930 1705 1986 habitabo
1719 1943 1790 1996 eum,

168 2010 293 2082 tentius,
307 2010 361 2067 lib.
378 2011 411 2067 vl
428 2013 522 2068 Dinia.
542 2014 636 2068 instit.
657 2027 723 2085 cap.
744 2011 797 2068 ult.
814 2029 823 2068 r
840 2030 856 2066 a
873 2012 957 2068 Sum·
998 2017 1031 2074 id
1044 2020 1103 2089 est,
1115 2017 1249 2074 assistam
1261 2017 1289 2074 ci
1302 2019 1414 2087 mente,
1427 2014 1518 2084 votis,
1532 2010 1689 2082 laudibus,
1703 2008 1792 2070 uilcc·

167 2109 236 2150 mus
252 2091 369 2150 uolendi
388 2094 436 2150 uei
456 2094 529 2150 ritus
547 2097 604 2165 aaa,
619 2109 655 2152 ex
672 2110 723 2152 ore
741 2094 813 2166 iusti
825 2093 956 2152 bominis
998 2102 1078 2160 tibus
1100 2106 1129 2160 et
1145 2103 1297 2176 operibus.
1318 2103 1425 2168 rasio,
1440 2097 1579 2156 latablas
1596 2096 1696 2166 vertit,
1711 2095 1791 2152 aare

167 2177 207 2234 ad
229 2179 320 2235 Deum
340 2177 449 2236 directa
466 2177 614 2248 laudatio,
636 2195 703 2251 quae
719 2183 818 2236 tamen
839 2177 904 2251 ipsa
923 2181 957 2236 ut
998 2187 1063 2242 rato
1077 2203 1146 2244 aum.
1161 2186 1314 2244 Hebraeum
1328 2185 1407 2242 enim
1421 2191 1473 2248 llll
1483 2198 1576 2248 nouo,
1591 2183 1619 2238 et
1631 2179 1790 2248 decorare,

167 2263 227 2318 Deo
238 2260 275 2318 sit
286 2265 415 2335 accepta,
424 2262 587 2318 humilitate
600 2265 628 2319 ct
640 2263 746 2319 timore
758 2265 787 2318 et
799 2262 956 2319 devotione
998 2272 1027 2325 et
1042 2269 1225 2339 glorificare,
1242 2271 1270 2326 et
1288 2267 1420 2326 babitare
1427 2306 1438 2338 ,
1451 2270 1480 2324 ct
1498 2263 1702 2322 habitaculum
1720 2277 1791 2320 cou-

166 2344 298 2400 maxima
311 2359 387 2418 opus
397 2349 476 2401 est.»
493 2345 610 2411 Quinto,
624 2345 697 2418 quia
709 2348 752 2401 est
766 2345 887 2418 propria
899 2349 956 2402 An·
998 2356 1110 2408 struere
1126 2351 1271 2424 siguificat
1285 2368 1293 2408 z
1307 2365 1376 2408 num
1395 2349 1481 2408 radix
1494 2349 1546 2411 lili
1562 2363 1632 2406 acue
1645 2344 1792 2419 siguificat

168 2427 302 2500 gaiorum
326 2430 354 2483 et
380 2429 535 2484 beatorum
562 2428 594 2483 in
610 2443 740 2502 omnem
765 2427 955 2486 aeternitatem
998 2434 1222 2492 tabernaculum
1237 2433 1405 2507 speciosum
1418 2437 1447 2490 et
1460 2432 1613 2489 decorum.

167 2513 259 2566 Deum
278 2509 520 2568 collaudantium.
536 2510 615 2567 Unde
633 2510 664 2566 in
683 2514 751 2567 ortu
764 2510 868 2567 Christi
882 2511 955 2568 ceci-
1034 2519 1181 2574 Exilllllo
1195 2531 1270 2586 surr,
1283 2545 1320 2558 -
1332 2531 1399 2572 eurn
1413 2514 1589 2571 altissimum
1600 2511 1702 2586 palum
1717 2526 1789 2572 con·

165 2596 295 2651 nerunta
313 2591 435 2651 «Gloria
447 2591 479 2650 ln
491 2592 639 2651 altissimis
652 2596 750 2664 Deo;u
766 2595 880 2664 Apocat.
896 2608 954 2663 nrt,
997 2599 1115 2672 timber,
1128 2603 1167 2669 et,
1179 2603 1325 2674 quantum
1337 2603 1460 2671 potero,
1474 2596 1655 2672 prediceba-

166 2680 201 2734 e:
214 2679 300 2735 «uox
314 2676 352 2734 de
364 2677 471 2734 throno
483 2676 573 2734 exirit
587 2677 687 2734 dicem
701 2695 709 2734 ι
725 2677 854 2736 Laudem
869 2677 955 2736 dicite
1033 2687 1106 2743 licta
1125 2703 1133 2743 ι
1154 2688 1229 2742 Deus
1250 2687 1293 2742 est
1312 2683 1481 2742 altissimus.
1506 2684 1615 2748 Primo,
1635 2679 1789 2738 altitudine
1803 2699 1861 2746 narr
1877 2685 1911 2746 ,a

165 2761 224 2817 Deo
237 2763 352 2831 nostre,
364 2775 467 2818 omnes
480 2760 556 2817 servi
567 2759 641 2830 ejus,
651 2765 679 2816 et
692 2760 744 2832 qui
755 2759 862 2818 timetis
873 2775 954 2829 eum,
998 2768 1185 2840 substantia,
1201 2768 1273 2841 quja
1293 2782 1395 2826 amnas
1412 2764 1551 2824 aasentias
1568 2779 1667 2822 reram
1685 2761 1716 2820 111
1736 2761 1789 2820 im.
1816 2763 1895 2808 altis-21-

165 2844 266 2920 Duuiffi
288 2847 316 2902 0²
337 2844 485 2916 uuum-u
512 2843 593 2900 lduffl
611 2840 724 2900 fuuiuui
749 2844 785 2900 2⁴
807 2843 955 2913 seniores,
998 2866 1134 2909 mensum
1145 2849 1334 2919 transcendit,
1345 2863 1455 2921 easque
1466 2863 1569 2906 omnes
1583 2847 1744 2904 eminenter
1759 2845 1789 2903 in
1812 2837 1900 2941 qffiflfw

165 2929 279 3000 Aperui.
292 2943 331 3000 rr,
345 2931 393 2985 lu.
998 2949 1030 2992 se
1052 2935 1189 2992 continet.
1210 2933 1346 2999 serundo,
1370 2931 1523 2989 altitudine
1546 2929 1672 2988 scientiae
1695 2944 1703 2988 a
1727 2929 1789 2986 bec
1809 2945 1901 3002 pliciter.

200 3014 273 3069 Nota
286 3031 294 3068 :
308 3011 398 3084 llagis
415 3011 474 3068 vita
493 3011 543 3084 pia
562 3025 655 3084 mam
671 3024 762 3080 uoce,
776 3013 848 3083 puta
862 3011 956 3068 chari·
999 3019 1079 3076 enim
1096 3019 1127 3074 in
1141 3021 1199 3076 Deo
1217 3022 1260 3074 est
1278 3013 1593 3090 incomprehensibilis.
1614 3015 1724 3070 Roman.
1738 3027 1786 3070 xi:
1804 3007 1880 3053 Pluu-

164 3099 236 3166 ¹²²⁰»
250 3095 433 3164 humilimus
448 3095 589 3168 Duliiuur
604 3093 787 3151 uuusuuuiuuu
801 3109 861 3150 ⁸¹¹ae
874 3091 956 3150 iuflu·
1001 3103 1048 3159 «0
1061 3101 1186 3160 altitudo
1201 3100 1370 3160 divitiarum
1384 3097 1534 3172 sapientia
1544 3101 1572 3154 et
1585 3095 1711 3154 scientiae
1724 3095 1789 3168 Dei,
1802 3067 1904 3114 smum·

164 3178 284 3250 miuus,
310 3184 377 3250 uiuo
400 3179 540 3235 luuduiuu
567 3179 652 3234 ⁰0⁰8·
675 3177 703 3234 S·
726 3176 905 3247 Augustinus
924 3177 956 3234 iu
998 3201 1090 3257 quam
1098 3181 1407 3257 incomprehensibilia
1415 3184 1484 3238 sunt
1490 3179 1602 3251 judicia
1611 3177 1790 3250 eiusiuTer·
1802 3200 1883 3247 'saara

163 3265 371 3333 Ps.xxxrr,28:
386 3265 550 3333 «suggero,
559 3261 610 3331 ait,
620 3251 796 3330 remedium,
806 3260 956 3318 undetota
998 3273 1054 3335 tia,
1072 3267 1226 3325 altitudine
1239 3264 1404 3339 potestatis,
1421 3261 1491 3336 quia
1505 3262 1625 3333 omnia,
1639 3277 1790 3335 quaecum·

163 3345 211 3402 die
226 3345 329 3402 laudes
352 3347 443 3402 naum
464 3345 489 3401 ar
507 3344 562 3402 via.
583 3343 734 3416 Quidquid
757 3343 864 3416 egeris,
878 3340 955 3401 bene
997 3367 1057 3425 qus
1069 3351 1180 3421 soluit,
1193 3350 1262 3408 feeit
1274 3349 1306 3406 ir
1318 3348 1393 3406 aulo
1407 3347 1477 3406 stin
1491 3351 1577 3404 terra.
1594 3347 1711 3414 aureo,
1726 3345 1790 3404 alti-
1802 3369 1888 3421 uasa

163 3443 232 3499 ¹¹8⁰,
246 3432 274 3485 ui
286 3429 412 3486 luuduuu
427 3430 528 3485 Duum·
540 3447 556 3480 ¹
571 3429 637 3484 ΗΒΘ
649 3442 721 3496 ⁰¹80
739 3429 783 3482 uui
794 3425 912 3496 luuuu,
927 3429 955 3484 0¹
996 3435 1099 3492 tudine
1116 3432 1274 3504 majestatis
1290 3435 1319 3490 et
1332 3430 1559 3502 dominationis,
1574 3446 1607 3488 ec
1629 3429 1712 3504 quod
1726 3446 1789 3488 cm·

161 3509 300 3584 perfectio
320 3511 493 3582 Christiani,
516 3513 547 3566 ill
568 3509 708 3568 omnibus
731 3513 790 3566 iam
812 3511 955 3581 adversius,
997 3518 1048 3576 nia
1064 3518 1126 3589 eJ'us
1145 3516 1272 3588 imperio
1289 3515 1348 3572 sint
1360 3513 1493 3585 subdita,
1509 3512 1667 3586 ipsumque
1686 3529 1790 3572 amnas

163 3610 255 3668 quum
270 3595 419 3669 prosperis
438 3595 560 3652 laudare
581 3596 690 3664 Deum,
708 3593 837 3666 quisuis
854 3597 956 3653 omnic
997 3601 1123 3658 adorare
1134 3603 1162 3658 et
1174 3597 1307 3656 reuereri
1321 3597 1469 3655 debeant:
1487 3595 1588 3666 ullibi,
1602 3593 1709 3670 inquit,
1724 3613 1790 3654 cur-

163 3683 303 3750 operatur
317 3678 349 3736 iu
361 3678 487 3736 bonum.
996 3682 1115 3741 rabitur
1134 3697 1223 3739 omne
1241 3697 1366 3752 genu,n
1381 3682 1462 3736 lenia
1478 3693 1542 3736 xlv.
1559 3679 1677 3746 Quinto,
1693 3679 1790 3740 altitu·
1803 3700 1887 3754 patra.

199 3764 237 3818 ΕΤ
249 3777 352 3821 Fuuuuu
364 3777 413 3820 ¹¹⁵¹
426 3778 489 3820 ¹¹¹¹¹¹
505 3760 954 3833 1¹⁵¹¹u¹¹¹¹‚-q.d.laudaho
998 3767 1067 3824 dine
1080 3764 1279 3836 habitationis,
1293 3763 1366 3838 quia
1377 3762 1491 3820 habitat
1505 3763 1536 3820 in
1550 3761 1622 3820 coelc
1637 3779 1790 3838 empyreo,

165 3849 269 3916 Deum,
281 3845 353 3919 quia
365 3845 460 3902 iactus
479 3851 522 3902 est
536 3845 609 3902 mibi
622 3846 761 3916 salvator,
776 3845 847 3919 quia
861 3846 956 3904 salva·
997 3849 1084 3923 quasi
1094 3851 1202 3908 throno
1216 3847 1319 3920 gloriae
1332 3861 1404 3916 suae,
1416 3844 1470 3903 ubi
1482 3861 1551 3902 eum
1566 3843 1714 3903 celebrant
1728 3862 1793 3904 om·

165 3927 206 3982 vit
218 3943 265 3982 me
275 3927 306 3984 in
318 3929 395 3986 mari
407 3929 518 3985 Rubro.
531 3931 617 3985 Nota:
632 3932 659 3982 τὸ
672 3935 698 3984 et
710 3934 754 3986 est
766 3929 883 3986 causale
898 3931 955 4000 sig·
997 3947 1050 3989 nes
1069 3930 1172 4002 angeli
1191 3935 1220 3986 et
1239 3929 1326 3986 Beati.
1347 3929 1419 3984 ilinc
1439 3931 1540 3984 monet
1561 3927 1791 4002 Ecclesiasticus,

166 4009 289 4064 nidrens
301 4025 375 4075 acm,
390 4015 466 4080 quie.
478 4009 545 4066 Tale
559 4014 602 4066 est
611 4015 639 4066 et
650 4011 716 4066 (ica.
730 4014 845 4080 xis,19,
858 4011 889 4066 in
904 4013 955 4068 lle·
997 4031 1063 4088 cap.
1076 4029 1155 4084 xirrr,
1165 4029 1241 4070 vers.
1253 4014 1288 4068 32
1300 4029 1307 4068 ι
1320 4007 1505 4067 «Glorificate
1517 4010 1685 4084 Dominum,
1697 4028 1792 4086 quan·

167 4093 246 4148 braeo
261 4109 269 4150 :
288 4095 343 4150 aEt
355 4093 419 4166 ipse
431 4091 569 4150 sacerdos
583 4091 632 4146 Dei
652 4091 803 4162 altissimi,
818 4112 832 4146 a
849 4092 881 4149 id
894 4098 955 4163 est,
998 4100 1190 4169 tumoumque
1200 4093 1353 4167 potueritis
1358 4110 1368 4165 ς
1379 4091 1579 4165 supervalebit
1588 4093 1666 4150 enim
1681 4095 1791 4168 adbuc,

130 4213 152 4242 ..ι
166 4194 236 4234 nam
250 4176 312 4249 ipse
325 4179 387 4234 eret
399 4175 547 4232 sacerdos.
563 4176 645 4230 isaie
663 4189 739 4244 llis,
754 4177 772 4232 5
788 4192 795 4231 ε
815 4177 908 4233 «Ecce
923 4181 955 4234 tu
997 4181 1026 4234 et
1047 4177 1231 4235 admirabilis
1251 4173 1470 4250 magnificentia
1492 4175 1565 4247 ejus.
1587 4176 1791 4235 benedicentes

51 4259 84 4303 ν’
101 4288 108 4303 ·
146 4335 149 4339 ¹
168 4261 258 4316 iratus
270 4275 316 4328 es,
331 4262 360 4316 et
373 4257 474 4331 (idest
492 4257 569 4330 quic)
580 4255 803 4330 peccavimus.»
819 4257 863 4316 Sic
877 4275 955 4334 stupe
998 4260 1157 4320 Dominum
1171 4259 1294 4317 exaltate
1308 4257 1404 4330 illum,
1419 4265 1562 4334 quantum
1575 4259 1717 4333 potestis:
1730 4277 1792 4317 ma·

151 4341 193 4400 'et
203 4342 275 4400 alibi
286 4343 411 4400 sumitur
422 4342 529 4401 vocula
543 4349 635 4416 cipro
649 4345 724 4413 qudo.
994 4343 1043 4416 jor
1057 4343 1138 4401 enim
1155 4348 1198 4402 est
1217 4341 1299 4400 omni
1318 4341 1407 4400 laude
1414 4359 1425 4414 3
1440 4341 1599 4400 exaltantes
1614 4357 1683 4399 eum
1697 4345 1793 4417 reple·

199 4428 260 4484 lsrs
274 4428 348 4482 Dans
365 4441 446 4482 usus.
461 4455 497 4468 ·-
510 4427 675 4482 pronomen
691 4428 760 4492 iste,
777 4425 859 4484 aits.
879 4427 955 4484 Dasi-
997 4426 1072 4482 mini
1092 4425 1214 4498 virtute,
1238 4441 1276 4484 ue
1294 4424 1456 4484 laboretis:
1472 4441 1533 4484 uon
1557 4425 1637 4484 enim
1658 4441 1793 4504 compre-

162 4509 236 4581 lius,
251 4509 432 4566 demonstrat
449 4511 542 4566 Deum
561 4523 681 4579 verum,
696 4525 723 4579 q.
744 4509 773 4566 d.
791 4511 845 4566 lste
863 4513 953 4581 Deus,
997 4509 1167 4566 handuns.»

163 4594 217 4668 qui
229 4609 285 4651 nos
298 4593 422 4652 mlvavit
435 4591 466 4648 in
477 4592 552 4649 mari
565 4590 684 4662 Rubro,
698 4595 743 4649 cst
753 4607 840 4650 verus
854 4594 929 4650 Deus
943 4611 951 4650 ε
1031 4594 1060 4650 3.
1076 4593 1202 4650 Deuruus
1219 4605 1301 4660 aursi
1315 4605 1362 4650 lis
1375 4605 1537 4663 russanen,
1553 4607 1727 4653 cuurrorrus
1742 4611 1792 4653 uo·
1805 4619 1865 4664 vm,
1873 4621 1895 4664 a,

162 4678 248 4736 illum
268 4693 338 4748 ergo
354 4692 449 4733 unum
466 4673 716 4746 glorificabimus,
730 4675 801 4732 huic
820 4675 876 4732 soli
894 4691 953 4733 scr·
996 4691 1055 4734 nau
1071 4691 1146 4735 usus.
1161 4705 1196 4720 -
1209 4676 1364 4734 Chaldaeus
1382 4676 1484 4746 vertit,
1503 4679 1633 4734 Dominus
1649 4683 1687 4734 esi
1704 4680 1791 4736 victor

161 4761 291 4832 vicanus,
303 4776 365 4818 non
379 4759 448 4833 rlpi,
463 4773 525 4814 non
541 4757 629 4814 idolis
641 4757 783 4832 falsisque
797 4759 864 4830 diis,
877 4775 954 4833 quos
996 4759 1140 4826 bellorum,
1155 4759 1266 4816 Adonai
1280 4764 1319 4816 est
1338 4775 1433 4816 mutere
1445 4759 1511 4831 ejus.
1529 4759 1666 4818 Hebraico
1680 4766 1723 4818 est
1737 4777 1791 4819 no·
1803 4784 1860 4828 naar
1874 4789 1908 4828 aa

161 4851 247 4904 anim
268 4845 415 4902 coluimus
431 4844 463 4900 in
485 4846 621 4914 AEgypio.
643 4843 763 4900 Addunt
781 4841 909 4915 llebroei,
929 4847 954 4898 τὸ
996 4859 1065 4900 men
1080 4845 1356 4914 tetragrammaton,
1368 4843 1484 4910 Jebooc,
1498 4841 1545 4900 vel
1562 4845 1661 4918 potius
1674 4845 1788 4914 lebera,
1804 4845 1903 4918 leuem,

161 4934 212 4986 iste
232 4928 386 5000 designare
402 4924 549 4982 visibilem
569 4923 697 4982 formam
711 4929 739 4982 et
758 4926 885 4998 speciem
899 4927 955 4983 mi·
996 4929 1040 4984 uir
1064 4927 1127 4984 belli
1148 4925 1292 4996 (maxime
1310 4923 1470 4984 bellicosus
1489 4925 1562 5000 est),
1584 4927 1676 4984 laeua
1696 4945 1790 4986 nomeu
1805 4906 1910 5013 mm*

160 5013 219 5070 litis
233 5016 261 5068 et
274 5009 439 5079 bellatoris,
452 5009 483 5064 in
498 5024 558 5081 qua
576 5011 651 5064 Deus
668 5012 739 5065 tunc
752 5007 889 5081 apparuit
902 5013 954 5068 lle-
996 5011 1063 5082 ejus.
1087 5009 1198 5066 alludit
1217 5009 1388 5074 hicleieuo,
1404 5007 1444 5066 ad
1457 5009 1590 5068 radicem
1610 5019 1684 5076 min
1705 5013 1789 5082 ioue,
1808 5031 1900 5076 liano

160 5095 248 5152 brais
264 5095 296 5152 in
309 5093 385 5150 mari
398 5091 516 5162 Rubro,
528 5091 568 5148 ita
582 5095 614 5146 ut
628 5090 685 5162 ipsi
700 5090 829 5150 universi
843 5091 953 5164 periec-
996 5112 1063 5168 qum
1087 5092 1292 5151 contritionem
1316 5097 1346 5149 'et
1367 5089 1595 5152 contractionem
1620 5096 1789 5170 significat:
1835 5092 1877 5136 ¹¹¹⁸

161 5179 219 5235 tius
236 5182 306 5234 tunc
324 5177 452 5233 viderint
472 5177 580 5244 Deum,
594 5189 686 5245 quam
699 5178 803 5247 postea
815 5175 953 5233 viderunt
995 5177 1075 5234 unde
1094 5177 1282 5250 Septuaginta
1303 5181 1437 5251 vertunt,
1455 5179 1527 5236 Dect
1547 5184 1683 5240 meterem
1705 5184 1790 5252 bello,

161 5277 230 5318 cum
243 5260 406 5334 Prophetae,
421 5259 557 5330 adeoque
571 5257 663 5328 digito
678 5273 748 5314 eum
761 5258 952 5331 ostenderint,
996 5277 1024 5336 q.
1038 5259 1067 5317 d.
1083 5263 1154 5318 uere
1171 5261 1248 5319 Deus
1261 5261 1305 5318 est
1316 5261 1429 5330 lebeus,
1442 5261 1475 5322 id
1489 5267 1550 5338 est,
1561 5263 1704 5322 contritot
1716 5265 1789 5322 Pha-

162 5345 308 5405 dicentes:
326 5345 403 5401 olste
413 5350 456 5400 est
471 5343 545 5400 Deus
558 5357 679 5402 meus.»
994 5343 1664 5421 raonisetagypuorum.a11uditrursumad
1678 5348 1790 5410 dietum
