4236 6040
259 229 313 286 ΙΙ

293 336 370 394 Deus
390 333 489 393 noster
502 335 561 404 est,
575 331 630 408 qut
647 331 752 392 emittit
769 331 888 404 tumen,
898 333 928 391 et
944 325 1026 392 vadit
1042 350 1050 390 r
1130 319 1247 390 blluvio
1263 319 1420 406 perdidisti
1433 325 1605 406 peccatores
1619 342 1629 386 r
1645 327 1708 388 itoe
1721 327 1820 400 iustus
1836 340 1892 402 per
1925 394 1930 406 .
1947 333 2018 380 nta-

258 417 485 488 etvocatillud,
498 419 527 476 et
539 415 659 476 obediet
672 415 699 474 el
712 414 895 476 intremore.
1095 433 1196 477 arcam
1218 417 1363 488 enotavit,
1386 417 1416 474 et
1436 413 1533 474 iaetus
1555 417 1600 473 eet
1620 412 1693 472 novi
1713 411 1820 472 mundi
1839 427 1892 487 pa·
1906 407 1974 439 svm

222 539 227 552 .
292 501 387 561 stelle
399 499 545 560 dederunt
557 499 659 558 lumen
671 499 704 558 ln
716 501 858 560 custodiis
870 499 944 572 suis,
957 502 987 559 et
999 499 1052 558 la-
1095 517 1177 561 rens.

257 587 325 644 ute
337 587 422 656 sunt,
433 587 462 641 et
476 586 589 642 vocatu
604 583 744 644 dixerunt
759 601 767 642 ι
782 586 949 657 Adsumua3
962 587 991 642 et
1003 583 1051 643 lu·
1130 588 1313 644 Testamenta
1328 585 1429 645 saeculi
1439 585 1538 662 posita
1551 588 1622 645 sunt
1638 583 1721 660 apud
1734 581 1820 642 illum
1833 598 1841 639 ι
1855 595 1893 638 ne

257 667 400 728 xeruntei
413 681 483 726 eum
492 667 693 740 jucunditate,
708 668 760 744 qui
774 668 842 728 lecit
854 669 933 727 illas.
1096 668 1188 728 deleri
1200 669 1296 744 possit
1308 669 1421 729 diluvio
1434 669 1533 728 omnis
1546 685 1627 729 cero.
1676 705 1686 723 .

291 754 401 812 Decora
414 751 502 811 valde
522 753 554 811 in
568 752 647 824 noio,
661 758 690 813 et
705 752 822 826 fulgore
840 770 896 814 suo
909 754 1052 812 incedunt
1131 753 1202 811 Vide
1223 753 1346 825 iridem,
1361 757 1390 812 et
1401 753 1528 812 benedic
1543 767 1615 811 eum
1631 752 1685 827 qui
1701 751 1770 811 lecit
1785 749 1869 810 illam
1884 766 1892 806 ι
1907 751 1963 798 no.

256 837 335 896 aetra
345 854 354 894 ι
365 851 459 912 wem
472 835 598 911 pulcher
611 850 683 910 ergo
696 839 725 896 et
738 837 864 898 decorus
877 841 921 895 est
934 839 1052 896 creatm
1096 835 1183 894 valde
1197 837 1277 894 enim
1290 837 1425 910 speciosa
1437 838 1482 896 est
1493 835 1526 894 in
1539 837 1699 921 splendore
1712 849 1779 894 suo.

257 935 362 981 eorum
367 939 377 992 3
392 934 485 996 quum
499 917 651 993 speciosus
667 922 712 978 est
723 935 786 993 pre
799 919 868 978 filiis
886 925 915 978 et
932 917 1052 979 filiabus
1131 918 1435 994 Nemrcdetlleropes
1445 918 1535 979 liobel
1544 919 1706 995 superbam
1715 916 1820 978 turrim
1829 931 1896 977 mo·
1907 917 1987 968 eeu

256 1001 428 1064 bominumt
1095 1001 1241 1060 litisunt:
1256 1003 1804 1064 incoelumvolueruntconscendere.

291 1085 454 1147 lnvisibilia
464 1091 528 1159 tna,
541 1086 676 1158 bomine,
690 1103 744 1161 per
757 1086 886 1148 visibilia
899 1091 950 1146 tue
960 1101 1052 1162 opera
1131 1085 1221 1146 lrrisit
1238 1101 1290 1145 eos
1305 1089 1398 1158 Deus,
1413 1091 1442 1145 et
1461 1087 1560 1146 divisit
1579 1087 1697 1161 linguas
1717 1100 1824 1147 corum
1838 1103 1846 1144 ι
1861 1090 1895 1144 ιιι

256 1171 335 1231 clare
348 1169 589 1244 conspiciuntur:
603 1169 782 1244 sempiterna
794 1185 916 1246 quoquo
930 1174 982 1229 tue
994 1169 1053 1228 vir-
1096 1169 1313 1230 subsannantes
1332 1171 1473 1242 invicem,
1493 1171 1731 1247 dispergerentur
1743 1172 1776 1231 in
1789 1185 1894 1230 omnes

257 1259 323 1327 tus,
336 1259 366 1313 et
378 1253 530 1325 divinites3
546 1254 580 1312 ut
595 1253 649 1328 qui
667 1268 703 1312 aa
719 1268 782 1312 non
802 1254 922 1326 vident,
935 1254 994 1312 sint
1008 1254 1053 1312 tu·
1095 1254 1232 1327 regiones
1244 1257 1339 1312 terrra

257 1339 451 1400 excusabiles.
1130 1336 1280 1396 Abrabam
1293 1339 1512 1396 eervocetue
1525 1353 1544 1397 a
1557 1340 1618 1399 lieo
1631 1338 1778 1410 obedivit,
1791 1337 1893 1398 exiens
1944 1341 2019 1388 Δικ-

293 1427 369 1483 neus
386 1425 484 1482 noster
500 1425 561 1494 eet,
575 1423 630 1498 qui
642 1421 893 1482 flrmhvitoeihera
908 1438 1049 1480 sursum:
1095 1421 1127 1478 in
1153 1419 1256 1480 locum
1276 1436 1368 1495 quem
1390 1425 1565 1497 accepturus
1589 1423 1670 1495 mat,
1693 1425 1723 1480 et
1744 1419 1894 1482 nesciebat
1907 1401 1967 1446 ’Μ’

259 1511 288 1568 et
298 1507 411 1566 interne
421 1503 541 1566 libravit
553 1505 651 1565 tonus
664 1521 822 1581 equarum.
1096 1504 1234 1580 quoiret.

167 1601 202 1670 ιι,
223 1617 245 1644 ¹)-
294 1590 414 1666 Aperuit
426 1590 579 1649 thesauros
591 1603 662 1648 suos
670 1593 851 1648 sursumret
860 1589 1052 1648 evolaverunt
1131 1590 1164 1646 ln
1185 1592 1264 1648 terra
1287 1589 1427 1648 Chanean
1451 1593 1585 1650 moruus
1611 1594 1671 1662 est,
1692 1595 1838 1664 tanquam
1860 1590 1893 1650 in

157 1675 239 1766 2252·
258 1671 390 1745 nebulae,
403 1672 543 1743 etnivee,
557 1672 634 1731 siout
646 1687 727 1731 aves.
1096 1673 1192 1732 aliene
1212 1691 1220 1730 ι
1241 1674 1273 1732 ιιι
1293 1674 1402 1734 casulis
1421 1673 1587 1734 habitando
1607 1689 1677 1733 oum
1695 1676 1777 1732 lsaae
1795 1676 1824 1731 et
1847 1675 1894 1732 ta-

293 1761 356 1819 vox
368 1755 490 1817 tonitmi
503 1757 566 1829 ejus
579 1755 747 1816 verberabit
760 1760 867 1816 terram
878 1775 886 1814 ι
898 1759 932 1815 ιιι
944 1772 1053 1818 conou-
1095 1755 1164 1816 oob.

259 1843 368 1902 tiontur
380 1841 514 1900 cardines
528 1838 620 1900 orbis.
1131 1839 1324 1916 Exspectabet
1343 1843 1424 1900 enim
1439 1841 1635 1902 fundamenta
1648 1838 1809 1902 habentem
1822 1839 1893 1898 eivi-

292 1927 364 1986 Gclu
381 1926 457 1984 siout
473 1923 566 1983 selem
582 1923 709 1983 effundit
722 1943 731 1982 ι
748 1923 909 1984 enubibus
923 1924 1052 1984 oonlrin·
1095 1927 1185 1984 tatem
1201 1943 1209 1982 r
1223 1925 1308 1996 cujus
1319 1923 1424 1983 artilex
1436 1927 1466 1984 et
1477 1923 1616 1985 conditor
1628 1928 1673 1984 est
1685 1926 1772 1982 bens.

258 2009 300 2084 git
310 2008 424 2083 lapides
436 2007 600 2080 grandinis.
1130 2008 1202 2066 ilino
1222 2005 1317 2066 iaetus
1338 2010 1383 2068 est
1403 2010 1488 2082 peter
1506 2007 1669 2068 multarum
1693 2004 1841 2080 gentium
1863 2010 1893 2066 et

163 2113 243 2170 arur.
292 2093 379 2152 llittet
400 2091 535 2164 tulgura,
562 2096 591 2150 st
616 2091 715 2152 subito
740 2091 828 2150 ibunt
852 2092 892 2150 ad
921 2096 1051 2151 extrema
1095 2106 1157 2150 non
1170 2095 1214 2150 est
1227 2091 1481 2151 inventussimilis
1496 2090 1539 2150 illi
1552 2091 1584 2150 in
1598 2090 1706 2165 gloria.

144 2175 233 2264 wss‘j'm·
256 2181 339 2236 terre
354 2195 362 2234 ι
379 2179 407 2234 et
418 2174 592 2234 revertentia
607 2176 705 2235 dicent
718 2176 746 2235 oi
761 2193 769 2234 r
784 2176 943 2234 amumus.
1131 2175 1187 2245 Qui
1199 2175 1385 2234 conservavit
1395 2175 1492 2249 legem
1504 2173 1616 2234 Excolat
1631 2192 1641 2232 r
1654 2178 1685 2233 et
1695 2175 1794 2234 tuitio
1804 2179 1893 2235 testa·

291 2263 356 2337 lpse
373 2265 417 2321 est
432 2259 543 2337 pluvio
559 2263 663 2335 pater:
680 2259 744 2336 lpse
758 2263 879 2333 generat
897 2259 990 2318 stilles
1002 2275 1051 2320 ro-
1094 2262 1197 2318 mento
1209 2273 1279 2318 eum
1292 2257 1358 2318 illo.

256 2345 308 2404 rin.
1129 2341 1274 2401 Percussit
1293 2346 1424 2417 quatuor
1441 2357 1525 2416 reges
1545 2341 1699 2402 :dodorus
1722 2341 1805 2402 dedit
1824 2344 1892 2404 llei-

291 2430 381 2488 llulte
394 2425 1050 2500 absconditesuntmajorablsrpeuoaenim
1094 2425 1263 2486 chisedech.

255 2511 386 2571 vidimus
399 2525 525 2585 operum
538 2509 613 2582 eius.
1128 2509 1179 2568 llio
1192 2508 1301 2568 obtulit
1313 2523 1424 2585 panem
1437 2512 1465 2568 et
1475 2508 1889 2585 vinumintypumdbristi:

290 2593 463 2665 benedicite,
476 2592 576 2652 omniu
585 2607 677 2667 opere
688 2592 816 2664 bomini,
828 2592 955 2652 Domino
966 2612 973 2652 r
986 2593 1051 2654 lau·
1093 2593 1146 2669 qui
1156 2594 1200 2652 est
1212 2593 1350 2654 sacerdos
1363 2593 1396 2651 in
1406 2597 1561 2666 aeternum,
1573 2593 1741 2654 amandum
1753 2592 1890 2654 ordinem

255 2675 844 2752 dauersuperexaltotssuminseoma.
1027 2709 1030 2716 ·
1093 2677 1313 2738 ltelohisedech.

290 2762 346 2832 Qui
358 2761 440 2821 sedet
448 2760 480 2818 in
489 2758 599 2820 throno
612 2759 696 2832 regnt
705 2760 751 2818 sul
764 2775 856 2836 snper
866 2761 1046 2821 Cherubim:
1127 2765 1160 2821 ln
1180 2775 1267 2821 carne
1284 2759 1411 2823 lbraboe
1426 2765 1504 2822 stare
1521 2761 1590 2822 tecit
1606 2764 1683 2822 neus
1699 2765 1822 2838 paetum
1833 2762 1889 2824 cir·
1905 2773 2012 2822 otm-

164 2891 175 2912 .
254 2846 308 2922 qui
320 2844 455 2906 ambulat
467 2857 558 2919 super
569 2857 683 2918 pennas
695 2847 863 2904 ventorum.
1092 2844 1301 2904 concisionis:
1315 2847 1345 2906 et
1355 2845 1388 2905 in
1401 2845 1562 2907 ιιιιιιιιιοιιο
1573 2845 1711 2908 inventus
1725 2850 1768 2906 est
1781 2845 1887 2907 tidelia
1903 2835 1969 2881 ‘¹⁸³⁰-

149 3097 235 3154 Pteme,

158 3171 220 3213 Μ·

141 3233 236 3332 w

126 4783 226 4834 amn

125 4943 185 4994 Noe.

289 2926 568 3002 maenomengell
574 2926 700 3000 liomlni,
712 2927 856 2988 Domino:
870 2926 1047 3003 benedicite,
1128 2928 1241 2988 Obtulit
1251 2931 1332 2990 lsaao
1342 2929 1530 3005 unigenitum
1541 2943 1631 2990 suum
1641 2948 1650 2990 s
1660 2930 1808 2992 arbitrans
1816 2931 1889 3005 qiua

254 3025 646 3090 aqueomnes,quesuper
656 3012 984 3085 ooelossunt,liomino.
1091 3011 1289 3074 etamortuis
1302 3013 1442 3076 mantare
1454 3017 1617 3090 potensest
1631 3015 1717 3074 neus.

288 3097 466 3168 Βιιιοιιίοἰιο,
480 3094 577 3154 imber
590 3097 619 3152 et
631 3108 694 3168 roe,
708 3095 835 3155 homino
850 3111 859 3155 r
871 3095 1046 3171 benedicite,
1126 3097 1247 3170 iudica,
1266 3098 1404 3173 bomine,
1422 3101 1562 3160 nocentes
1577 3103 1606 3158 et
1619 3097 1757 3158 eoelestos
1773 3115 1781 3156 r
1795 3099 1888 3174 perdo
1906 3109 2012 3159 sum

253 3177 414 3254 tulguraet
427 3177 532 3248 nubes,
548 3177 685 3238 liomtno.
1091 3180 1271 3243 execrabiles
1284 3181 1461 3246 sodomitas.
1913 3175 2001 3246 ΜΨ·

288 3263 465 3335 benedicite,
481 3263 575 3323 merla
587 3266 617 3321 et
633 3261 773 3336 flumina,
792 3263 920 3324 homino
935 3281 943 3323 ι
957 3265 1048 3326 beno·
1126 3267 1202 3328 Plult
1214 3269 1290 3327 licus
1311 3267 1412 3342 ignem
1430 3270 1461 3328 et
1481 3268 1608 3345 sulphur
1625 3269 1659 3328 in
1677 3269 1885 3345 Pentapolim:
1910 3242 1996 3290 mua

253 3347 352 3420 dicite,
364 3349 463 3407 oeteet
475 3344 656 3422 omniaque
669 3351 826 3407 moventur
838 3347 871 3408 tn
883 3347 1046 3424 aquiabo·
1090 3352 1276 3427 consumpsit
1297 3351 1407 3428 impios
1425 3367 1521 3429 usque
1542 3352 1584 3413 ad
1604 3367 1711 3430 pecue3
1729 3353 1812 3415 solue
1833 3355 1888 3416 bot

252 3430 350 3491 mino.
1087 3435 1185 3510 justus
1198 3435 1315 3508 lugiens
1329 3439 1462 3496 servatus
1474 3439 1528 3496 est.

285 3512 460 3584 Βοηιᾶιοιιι,
474 3527 579 3570 omues
590 3511 727 3572 volucres
742 3513 820 3587 omli,
830 3515 957 3574 Domino
972 3532 980 3573 ι
995 3514 1047 3576 be-
1125 3517 1251 3578 [tilectus
1270 3521 1329 3580 beo
1349 3523 1379 3580 et
1396 3519 1569 3580 bominibus
1586 3523 1667 3582 leam
1681 3540 1689 3580 ι
1703 3521 1798 3584 tactus
1815 3521 1886 3582 obe·
1901 3531 1975 3578 luae.

251 3593 804 3670 nedlrite,omnesbestloeotpeoora,
820 3597 956 3657 nomino.
1091 3602 1176 3662 diens
1189 3620 1285 3680 usque
1298 3605 1339 3664 ad
1352 3611 1489 3667 mortem.

284 3677 319 3734 lit
335 3691 407 3750 vos,
423 3691 442 3736 o
456 3676 511 3736 tilii
522 3675 695 3748 bominum,
709 3676 874 3738 benedicite
892 3680 1019 3741 homino
1036 3701 1043 3740 ι
1125 3689 1200 3747 Patri
1210 3689 1351 3762 jugulum
1361 3690 1474 3751 sortitor
1484 3691 1593 3751 obtulit
1605 3709 1613 3751 ε
1624 3691 1695 3752 hino
1705 3692 1886 3754 benedictio-

249 3773 305 3822 voe
321 3759 402 3820 enim
416 3759 526 3820 creavi
544 3760 585 3820 ad
602 3759 764 3834 imaginem
776 3764 807 3821 et
820 3761 1044 3824 similitudinem
1089 3783 1158 3830 nem
1170 3773 1306 3831 omnium
1317 3775 1451 3847 gentium
1465 3775 1548 3836 dedit
1559 3774 1604 3834 illi
1614 3776 1768 3837 Dominus.

250 3859 347 3904 auam.
1123 3855 1215 3915 Jacob
1226 3857 1323 3930 iustus
1333 3856 1478 3932 tugitiras
1488 3860 1721 3921 liseurdeduxit
1735 3860 1886 3923 iltumlio·
1899 3869 1975 3914 rme

284 3927 363 3999 Quid
372 3929 536 4003 esthomo;
546 3929 632 4007 quod
640 3943 757 3989 memor
768 3945 800 3988 es
812 3929 894 4003 eius,
903 3929 1045 3990 bominet
1088 3939 1188 3999 minus
1200 3955 1255 4014 pm·
1264 3941 1329 4000 vias
1343 3945 1450 4002 mom,

248 4010 392 4074 aethlius
403 4011 554 4089 hominu,
567 4013 713 4090 quoniam
725 4013 928 4074 visitasoumr
1123 4024 1256 4084 osunen
1271 4025 1316 4084 illi
1332 4041 1459 4101 regnum
1477 4027 1528 4086 θοι
1547 4027 1580 4087 m
1600 4029 1722 4089 pomp:
1740 4029 1823 4090 dm
1840 4029 1885 4090 mi

282 4093 410 4156 Minuisti
426 4111 497 4158 otim
514 4098 607 4173 paulo
624 4095 723 4158 miltun
740 4097 779 4157 ab
799 4097 935 4172 angelis:
949 4099 1044 4172 glutiti
1087 4109 1241 4169 selemiam
1253 4115 1436 4172 motorum.

245 4179 707 4254 enmncmmusm,0t
720 4180 981 4242 maurocenum
994 4197 1044 4242 su·
1122 4195 1155 4252 ιιι
1169 4193 1274 4254 saure
1287 4195 1388 4256 noan
1401 4197 1657 4259 oecumenicum
1673 4197 1818 4260 mutue
1831 4204 1885 4262 ser

246 4277 403 4340 peropera
415 4277 562 4324 manuum
574 4266 707 4323 warum·
1085 4278 1245 4338 honestum
1260 4277 1442 4355 divitemque
1454 4280 1524 4340 tecit
1536 4297 1617 4344 eum.

282 4349 389 4409 Omnia
401 4345 551 4421 subiecisti
564 4345 760 4422 subpedibue
772 4349 837 4420 eius
849 4365 858 4407 r
870 4349 1044 4411 oveeetbo·
1120 4363 1216 4431 Quem
1235 4359 1335 4420 bonus
1353 4362 1441 4422 lsrael
1461 4366 1538 4422 lions
1553 4382 1561 4422 ε
1575 4365 1623 4424 bis
1640 4365 1693 4442 qui
1711 4369 1792 4427 recto
1813 4373 1884 4430 sunt

245 4429 657 4505 veermlvereas,lnsuperet
673 4445 783 4506 peoora
795 4432 905 4508 oampt.
1086 4447 1194 4504 eorde!

280 4515 460 4589 benedicite,
476 4514 590 4587 Adam,
609 4515 686 4588 lios,
705 4513 872 4590 Abrabam,
887 4517 1015 4578 liomino
1031 4535 1040 4579 ι
1119 4531 1273 4588 conamen
1286 4528 1361 4588 torte
1374 4529 1530 4604 dedititii,
1544 4532 1884 4598 utvinoeretridoode·

245 4615 350 4747 ffies
362 4598 546 4673 namucno,
556 4612 661 4658 omnes
674 4599 785 4672 much,
802 4599 968 4661 benedicite
981 4605 1040 4662 ⁰0·
1084 4613 1129 4756 git
1144 4618 1177 4712 et
1196 4614 1296 4674 divisit
1315 4615 1360 4674 illi
1379 4615 1580 4678 hereditatem
1593 4618 1631 4676 in
1647 4618 1788 4680 tribubus
1805 4621 1884 4683 duo-

278 4727 398 4832 tionem
408 4767 600 4846 prumiense,
607 4771 638 4829 et
649 4768 809 4828 hunslatus
819 4772 864 4829 est
876 4769 909 4829 in
923 4771 1041 4831 Paradi·
1107 4712 1236 4856 Θιῗιῗιιιιι
1247 4782 1305 4841 viri
1318 4783 1528 4844 misericordiae
1540 4801 1673 4862 quorum
1684 4786 1808 4862 pietates
1819 4803 1882 4849 non

243 4869 312 4916 snm
325 4871 334 4914 ι
347 4858 383 4914 ut
393 4853 444 4914 det
455 4851 593 4928 ςιιιιιιιιιι
606 4853 818 4928 paenitentiam·
1084 4863 1242 4924 doluerunt
1258 4865 1349 4926 eiecti
1367 4871 1437 4928 aunt
1454 4871 1593 4946 exempla
1615 4872 1795 4934 mentorum
1817 4891 1883 4935 onr-

277 4941 338 5002 ltoe
355 4939 493 5001 inventus
511 4942 556 5000 eet
568 4939 667 5014 justus
686 4940 717 4998 et
732 4935 879 5014 perlectus
895 4955 904 4997 ι
919 4939 990 5000 hino
1008 4940 1041 5000 in
1084 4947 1181 5006 nium.

242 5029 376 5102 temporo
387 5020 954 5098 hunnilmlsuussereooncilauo.
1118 5033 1193 5090 cnm
1210 5033 1324 5093 semim
1341 5050 1447 5095 eorum
1464 5042 1640 5112 manent
1658 5038 1882 5103 benereemen

274 5111 503 5174 llismtoordiam
521 5113 551 5172 et
567 5109 715 5186 iudicium
734 5107 864 5172 «nubo
884 5107 960 5185 tibi,
982 5111 1040 5170 llo·
1082 5129 1188 5176 eorum
1202 5119 1231 5176 ot
1242 5116 1340 5191 gloria
1351 5133 1459 5180 eorum
1470 5134 1534 5180 non
1548 5119 1780 5200 dombnqnetur.

241 5197 419 5277 minecqnl
438 5193 579 5262 “millitia
598 5211 632 5256 aa
660 5209 752 5273 sapor
778 5197 935 5272 peccantes
957 5194 1039 5259 elio·
1117 5199 1987 5282 Joembjustusnrrauihusvenuitusestzsoeaesmu

241 5283 323 5347 aaa
1081 5280 1583 5366 tuuneu,ucpecoatoribu
1596 5289 1824 5356 liberariteum.
