4134 6056
267 276 304 332 ea
782 270 1025 334 adunabantur
1043 273 1077 332 tlt
1094 275 1255 344 GENESIM,
1273 287 1337 334 dtr.
1355 271 1389 337 ll.

267 375 527 450 sitcemmendeta,
537 375 763 450 unquamffnultt
769 377 887 452 injuria,
898 381 1058 440 sedemni·
1103 383 1125 438 a
1143 380 1291 439 centrario
1306 378 1390 454 impii
1408 379 1462 453 qui
1484 343 1641 451 indulgent
1657 373 1902 450 oencrapiscaatioe

265 457 324 516 bus
335 459 481 533 prolicua.
496 459 572 520 Audi
581 458 747 532 Virgilium,
760 462 782 518 ll
798 461 911 534 deeras
1103 479 1176 536 suae,
1196 469 1380 537 caperentur
1392 462 1593 537 iniquitatem,
1607 465 1636 520 et
1654 462 1800 522 seminant
1816 461 1903 520 dole·

328 596 347 646 0
359 594 484 648 induratos
497 595 591 646 ninnium
621 607 663 646 sna
677 596 698 646 si
710 596 769 647 bona
784 595 872 660 norint,
1103 561 1161 643 mi'
1172 566 1187 603 '³
1199 550 1263 604 tum
1272 550 1523 645 praesintes’fum
1532 549 1657 604 mem
1666 545 1709 602 uu
1718 544 1841 619 pmchm
1850 560 1902 604 Ψ

328 665 455 728 Agricolas!
469 665 551 730 quibus
564 633 614 730 ipsa
626 667 706 730 procul
719 667 856 717 discordibus
868 667 953 726 armis,
1102 631 1194 705 ΡΜ
1206 636 1306 688 ¹¹⁰⁵t⁰r
1324 631 1433 688 p¹¹¹⁰da
1443 647 1475 686 ²⁷¹
1486 632 1533 686 ⁸¹⁰⁶
1547 645 1613 703 ⁰³1³·
1636 644 1676 698 [γ’
1687 644 1764 724 yffi·
1782 630 1811 698 8’
1824 644 1856 686 Π·
1870 631 1900 688 ⁴·

327 734 411 786 Fmdit
423 737 494 788 hamo
506 735 598 790 facilem
610 737 695 790 uictam
707 737 835 802 justissima
848 737 924 790 tellas.
1140 715 1179 772 ΕΤ
1192 728 1364 772 CUSTODfflssT
1378 728 1474 784 mune
1488 718 1597 770 -tum
1611 712 1721 806 aiens,
1735 728 1804 785 (1⁰³³
1818 715 1901 772 ⁸1¹¹&

1104 798 1278 874 paradisum
1299 801 1399 868 erant,
1419 797 1517 872 inquit
1534 798 1562 854 S.
1584 795 1706 854 Basilius
1720 799 1750 852 et
1766 795 1902 867 Angusti-

266 886 300 944 at
312 901 456 946 rursum
1104 897 1180 954 nus,
1203 885 1268 940 tum
1288 881 1328 940 ab
1345 880 1417 954 ipsis
1430 877 1609 938 animalibus
1621 893 1690 952 quaa
1702 882 1786 938 erant
1802 878 1902 951 inpa-

327 1025 390 1076 ΗΜ
402 1027 456 1078 elim
468 1027 538 1078 naam
551 1030 641 1080 mem
654 1027 744 1080 mlum
758 1024 849 1091 sabini,
877 1053 879 1059 Ι
1103 966 1215 1038 reniso,
1229 980 1267 1024 ne
1281 966 1345 1038 ejus
1359 965 1497 1024 decorem
1511 967 1540 1021 et
1548 962 1748 1022 amoemtatem
1758 960 1901 1022 laederent

327 1095 947 1150 Haacliemusetirater.Sictertisiletrariacrerit:
1104 1048 1369 1194 wizingumarem'
1599 1135 1605 1147 .
1869 1137 1875 1148 ,

326 1166 418 1219 Scilicet
430 1173 454 1220 et
466 1171 524 1220 iacta
538 1174 660 1221 astrorum
675 1169 824 1232 pulcherrirna
838 1167 918 1218 Roma.
1178 1178 1185 1194 ·
1231 1151 1248 1194 Β
1267 1150 1406 1196 cmm·
1419 1163 1456 1178 ““
1468 1137 1676 1209 septuassffltfla
1689 1149 1723 1192 Μ
1741 1134 1898 1202 mmm&
1911 1161 1978 1208 Vera.
1992 1167 2030 1213 lt.

264 1295 268 1306 ¹
329 1239 417 1291 taraus
429 1241 488 1292 bane
500 1239 571 1292 vitam
584 1240 609 1292 ia
622 1240 688 1292 terris
700 1239 813 1292 Saturnus
826 1239 914 1304 agebat.
1103 1217 1214 1278 scilicet
1225 1235 1296 1290 VOS»
1312 1234 1331 1280 0
1344 1220 1439 1278 ddum
1452 1223 1482 1277 θι
1492 1222 1562 1289 Eva,
1577 1233 1671 1292 quam
1682 1217 1842 1276 V0¹i⁵imi10
1855 1222 1900 1278 0⁸²

1103 1306 1171 1361 ante
1184 1304 1242 1362 hoe
1263 1306 1444 1378 preceptum
1464 1317 1526 1360 esse
1549 1302 1718 1373 conditam,
1746 1301 1790 1360 nti
1812 1300 1900 1360 decet

266 1385 342 1446 Audi
355 1389 525 1448 Ciceronem
541 1408 549 1447 a
564 1389 744 1461 «Omnium,
754 1390 806 1460 ait,
819 1405 930 1460 rerum,
943 1405 980 1446 ex
994 1387 1060 1462 qui·
1103 1387 1131 1444 S.
1151 1389 1324 1459 Gregorius,
1343 1387 1432 1444 XXXV
1456 1387 1556 1444 Monet.
1576 1399 1643 1460 cap.
1666 1399 1702 1457 1,
1715 1385 1783 1442 licet
1795 1389 1900 1459 postca
1932 1376 1939 1388 '

265 1469 323 1530 bus
335 1471 450 1548 aliquid
460 1474 643 1549 exquiritur,
657 1473 732 1532 nihil
745 1477 790 1532 est
805 1473 986 1546 agricultura
999 1489 1060 1532 me·
1103 1471 1167 1543 ejus
1187 1471 1319 1532 conditio
1338 1474 1506 1542 enarratum
1529 1475 1592 1530 ιιιιι
1613 1469 1693 1528 enim
1710 1473 1794 1539 Ere,
1805 1485 1900 1542 quam

265 1554 334 1626 lius,
346 1557 421 1614 nibil
434 1557 567 1631 uberius,
580 1557 655 1617 nihil
668 1557 796 1628 dulcius,
811 1556 886 1615 nihil
898 1555 995 1614 iibere
1005 1557 1060 1616 ho·
1103 1556 1173 1614 Ades
1195 1557 1298 1615 datum
1319 1556 1438 1614 esthon
1458 1554 1592 1628 primum
1610 1553 1692 1612 orbis
1704 1556 1897 1627 praeceptum.

266 1639 346 1698 mine
360 1638 516 1713 dignius.»
1104 1641 1284 1699 Praeclarus.
1302 1641 1532 1712 chrysostomus
1547 1637 1610 1712 (vel
1623 1637 1760 1712 quisquis
1774 1641 1818 1696 est
1830 1652 1900 1698 auc·

301 1723 400 1782 Merite
423 1741 494 1798 erge
513 1725 555 1786 ait
574 1727 602 1786 S.
616 1725 797 1797 Augustinus
812 1743 821 1782 ι
842 1723 1060 1797 «Agricultura
1102 1724 1171 1796 tor),
1182 1725 1265 1781 hom.
1280 1726 1319 1780 Da
1332 1723 1528 1780 interdictione
1538 1723 1732 1788 arderiatom.
1742 1723 1771 1778 l:
1786 1723 1899 1795 «Deus,

266 1806 374 1866 artium
388 1809 523 1868 omnium
534 1809 777 1869 innocentissima
783 1827 793 1881 3
807 1807 884 1867 hano
895 1813 995 1866 tamen
1005 1810 1060 1866 im·
1102 1809 1199 1882 inquit
1208 1849 1219 1879 ,
1242 1809 1294 1866 dat
1311 1808 1507 1876 mandatum,
1520 1809 1554 1862 ut
1572 1803 1680 1878 probet
1701 1803 1898 1879 obsequiumg

266 1891 335 1964 pius
349 1891 491 1952 damnare
513 1907 603 1951 ausus
625 1892 682 1949 fuit
699 1895 823 1950 Faustus
839 1892 1057 1963 Manicheum
1102 1893 1229 1967 imponit
1240 1893 1348 1965 legem,
1361 1896 1397 1948 ut
1412 1892 1546 1964 exploret
1559 1889 1689 1949 bominis
1701 1890 1897 1950 voluntatem.

267 1975 351 2047 qued
371 1976 480 2033 dicaret
501 1974 645 2050 agricolas
662 1975 774 2033 violare
788 1980 970 2050 preceptum
984 1975 1059 2033 lieic
1103 1977 1204 2036 Stabat
1222 1991 1294 2048 ergo
1314 1975 1404 2034 arbor
1424 1974 1457 2032 in
1478 1974 1591 2043 medio,
1613 1973 1744 2032 beminis
1760 1973 1897 2034 solunte·

270 2060 356 2116 «Non
369 2059 485 2117 occides
494 2078 526 2131 3a
542 2059 667 2118 eoenim
679 2059 781 2132 vetem,
796 2075 834 2118 ne
848 2061 945 2118 ullum
957 2060 1060 2118 vivens
1102 2064 1164 2120 tem
1184 2060 1356 2134 explorans.
1371 2057 1552 2132 Explorabat
1572 2057 1653 2114 enim
1673 2071 1713 2115 an
1731 2055 1824 2116 home
1836 2062 1899 2118 tarn

266 2141 327 2202 vita
345 2143 520 2218 privamus:
543 2143 689 2216 agricolas
709 2145 809 2202 autem
828 2147 939 2216 segetes
962 2145 1061 2202 deme·
1103 2144 1351 2214 comminantem,
1374 2155 1468 2215 quam
1491 2140 1647 2199 diabolum
1670 2141 1899 2214 persuadentem

266 2225 371 2297 tendo,
385 2227 466 2302 pira,
491 2241 584 2302 poma
604 2226 736 2302 aliasque
754 2227 871 2301 plantas
892 2226 1061 2301 carpendo,
1102 2228 1228 2287 audiret.
1247 2226 1350 2286 Stabat
1370 2231 1400 2284 et
1418 2226 1511 2283 homo
1526 2225 1600 2283 inter
1614 2225 1773 2284 Dominum
1789 2230 1818 2283 et
1831 2227 1900 2284 hes·

267 2327 316 2368 eas
330 2327 385 2369 sua
396 2312 457 2370 vita
470 2313 598 2386 privare.
613 2311 700 2370 Plura
717 2311 754 2370 de
770 2311 950 2384 agricultura
961 2312 1060 2370 dicam
1101 2317 1182 2384 tem,
1200 2311 1381 2372 interritam
1394 2314 1423 2368 et
1436 2313 1583 2380 mortem,
1606 2310 1682 2367 inter
1701 2309 1852 2368 interitum
1870 2314 1900 2370 et

267 2409 333 2468 cap.
348 2411 389 2466 rx,
402 2411 479 2455 vers.
494 2398 541 2456 ιι).
1102 2397 1237 2456 salutem.
1259 2398 1342 2454 Nunc
1354 2396 1430 2452 bens
1443 2393 1640 2453 comminatur
1653 2396 1686 2451 ut
1698 2393 1805 2464 salvet3
1818 2409 1899 2454 nuno

159 2507 246 2554 pona.
302 2481 463 2552 lleralitcr,
478 2480 579 2540 docuit
595 2497 651 2540 nos
664 2481 712 2540 hic
726 2484 802 2540 Deus
812 2479 897 2555 qnod
919 2483 981 2540 tota
993 2481 1061 2540 vitae
1103 2496 1224 2556 serpens
1235 2479 1395 2555 persuadet
1407 2481 1552 2549 utvexet;
1565 2493 1646 2536 nune
1656 2479 1809 2551 peresum
1819 2494 1899 2538 sere-

151 2581 192 2620 ar.
229 2567 256 2614 de
268 2570 376 2624 nostrae
397 2565 472 2626 ratio
490 2567 522 2624 iu
541 2566 720 2639 agricultura
746 2567 879 2640 quadam
896 2566 995 2639 posita
1012 2566 1059 2625 sit.
1102 2567 1173 2625 ritas
1181 2566 1283 2636 vitam,
1295 2579 1375 2624 nuno
1382 2579 1437 2640 per
1448 2561 1605 2622 diabolum
1615 2562 1762 2622 blanditie
1771 2567 1899 2624 mortem

158 2630 245 2738 ἓξὲξ
269 2649 434 2709 sicutenim
446 2649 522 2707 inter
533 2648 761 2710 creaturassolaa
772 2647 894 2707 arbores
902 2648 1061 2721 frugiferae,
1102 2650 1235 2708 intentat.
1249 2651 1283 2708 at
1296 2648 1399 2723 utique
1421 2648 1514 2722 (proh
1527 2646 1644 2719 natast)
1664 2647 1794 2706 minetur
1812 2651 1899 2721 Densa

269 2737 298 2792 ct
318 2733 430 2792 semina
447 2737 534 2805 egent
547 2733 676 2791 heminis
691 2747 783 2807 opera
796 2738 825 2791 et
837 2733 999 2804 industria,
1020 2733 1061 2792 ita
1103 2738 1132 2792 et
1150 2733 1364 2804 contemnitur3
1386 2729 1548 2806 persuadet
1560 2729 1709 2803 diabolua
1724 2736 1753 2788 et
1766 2732 1897 2804 auditur.

265 2819 358 2876 homo
368 2815 589 2892 egetsuiipsins
600 2817 770 2876 custodiaet
779 2817 904 2876 cultura.
914 2819 974 2875 lloe
984 2817 1061 2878 indi·
1103 2818 1192 2892 Apud
1202 2819 1296 2876 Deum
1309 2823 1354 2876 est
1366 2815 1516 2887 severitas,
1530 2815 1584 2874 sed
1593 2815 1737 2888 benigna;
1748 2818 1829 2892 apud
1838 2817 1901 2878 dia·

268 2901 343 2962 cavit
354 2903 429 2960 Deus
441 2899 567 2971 homini,
579 2916 647 2959 cum
659 2900 783 2974 «posuit
792 2916 860 2958 eum
869 2901 900 2959 in
909 2901 1060 2974 paradiso,
1102 2901 1209 2962 belum
1222 2900 1386 2972 blanditia,
1399 2901 1454 2962 sed
1466 2899 1615 2960 nociva.»
1639 2902 1673 2958 Et
1687 2903 1780 2975 paulo
1803 2907 1874 2976 post
1889 2921 1897 2961 ι

267 2990 300 3043 ιιι
314 2988 485 3060 operaretur
497 2989 526 3042 et
538 2983 697 3043 custodiret
715 2983 820 3055 illum3
834 3004 850 3040 ι
866 2983 995 3058 lecitque
1014 2986 1061 3044 lu·
1106 2988 1231 3044 «Fuerat
1240 2985 1322 3046 enim
1335 2983 1520 3057 condignum
1532 2985 1633 3044 utliee
1646 2989 1772 3058 pareret,
1786 2987 1841 3060 qui
1853 2985 1898 3045 illi

266 3071 403 3142 minaria,
417 3087 433 3124 ι
445 3071 479 3127 ιιι
491 3073 588 3128 essent
600 3068 632 3126 in
644 3067 730 3140 signa
741 3071 771 3125 et
783 3070 963 3141 tempera‚a
978 3069 1060 3128 vide·
1103 3074 1209 3128 cuncte
1220 3084 1325 3143 parere
1337 3072 1517 3144 preceperat
1522 3087 1531 3139 3
1547 3067 1668 3125 serviret
1681 3069 1824 3140 Domino,
1845 3070 1899 3143 qni

266 3155 334 3214 licet
346 3158 379 3213 ιιι
391 3154 585 3213 admonerent
601 3167 657 3210 nos
676 3154 714 3211 de
730 3157 864 3228 tempore
888 3157 1060 3227 opportuno
1102 3151 1190 3212 illam
1201 3153 1359 3212 dominum
1376 3153 1493 3212 mundo
1513 3151 1666 3224 effecerat3
1685 3156 1808 3212 certaret
1827 3169 1898 3212 oum

266 3239 307 3298 ad
319 3239 477 3299 serendum
486 3283 494 3310 ,
504 3238 701 3307 ¹metendum,
715 3239 770 3296 etc.
784 3239 860 3309 Ager
872 3251 943 3310 argo
952 3237 1061 3310 jugiter
1102 3236 1203 3309 hoste,
1216 3242 1251 3294 ιιι
1263 3235 1418 3296 inimicum
1431 3235 1614 3307 devinceret3
1635 3236 1763 3310 denique
1776 3237 1900 3310 praemia

266 3321 354 3382 nobis
374 3320 553 3380 excolendus
571 3321 657 3392 iussu
679 3319 730 3376 bei
752 3323 796 3378 est
817 3319 934 3392 aalma3
951 3321 1061 3396 plantae
1103 3322 1162 3379 lico
1176 3320 1318 3379 reddente
1335 3320 1507 3394 perciperet.
1531 3319 1681 3394 Torpesoit
1693 3320 1774 3380 enim
1794 3321 1899 3393 ιιιιιιι,

266 3405 413 3480 trugiierae
430 3409 499 3464 sunt
512 3404 655 3462 sobrietas
665 3445 676 3473 ‚
686 3402 823 3474 castitas,
837 3404 964 3462 charitas
981 3405 1061 3464 aliae·
1102 3404 1156 3464 abi
1168 3403 1351 3462 contrarium
1364 3403 1499 3462 defuerit.
1522 3404 1605 3462 Adeo
1621 3402 1801 3465 roborantur
1822 3405 1901 3464 vires

267 3505 326 3564 que
335 3489 468 3561 virtutem
484 3487 590 3546 lolium
599 3491 628 3545 et
641 3485 750 3544 zizania
761 3486 868 3560 cuique
881 3487 1061 3548 eradicanda
1103 3487 1308 3546 exercitatione
1321 3486 1478 3562 frequenti.
1492 3506 1508 3542 ιι
1534 3489 1569 3544 at
1581 3502 1675 3546 mox:
1701 3507 1717 3544 a
1730 3489 1824 3548 Adam
1836 3503 1900 3546 nen

267 3577 337 3630 sunt
354 3573 435 3644 gala,
448 3571 582 3643 luxuria,
595 3570 639 3627 ira
649 3569 767 3643 aliaque
777 3570 857 3628 vitia.
871 3570 1007 3642 Agricola
1017 3576 1061 3630 est
1101 3571 1249 3644 vigilavit,
1263 3574 1296 3629 ut
1308 3571 1452 3644 serpentis
1464 3569 1608 3630 malitiam
1624 3576 1811 3644 precaveret.
1826 3571 1900 3630 Sim-

266 3656 380 3727 homo,
394 3656 490 3715 imber
507 3659 550 3714 est
562 3654 656 3727 gratie
673 3654 740 3724 bei,
765 3670 834 3728 quae
850 3655 942 3712 menti
962 3655 1060 3714 bonos
1102 3653 1248 3728 plorabit,
1262 3657 1375 3712 astutus
1386 3658 1491 3712 centra
1502 3654 1660 3734 diabolum
1673 3670 1736 3714 non
1746 3654 1811 3713 tuit.
1825 3659 1900 3714 Tum

268 3745 358 3813 satus,
368 3741 401 3798 id
414 3747 458 3797 cst
468 3743 583 3798 sanctas
592 3737 814 3811 inspirationes,
828 3737 1060 3799 illuminationes
1102 3739 1184 3798 enim
1205 3738 1328 3798 diabolo
1345 3739 1556 3813 persuadenti,
1569 3754 1662 3814 quam
1679 3741 1900 3798 Domine-com·

268 3831 296 3886 et
308 3826 454 3901 impulsus
468 3823 599 3898 suggerit
610 3827 640 3882 et
652 3822 788 3896 instillat,
804 3827 838 3881 ut
859 3839 896 3882 ex
915 3825 952 3882 iis
973 3827 1061 3900 quasi
1103 3824 1228 3883 minanti
1241 3825 1409 3894 consensit,
1423 3829 1453 3882 et
1464 3825 1557 3883 vitam
1574 3841 1669 3898 quam
1680 3825 1786 3884 habuit
1801 3825 1901 3899 perdi·

268 3927 305 3972 ex
317 3908 480 3970 seminibus
494 3907 594 3966 anima
613 3920 787 3981 praegnans,
804 3922 897 3980 opera
916 3908 1061 3968 virtutum
1104 3909 1168 3979 dit,
1181 3913 1211 3966 et
1223 3911 1350 3967 moram
1359 3923 1452 3982 quam
1464 3907 1623 3982 ignorabat
1635 3910 1789 3984 accepite

268 3995 411 4068 germinet
423 3996 452 4052 et
464 3991 607 4069 proterat3
621 3991 702 4051 venti
713 3995 781 4049 sunt
794 3992 980 4064 tentationes,
994 3993 1062 4068 qui·
1139 3993 1239 4050 ltonar
1252 4005 1399 4064 noarnars,
1414 4021 1450 4038 -·
1462 3992 1496 4051 id
1508 3996 1553 4050 est
1566 3993 1670 4052 mortis
1682 3996 1767 4052 aena
1783 3998 1900 4052 senten·

267 4079 325 4136 bus
339 4076 478 4149 arbores,
492 4077 524 4134 id
542 4081 585 4134 est
595 4076 731 4148 virtutes,
743 4075 939 4150 purificantur
951 4081 980 4136 et
992 4077 1062 4136 soli·
1104 4075 1176 4136 tiam
1189 4079 1218 4133 et
1230 4076 1430 4136 necessitatem
1442 4076 1582 4134 incurres.
1611 4077 1691 4134 Unde
1703 4079 1898 4150 Symmachus

269 4163 396 4234 danlnr3
410 4163 514 4220 messis
527 4161 581 4219 erit
593 4160 752 4235 premium
765 4160 833 4218 vitae
845 4165 960 4220 aeterna
967 4180 976 4232 3
989 4161 1061 4220 solis
1101 4161 1203 4231 vertit,
1224 4163 1301 4222 aava
1313 4162 1373 4232 lep,
1387 4159 1472 4219 idest
1484 4162 1610 4220 mortalis
1620 4165 1686 4218 eris.
1700 4162 1742 4218 lta
1755 4161 1784 4220 S.
1797 4161 1897 4219 litero·

268 4247 349 4306 calor
362 4249 405 4304 est
417 4245 517 4317 ardor,
540 4261 630 4319 quem
644 4245 774 4317 suggerit
791 4245 915 4318 Spiritus
927 4246 1059 4304 Sanctus.
1103 4259 1224 4318 aymus,
1237 4243 1428 4315 Augustinus,
1439 4243 1649 4304 theodoretus.

268 4329 347 4389 Sicut
359 4345 429 4402 ergo
443 4328 572 4402 agricola
591 4327 708 4386 laborat
719 4329 753 4386 in
764 4328 909 4401 serendo,
923 4329 976 4386 sed
988 4344 1061 4401 gau·
1137 4329 1228 4386 Nota:
1249 4327 1372 4386 llinatur
1389 4328 1438 4385 bio
1456 4331 1530 4388 Deus
1544 4329 1614 4388 Adae
1624 4328 1806 4390 inobedienti
1819 4347 1898 4389 mer·
1909 4358 2013 4407 uenar-

269 4413 320 4476 det
333 4415 364 4472 in
381 4413 531 4485 metendo,
551 4413 592 4470 ita
610 4411 739 4484 atinati,
762 4411 844 4487 aqui
869 4412 1016 4471 seminant
1029 4412 1061 4471 in
1102 4417 1174 4482 tem,
1189 4427 1251 4469 non
1264 4411 1525 4485 tantumcorporis
1538 4416 1568 4470 et
1589 4413 1796 4486 temporalem,
1807 4415 1898 4472 sedet
1909 4423 1965 4477 aona
1993 4421 2013 4466 a

269 4498 408 4574 lacrymis
422 4519 437 4554 a
453 4511 546 4572 opera
555 4495 747 4570 paenitentiae,
762 4496 910 4569 patientiae
927 4509 962 4552 ac
977 4494 1061 4554 tabo-
1103 4495 1210 4555 animae
1220 4494 1403 4568 spiritualem
1415 4501 1444 4551 et
1457 4499 1598 4554 aeternam
1611 4495 1642 4553 in
1656 4497 1803 4569 gehenna,
1817 4513 1896 4556 eam·
1909 4483 1996 4588 ,ἔξω

269 4598 352 4656 rum,
379 4583 435 4640 ain
455 4579 633 4640 exultatione
656 4581 806 4635 metent.»
828 4581 974 4649 Rursum,
988 4579 1062 4637 sicut
1103 4595 1163 4654 que
1182 4584 1292 4638 certam
1314 4583 1344 4636 ct
1361 4578 1549 4638 infallibilem
1568 4599 1576 4636 ι
1597 4581 1657 4638 boe
1681 4581 1761 4638 enim
1786 4581 1897 4655 signifi·
1924 4553 2013 4660 affl

270 4672 350 4728 sator
361 4664 568 4738 longanimiter
581 4665 713 4736 expectat
725 4677 868 4733 messem,
887 4662 929 4720 ita
941 4665 970 4719 ct
980 4661 1059 4734 justi.
1103 4667 1149 4722 cat
1161 4663 1224 4720 hac
1233 4663 1404 4735 geminatio,
1419 4667 1536 4722 «morte
1550 4663 1719 4735 morieris»
1734 4663 1767 4722 id
1780 4669 1824 4722 est
1836 4680 1898 4723 cer·
1932 4665 1990 4715 ιιι

269 4747 580 4819 Undelicelesiasticus,
588 4762 654 4820 cap.
666 4761 705 4817 ιι,
711 4760 787 4803 vers.
799 4748 844 4817 ra,
858 4745 941 4802 dicit:
952 4745 1062 4814 «Quasi
1103 4747 1217 4806 tissime
1226 4746 1371 4806 morieris.
1385 4747 1480 4806 Adam
1493 4763 1564 4819 ergo
1578 4761 1703 4822 peccans
1718 4750 1821 4822 quoad
1834 4766 1899 4809 aar

269 4836 296 4894 is
312 4835 365 4909 qui
378 4839 441 4894 arat
458 4832 553 4907 etqui
566 4831 708 4902 seminat,
731 4830 837 4888 accede
854 4829 894 4887 ad
913 4843 979 4888 aem
999 4830 1061 4902 (se-
1102 4847 1160 4907 pus
1190 4847 1262 4889 mox
1282 4831 1385 4890 mortis
1398 4832 1615 4903 necessitatem,
1639 4831 1742 4905 quoad
1767 4833 1899 4892 animam

269 4917 441 4993 pientiam),
456 4921 485 4976 et
497 4916 607 4974 sustine
622 4913 794 4988 (exspecta)
808 4912 906 4970 bonos
921 4912 1061 4986 (uberes)
1102 4930 1174 4974 vero
1187 4919 1255 4974 actu
1266 4918 1297 4975 et
1309 4917 1408 4989 reipsa
1426 4921 1555 4974 mortem
1567 4916 1690 4974 incurrit
1698 4935 1708 4987 ;
1728 4915 1799 4974 hina
1818 4921 1900 4992 patet

269 5001 382 5061 tructus
393 5001 472 5059 illius
479 5019 489 5070 ;
501 4999 532 5056 in
545 5013 634 5075 opere
649 4995 793 5071 (cultura)
806 4996 885 5053 enim
898 4996 977 5053 illius
988 5012 1063 5070 pau·
1103 5002 1231 5059 mortem
1240 4998 1357 5058 homini
1370 4999 1403 5057 in
1416 4998 1475 5057 hee
1490 5003 1568 5058 statu
1581 5015 1644 5074 quo
1659 5015 1677 5058 a
1690 5002 1749 5058 Deo
1760 5001 1899 5060 conditus

269 5084 366 5144 lulum
379 5081 550 5152 laborabis,
573 5085 603 5139 et
615 5083 672 5138 cito
688 5080 757 5138 edes
770 5081 808 5138 de
822 5079 1061 5152 generationibus
1103 5087 1156 5154 est,
1169 5097 1232 5141 non
1241 5083 1407 5142 naturalem
1420 5099 1495 5153 esse,
1509 5083 1644 5143 utveluit
1654 5083 1753 5142 Cicero
1762 5089 1792 5142 et
1801 5085 1900 5159 philo·

271 5168 429 5242 (fructibus
446 5165 623 5242 progenitis)
637 5165 763 5238 illius3a
780 5170 808 5225 et
823 5165 932 5224 Paulus
952 5166 990 5222 oct
1009 5166 1062 5226 Ga·
1103 5167 1295 5243 sophi(adde,
1305 5167 1899 5245 etPelagieni),aedessepoenampeccati,

272 5253 322 5312 lat.
335 5267 401 5326 cap.
415 5267 457 5322 rr,
473 5265 550 5308 vers.
577 5252 617 5308 dc
641 5252 782 5308 ottonum
803 5253 903 5309 autem
922 5248 1061 5309 iacientes
1102 5251 1437 5309 utidefinitconcilium
1450 5252 1753 5328 milevitanumcap.
1768 5270 1791 5326 r,
1805 5253 1900 5313 etde·
1939 5312 1943 5318 .

271 5351 334 5400 aon
351 5335 540 5410 deficiamus,
557 5337 690 5410 tempore
705 5334 785 5395 enim
798 5349 855 5398 suo
873 5337 1028 5405 metemus.
1044 5354 1059 5392 e
1103 5341 1148 5397 cet
1158 5335 1186 5412 S,
1199 5333 1390 5412 Augustinus,
1401 5333 1477 5400 liba
1492 5339 1532 5398 lle
1545 5339 1652 5432 Pascat.
1666 5341 1769 5410 merit,
1784 5352 1850 5414 cap.
1866 5353 1898 5398 ιι.
