4182 6044
272 255 330 316 tta
784 249 1028 312 contumuit
1044 250 1078 311 lll
1096 251 1249 322 EXODUH,
1267 265 1331 310 w.
1350 251 1395 308 vt.

154 373 192 416 ser
201 381 260 416 m
274 361 386 432 peitate.
401 361 507 418 emant
521 355 632 431 aliqui,
645 357 704 416 hoc
716 372 828 416 nomen
840 375 908 416 vere
919 357 1009 416 fnisse
1023 358 1068 416 iu·
1109 358 1203 429 ratio,
1216 372 1271 414 cnr
1282 359 1359 416 bens
1370 370 1426 430 per
1440 353 1627 414 mocodssum
1641 353 1730 414 tuerit
1741 351 1909 414 adumbra-

154 433 262 542 επ·
274 443 409 513 cllabilc,
422 457 459 500 eo
483 441 568 516 qnod
591 440 663 499 solis
680 445 814 515 quatuor
833 441 1068 500 consonantibus
1109 440 1278 514 tus‚inquit
1290 441 1371 498 idem
1383 439 1498 509 him.
1511 439 1558 494 29.
1571 439 1642 494 l'ere
1654 453 1726 510 ergo
1739 438 1909 514 metuque

274 529 400 596 consta,
409 531 565 597 careatque
575 523 744 594 vocalibus,
758 525 821 582 sine
835 524 946 598 quibus
957 525 1069 582 litteras
1110 523 1349 596 Chrysostomus,
1359 522 1442 580 hom.
1454 523 1491 578 28
1502 525 1534 578 in
1545 523 1724 578 uastam:
1739 521 1910 592 «sicutm-

274 612 469 666 consonantes
481 607 675 680 pronuntiare
687 610 717 664 et
726 607 810 666 ellari
821 623 883 666 nou
894 623 1066 681 possumus
1111 607 1187 681 quit,
1198 607 1251 678 qui
1264 603 1497 676 innavigabilem
1509 605 1659 662 Oceanum
1668 605 1807 676 navigare
1820 619 1909 662 usur-

274 694 381 748 t'erum
396 689 454 748 hoc
473 693 517 746 est
536 689 735 764 improbabile
742 711 751 760 ;
764 707 837 748 nam
855 695 931 748 Deus
949 692 998 749 hic
1014 707 1069 748 no
1111 693 1178 763 pat,
1192 691 1267 746 dum
1286 704 1348 746 non
1364 692 1462 760 potest
1483 703 1553 744 eum
1572 687 1711 758 hanam,
1725 702 1843 746 ramesse
1861 691 1910 744 est

273 773 413 832 merthoc
423 789 512 830 snum
526 773 739 845 pronuntiavit,
750 789 818 832 cum
829 774 905 830 illud
918 774 1068 844 revelavit,
1112 788 1166 845 per
1180 772 1317 830 eamdem
1334 773 1414 828 viam
1427 769 1544 838 redeat,
1555 769 1609 826 ubi
1622 771 1772 840 ingressus
1784 775 1848 826 est:
1863 771 1909 827 sic

274 855 418 914 stellatus
427 858 470 912 est
479 871 582 914 coram
590 857 677 912 ltose.
692 857 821 914 Rursum
830 859 923 914 ltoses
935 855 1010 914 illud
1024 858 1070 930 ip·
1111 856 1226 930 antiqui
1238 853 1411 927 Philosophi
1421 853 1459 910 de
1470 852 1520 908 nei
1530 858 1636 910 natura
1646 868 1777 926 querere
1786 855 1910 912 conteu-

274 955 342 996 sum
362 937 468 996 allatus
486 943 529 996 est
549 954 651 996 coram
670 939 819 1011 israelitis,
833 944 862 996 et
879 956 979 998 coram
997 939 1069 996 Pha·
1112 939 1232 1008 dentes,
1246 939 1313 994 victi
1328 941 1397 994 sunt
1411 936 1548 1007 ingenio,
1562 936 1731 994 delecenmt
1750 951 1908 1008 sermone,

273 1037 375 1092 raone,
385 1021 508 1096 ipseque
517 1021 631 1080 Pharao
644 1023 754 1096 sapius
767 1023 826 1080 hoe
838 1038 947 1080 nomen
961 1039 980 1078 a
991 1025 1068 1079 ltose
1111 1021 1144 1077 in
1160 1021 1263 1078 ultimo
1275 1019 1350 1076 nihil
1363 1036 1395 1076 se
1408 1018 1537 1092 amplius
1548 1019 1680 1076 iuvenire
1692 1020 1823 1091 potuisse
1835 1035 1909 1078 eou-

272 1105 433 1178 prolatum,
448 1105 657 1178 respondendo
671 1105 796 1178 repetiit.
816 1105 946 1178 Denique
960 1103 1069 1162 trustra
1112 1104 1181 1162 lessi
1195 1110 1273 1173 sunt,
1288 1105 1344 1162 nisi
1356 1104 1441 1178 quod
1455 1107 1530 1160 lteris
1543 1104 1580 1160 sit
1592 1103 1839 1174 incognoscibilis.
1851 1125 1868 1160 ι

274 1189 331 1247 hoc
349 1203 459 1245 nomen
480 1191 611 1262 quatuor
630 1187 733 1244 litteris
750 1187 991 1258 distingueretur,
1011 1188 1069 1244 nisi
1149 1188 1219 1243 ltine
1233 1202 1304 1258 ergo
1317 1186 1428 1244 iactum
1438 1192 1482 1242 est
1492 1192 1526 1242 ut
1537 1186 1650 1242 liebraei
1662 1186 1911 1258 religionisetrc·

273 1270 331 1328 illae
350 1285 405 1328 sua
418 1269 505 1326 tacita
520 1268 664 1326 haberent
676 1275 804 1342 puncta,
816 1271 877 1326 sive
891 1271 1024 1340 vocales,
1038 1277 1071 1328 ut
1113 1269 1250 1326 verentia
1266 1285 1357 1326 eausa
1372 1285 1483 1326 nomen
1500 1271 1550 1325 Dei
1568 1269 1651 1326 effari
1667 1274 1696 1325 et
1714 1271 1908 1343 pronuntiare

274 1353 310 1410 ils
321 1351 396 1424 legi,
409 1353 516 1421 ellerrt,
529 1353 717 1426 pronuntiari
731 1358 841 1428 posset,
854 1355 978 1426 perinde
993 1359 1026 1410 ut
1037 1355 1071 1411 tit
1112 1368 1175 1410 non
1188 1352 1347 1422 auderent3
1362 1351 1464 1426 excipe
1477 1353 1643 1410 sacerdotes
1661 1351 1722 1409 sire
1735 1353 1908 1425 pontifices,

275 1437 306 1494 in
318 1437 384 1494 aliis
397 1436 571 1494 nominihus
586 1436 652 1506 Dei,
667 1436 826 1493 hominum
841 1441 869 1494 et
882 1437 1069 1507 angelorum.
1113 1437 1167 1511 qui
1186 1438 1218 1491 in
1234 1436 1339 1505 sacris,
1356 1440 1430 1508 puta
1452 1436 1483 1491 in
1503 1435 1670 1504 sacrifieiis,
1681 1438 1711 1492 et
1729 1435 1762 1492 in
1779 1436 1909 1494 solemni

166 1535 248 1582 Aenea
311 1521 380 1578 nico
398 1535 469 1589 ergo
482 1519 540 1576 hoc
553 1534 664 1576 nomen
680 1519 738 1576 dici
753 1518 921 1588 iuetlabile,
935 1535 971 1575 eo
986 1519 1071 1592 qnod
1112 1519 1318 1575 benedictione
1336 1517 1458 1590 populi,
1471 1521 1500 1574 et
1519 1519 1648 1576 maxime
1673 1518 1704 1574 in
1723 1518 1858 1589 ingressu
1874 1520 1908 1578 in

176 1599 241 1642 “²¹⁹
275 1602 314 1662 ab
333 1603 459 1660 llebroeis
478 1601 636 1662 baberetur
657 1603 887 1660 sacratissimum
907 1606 937 1659 ct
955 1619 1070 1660 summe
1112 1605 1216 1660 Sancta
1229 1607 1409 1672 sanctorum,
1421 1602 1497 1659 illud
1507 1601 1750 1676 pronuntiabant,
1760 1603 1800 1660 ait
1810 1604 1908 1676 Philo,

155 1667 263 1765 εξᾝξ
274 1685 455 1755 venerabile,
469 1691 611 1758 tauquam
623 1701 734 1743 nomen
747 1686 794 1742 Dei
805 1685 991 1758 primarium,
1001 1702 1072 1759 pro·
1112 1685 1165 1742 lib.
1181 1688 1220 1740 tte
1235 1688 1301 1740 Vita
1315 1687 1409 1742 ltosts.
1426 1686 1507 1744 Unde
1520 1690 1549 1742 et
1562 1687 1706 1760 tosephus
1720 1688 1762 1744 ait
1778 1685 1835 1744 sibi
1847 1689 1908 1746 hoc

175 1779 246 1826 imre
275 1769 374 1844 prium
387 1773 416 1828 et
428 1769 598 1840 essentiale,
613 1768 697 1842 qnod
711 1773 787 1824 esset
798 1767 1025 1826 tundamentum
1041 1774 1071 1827 et
1112 1784 1223 1826 nomen
1241 1768 1427 1841 cloqui,nec
1443 1769 1509 1840 jus,
1523 1785 1577 1826 nec
1594 1768 1638 1828 las
1654 1785 1728 1827 esse.
1742 1771 1817 1827 Cum
1834 1783 1965 1843 ergorm
1997 1787 2025 1825 is

156 1839 201 1946 ΜΒ
216 1852 360 1946 &radix
379 1853 507 1912 oliorum
525 1855 661 1912 omnium
677 1854 836 1910 nominum
857 1853 967 1921 llci‚eo
986 1855 1070 1927 quod
1111 1852 1143 1908 in
1164 1851 1313 1924 Scriptura
1332 1852 1499 1922 legentibus
1516 1853 1574 1910 hoc
1595 1869 1706 1912 nomeu
1723 1845 2027 1948 annumeratum]

156 1914 215 2012 ,21¹⁹
227 1933 262 2008 alt
274 1939 332 1996 hoc
343 1953 452 1996 nomen
463 1937 607 2009 siguificat
618 1939 714 2010 ipsam
728 1937 903 1994 immensam
915 1938 1069 1994 essentiam
1113 1933 1224 1990 ltebraei
1246 1950 1302 2007 pro
1323 1933 1376 1991 illo
1397 1935 1536 2005 legebant
1557 1937 1684 2004 Adonei,
1706 1937 1769 2008 rel,
1791 1937 1908 1996 sicum
1937 1965 2016 2020 m

161 2025 258 2081 mejeru-
275 2025 304 2078 et
316 2021 496 2093 maiestatem
512 2021 559 2078 Dei
574 2019 903 2093 incomprehensibilem
923 2023 952 2076 et
968 2020 1072 2078 inelle-
1112 2019 1223 2073 Adonei
1233 2023 1431 2088 concurreret,
1441 2035 1497 2090 pro
1508 2035 1544 2076 eo
1556 2019 1693 2090 legebant
1705 2022 1821 2077 Etohim.
1835 2022 1909 2079 lliuc
1934 2029 2018 2072 som

155 2088 262 2192 ”mm
274 2103 381 2175 bilem,
400 2120 418 2161 a
436 2120 498 2177 qna
510 2109 614 2161 caetera
631 2103 733 2162 omnia
750 2107 939 2176 promanant.
955 2105 1018 2172 Qua
1033 2105 1069 2158 dc
1111 2099 1221 2156 lactum
1235 2105 1278 2156 est
1301 2103 1335 2156 ut
1357 2101 1539 2172 llassoretre‚
1555 2103 1610 2176 qui
1632 2102 1731 2159 bibliis
1758 2103 1907 2162 Hebraicis
1920 2089 2028 2192 ”ssiffl'

154 2161 170 2194 ⁷
274 2201 364 2246 eausa
383 2192 413 2244 et
434 2186 531 2256 Plato,
547 2191 618 2244 teste
634 2187 771 2256 Eusebio,
786 2185 839 2243 lib.
854 2187 888 2242 lil
902 2190 942 2242 tie
959 2189 1071 2258 Propo-
1112 2187 1239 2256 puncta,
1252 2184 1314 2238 sive
1331 2185 1449 2242 vocales
1467 2183 1672 2256 subjecerunt,
1688 2186 1803 2244 nomini
1819 2189 1908 2246 ntra-
1933 2163 2018 2255 aaz,

272 2273 329 2326 rot.
344 2285 411 2343 cap.
423 2284 492 2339 tur,
507 2269 582 2326 dixit
600 2285 711 2326 nomen
725 2269 775 2325 nei
789 2285 850 2325 non
864 2286 927 2325 esse
941 2269 1069 2326 etlabilc.
1112 2273 1278 2337 grammato
1287 2277 1380 2330 rant
1389 2268 1575 2339 subjecerunt
1584 2274 1695 2343 puncta
1704 2269 1799 2326 aliena
1809 2270 1908 2327 nomi-
1927 2272 2024 2316 mmm

273 2353 349 2410 Deus
360 2353 454 2424 enim,
471 2352 512 2408 ait
524 2353 624 2421 Plato,
638 2355 680 2408 est
694 2353 835 2422 erepere,
849 2353 889 2404 aet
902 2354 1016 2424 ittera,
1030 2351 1072 2405 sat
1112 2349 1158 2405 nis
1175 2349 1289 2408 Adonai
1310 2350 1320 2422 (
1326 2352 1369 2408 uti
1387 2357 1517 2424 quatmr
1537 2351 1703 2410 rationibus
1725 2353 1908 2410 demonstrat
1919 2335 2030 2445 ὦ

275 2437 440 2507 temperer,
453 2435 541 2492 idest
554 2439 742 2506 incorporeas,
755 2435 1070 2491 irriticihitisetiaeomi-
1113 2433 1305 2490 bellarminus
1319 2435 1350 2492 in
1364 2436 1568 2494 exercitatione
1580 2435 1786 2508 grammatica,
1801 2437 1942 2498 Psalmis
1981 2457 2031 2498 nn

278 2519 388 2574 nobilis.
405 2519 533 2574 Rursum
547 2518 629 2574 Plato
644 2518 675 2572 in
691 2519 853 2572 Parmenide
868 2535 876 2572 :
893 2519 996 2586 «Deo,
1010 2517 1070 2585 ait,
1112 2533 1214 2588 xxxin,
1228 2519 1358 2576 advers.
1372 2522 1410 2592 t),
1425 2520 1532 2577 scilicet
1544 2537 1622 2578 sreoo
1635 2519 1729 2594 (quod
1743 2519 1906 2578 innomine
1934 2521 2019 2586 W}

274 2599 392 2657 nullum
404 2599 533 2656 luditum
547 2603 590 2656 est
604 2614 734 2668 nomen,
747 2602 823 2656 Deus
834 2615 897 2657 nou
909 2601 1006 2671 potest
1020 2599 1072 2656 de·
1113 2601 1224 2656 Adonai
1237 2607 1281 2657 est
1295 2601 1494 2674 compositum
1507 2619 1576 2660 cum
1587 2605 1707 2676 emoch,
1720 2603 1760 2662 ob
1774 2607 1907 2674 guttura·
1918 2588 2025 2683 m

273 2683 369 2753 liniri,
384 2697 446 2740 non
461 2683 582 2740 scientia
602 2682 687 2758 capi,
701 2698 764 2738 non
784 2682 816 2739 in
835 2699 939 2738 sensus
953 2685 1071 2739 nostros
1112 2684 1172 2742 lem
1182 2682 1293 2756 cleph),
1307 2685 1406 2742 olentem
1420 2691 1449 2742 et
1463 2694 1572 2752 conata,
1584 2691 1618 2744 ut
1631 2687 1794 2744 indicarent
1811 2703 1848 2742 ex
1861 2703 1908 2744 rc-
2017 2669 2023 2682 ¹

274 2766 438 2836 incurrere,
458 2763 541 2821 nulla
561 2765 598 2822 de
614 2781 651 2823 eo
669 2765 772 2822 baberi
791 2765 907 2838 opinio;
931 2765 1072 2838 quocirca
1112 2765 1242 2822 verentia
1254 2782 1315 2824 non
1329 2771 1606 2838 tetragrammaton,
1619 2771 1672 2827 sed
1685 2771 1796 2826 Adonai
1808 2769 1908 2841 legen-

272 2863 372 2922 nequo
389 2847 553 2918 nominari,
570 2864 668 2922 neque
686 2849 762 2918 dici,
781 2863 879 2921 neque
900 2848 1069 2918 cognitione
1113 2848 1186 2904 dum
1201 2853 1229 2905 et
1243 2852 1499 2926 pronuntiandum
1513 2867 1591 2923 esse,
1605 2869 1696 2926 mem
1709 2868 1824 2910 morem
1837 2869 1908 2910 suo·

273 2929 498 3004 comprehendi,
524 2946 621 3005 neque
643 2931 800 3002 cognosci,
822 2947 920 3005 neque
941 2931 981 2988 ab
1004 2932 1069 2988 ullo
1111 2947 1180 2988 rum
1193 2935 1362 3005 temporum
1380 2935 1473 2992 secuti
1490 2940 1574 3004 sunt,
1589 2951 1650 2994 non
1669 2939 1775 2994 tantun
1786 2937 1907 3009 Septua-

274 3020 338 3072 ente
352 3015 452 3072 sentiri
466 3017 597 3088 potest.»
611 3017 644 3072 nt
654 3016 681 3072 S.
696 3015 852 3087 Dionysius
869 3033 876 3070 :
892 3017 1002 3085 cliens,
1018 3015 1069 3087 ait,
1112 3015 1194 3086 ginta
1212 3020 1356 3074 vertentes
1373 3021 1463 3090 κύριος,
1478 3022 1508 3076 et
1525 3023 1625 3078 noster
1641 3021 1805 3091 interpres,
1821 3033 1907 3091 aequa

274 3103 317 3156 cst
336 3101 419 3157 omni
439 3115 574 3158 sermone
599 3099 766 3171 ineffabile,
788 3115 878 3174 super
897 3115 986 3157 omne
1005 3117 1070 3158 ver·
1112 3113 1148 3155 ao
1165 3099 1303 3169 Origenes
1317 3101 1349 3156 in
1362 3101 1425 3158 suis
1443 3101 1574 3176 tetraplis
1591 3106 1620 3159 et
1631 3101 1782 3176 hexaplis,
1795 3117 1853 3175 pro
1866 3105 1908 3156 te-

275 3181 369 3253 bum,
384 3181 537 3240 bonum.»
1031 3237 1037 3244 .
1112 3183 1323 3252 tragrammato
1337 3183 1517 3242 substituens
1528 3185 1576 3242 hic
1590 3183 1905 3251 remeatremeat

161 3281 256 3330 Pliten
311 3265 381 3324 ilinc
391 3270 434 3323 tot
446 3265 564 3323 luerunt
574 3263 823 3339 Philosophorum
836 3267 873 3324 de
885 3271 943 3326 Deo
955 3271 1069 3324 senten·
1112 3267 1142 3322 et
1154 3266 1286 3322 Christus
1301 3270 1329 3324 et
1342 3267 1476 3339 Apostoli
1483 3309 1494 3338 ,
1508 3269 1562 3342 qni
1579 3267 1694 3342 quoties
1711 3267 1801 3326 citant
1813 3264 1907 3339 Scrip-

162 3344 262 3451 therua
274 3349 321 3407 tioe
334 3353 362 3407 ct
374 3364 498 3406 errores.
512 3349 731 3406 Anaximander
749 3349 848 3406 stellas
862 3353 890 3406 et
904 3353 982 3406 astra
996 3351 1069 3406 deos
1113 3351 1211 3406 turam
1234 3349 1399 3422 Hebraeum,
1413 3351 1444 3407 in
1462 3367 1524 3425 qua
1544 3349 1670 3409 habetur
1692 3365 1803 3408 nomen
1820 3353 1906 3406 tetra-

155 3417 263 3512 ἦζῗῆω,
275 3448 337 3492 esse
352 3433 475 3507 putauit.
488 3431 682 3489 Anaximenes
696 3435 788 3488 Deum
801 3433 915 3505 putavit
928 3449 990 3489 csse
1004 3433 1071 3490 inll-
1113 3437 1321 3504 grammaton,
1338 3448 1395 3506 pro
1409 3447 1445 3492 eo
1459 3449 1570 3492 nomen
1586 3455 1600 3488 r
1614 3433 1780 3492 Dominus»
1797 3430 1906 3489 substi-

167 3527 247 3572 tertta.
275 3517 370 3574 nilum
393 3531 501 3573 aerem.
524 3515 728 3572 democritus:
746 3517 965 3586 beus,ait,est
985 3533 1069 3573 mens
1113 3519 1210 3571 tuunt.
1227 3517 1306 3572 Unde
1323 3515 1434 3574 lactum
1454 3521 1498 3574 est
1516 3521 1548 3575 ut
1565 3517 1658 3574 ludaei
1678 3515 1812 3588 ignorent
1831 3530 1907 3587 quo·

275 3600 361 3670 ignea
385 3603 414 3655 et
435 3597 540 3654 mnndi
564 3597 674 3654 animo.
698 3599 839 3655 Prodicus
862 3603 991 3671 quatuor
1012 3599 1070 3655 ele·
1113 3599 1206 3655 modo
1217 3599 1293 3655 illud
1305 3615 1414 3657 nomen
1428 3599 1684 3674 pronuntiandum
1697 3599 1744 3670 sit,
1758 3599 1818 3656 sive
1831 3614 1907 3670 quo·

275 3687 375 3738 menta
387 3682 460 3738 deos
474 3681 583 3737 statuit.
597 3681 740 3750 Diogenes
754 3681 954 3754 Apolloniates
965 3701 972 3738 :
983 3687 1069 3753 Dens,
1112 3681 1205 3737 modo
1224 3682 1299 3738 illud
1316 3684 1535 3754 pronuntiarint
1554 3685 1646 3753 Deus,
1659 3683 1751 3740 bloses
1767 3685 1796 3737 et
1812 3695 1909 3738 sacer·

277 3765 331 3834 ott,
347 3769 390 3821 est
407 3779 457 3821 aer
469 3777 593 3838 compos
613 3761 721 3820 divina
741 3764 873 3820 rationis.
888 3765 1071 3840 Chrysippus
1113 3762 1208 3833 dotes,
1220 3764 1401 3838 traduntque
1414 3767 1552 3824 ultimum
1570 3767 1768 3836 sacerdotem,
1782 3765 1835 3838 qui
1848 3765 1908 3822 boc

276 3847 389 3905 censuit
400 3849 491 3904 Deum
505 3862 568 3902 esse
585 3847 681 3904 latum
701 3846 762 3903 siva
780 3847 981 3905 necessitatem
997 3847 1072 3904 divi·
1113 3860 1224 3904 nomen
1246 3841 1296 3905 D'ei
1316 3850 1532 3922 pronuntiavit,
1551 3847 1641 3904 luisse
1660 3849 1825 3904 Simeonem
1843 3847 1909 3917 jus-

276 3943 357 3988 nam.
379 3929 566 3988 Parmenides
588 3931 702 4003 putavit
720 3931 812 3988 Deum
831 3947 894 3988 csse
909 3947 1069 4001 coronam,
1112 3935 1195 3999 tnm,
1211 3931 1265 4003 qui
1285 3932 1432 3990 Christum
1445 3933 1476 3988 in
1490 3933 1604 4006 templo
1621 3931 1653 3990 in
1671 3932 1757 4006 ulnas
1777 3932 1908 4005 accepit,

276 4015 337 4070 sire
352 4013 455 4072 orbem
469 4014 523 4088 qui
536 4014 627 4086 cingit
637 4013 755 4072 coelum.
771 4013 965 4087 Xenophanes
981 4033 987 4071 :
1004 4016 1071 4071 Om-
1112 4017 1217 4086 postea
1229 4029 1249 4070 a
1261 4013 1379 4072 nemine
1392 4015 1449 4073 hoc
1463 4032 1573 4072 nomen
1586 4017 1810 4088 pronuntiatum
1824 4031 1889 4072 esse
1896 4055 1908 4086 ,

276 4113 324 4168 ne,
339 4098 452 4172 lnquit,
467 4097 616 4154 inlinitum
631 4102 727 4155 mente
740 4097 916 4171 preditum,
931 4100 1005 4154 neus
1017 4102 1069 4154 est.
1113 4111 1204 4168 seque
1214 4095 1351 4168 ignorare
1362 4099 1516 4171 quomodo
1525 4099 1711 4173 pronuntiari
1721 4097 1843 4170 debeat3
1854 4099 1910 4155 sed

276 4183 391 4238 Straton
412 4184 549 4238 naturam
568 4179 640 4237 dlxit
661 4195 723 4236 esse
746 4183 847 4238 Deum.
868 4183 1011 4254 Epicurus
1033 4197 1071 4238 ex
1113 4195 1182 4236 cum
1192 4181 1304 4237 venerit
1314 4183 1439 4253 Messias,
1449 4182 1488 4240 ab
1500 4198 1536 4240 eo
1549 4183 1718 4240 edocendos
1730 4197 1793 4239 esse
1803 4197 1907 4239 veram

276 4265 382 4323 atomis
397 4263 469 4322 deos
484 4278 554 4319 snos
568 4263 733 4334 constituit,
747 4278 858 4336 eosque
872 4277 1031 4336 corporeos
1043 4268 1071 4320 ct
1112 4259 1192 4320 illius
1204 4265 1487 4336 pronuntiationem.
1500 4267 1541 4322 lta
1551 4265 1618 4338 ipsi.
1630 4265 1674 4322 Ob
1686 4267 1762 4322 banc
1774 4266 1837 4336 eJ'us
1851 4281 1908 4321 no-
1932 4279 2012 4326 nom

275 4347 414 4406 humanas
426 4346 542 4417 figurae.
551 4345 714 4402 Heraclides
725 4349 833 4402 terram
843 4349 871 4402 et
879 4345 987 4403 coelum
998 4348 1070 4402 deos
1113 4347 1201 4402 minis
1219 4350 1411 4406 reverentiam
1425 4355 1453 4408 et
1468 4349 1641 4421 religionem
1660 4366 1794 4406 summus
1807 4351 1908 4423 ponti·
1944 4345 2008 4386 ‘²²¹¹'

276 4445 338 4486 asse
353 4431 436 4487 dixit.
451 4431 486 4486 ll.
502 4429 592 4486 Varro
606 4429 752 4485 mnndum
765 4429 878 4486 censuit
890 4445 953 4487 esso
967 4433 1070 4488 Deum.
1112 4427 1161 4485 lex
1179 4429 1255 4487 illud
1269 4431 1300 4488 in
1319 4433 1393 4490 tiara
1410 4449 1481 4504 sua,
1495 4434 1526 4489 in
1540 4432 1651 4490 lamina
1668 4447 1758 4490 aurea
1776 4433 1907 4506 insculp-
1920 4411 2027 4517 {¹:²¹ss

276 4511 387 4569 Plinius
400 4511 448 4570 vel
461 4511 622 4584 solem,vel
636 4514 752 4570 nullum
764 4513 879 4585 putavit
892 4527 954 4570 esse
966 4515 1069 4570 Deum.
1113 4515 1177 4568 tum
1200 4513 1351 4584 gestabat,
1376 4515 1461 4589 quod
1480 4516 1643 4572 Alexander
1663 4517 1783 4587 llagnus
1803 4530 1908 4572 occur·
1946 4523 2009 4568 unet

277 4593 436 4652 Heraclitus
450 4595 522 4652 deos
536 4611 573 4653 ex
584 4594 651 4666 igne
665 4611 727 4652 esse
742 4595 866 4652 credidit
880 4613 887 4651 :
902 4597 983 4654 unde
996 4601 1072 4654 Ana·
1113 4611 1181 4651 rens
1195 4597 1289 4654 teddo
1303 4597 1453 4670 pontifici,
1462 4597 1662 4671 procumbens
1675 4598 1760 4655 humi
1772 4613 1908 4655 reveren·
1922 4584 2026 4691 ffl

276 4693 437 4748 sagorum,
451 4678 536 4750 qnod
556 4678 648 4735 solem
663 4677 783 4735 dixisset
801 4694 863 4734 essa
877 4678 1007 4750 lapidem
1025 4679 1069 4750 ig·
1113 4682 1157 4736 ter
1173 4680 1324 4750 adoravit,
1338 4685 1409 4737 teste
1427 4682 1564 4756 tosepbo.
1580 4682 1651 4738 ltine
1668 4682 1756 4738 etiam
1770 4684 1907 4740 Lucanus

176 4821 179 4830 Δ
277 4761 497 4830 nitum,mortc
511 4761 691 4818 mulctarunt
703 4761 901 4818 Athenienses.
917 4761 1070 4818 Cleanthes
1113 4778 1203 4834 agens
1220 4764 1258 4821 de
1277 4767 1335 4821 Deo
1354 4763 1559 4836 Hebraeorum,
1579 4765 1786 4822 ait:clucerti
1804 4767 1909 4824 Iudaea

278 4845 386 4902 ethera
398 4843 498 4916 posuit
509 4859 572 4902 esse
584 4859 735 4900 summum
756 4847 857 4900 ticum.
873 4843 1002 4918 benique
1017 4845 1071 4902 hac
1113 4846 1182 4918 Dei,
1197 4865 1212 4900 e
1227 4848 1311 4921 quod
1333 4849 1441 4906 scilieet
1463 4851 1555 4906 Deum
1576 4848 1760 4920 incognitum
1782 4849 1906 4922 coleret,

278 4927 315 4984 de
328 4943 433 4997 causa,
447 4927 545 5001 inquit
562 4927 686 4998 Pierius,
702 4927 814 4998 tterogt.
829 4929 879 4996 tr,
894 4928 1007 4984 ciconia
1022 4929 1071 4985 Dei
1113 4930 1197 5000 eujus
1211 4946 1322 4988 nomen
1336 4932 1469 4989 nesciret.

278 5015 320 5066 cst
334 5010 612 5084 hieroglyphicum;
627 5010 741 5068 ciconia
754 5010 834 5068 enim
848 5009 951 5081 lingua
968 5027 1070 5070 carens
1149 5013 1219 5070 Vide
1239 5013 1287 5071 hie
1305 5019 1416 5087 quanta
1435 5014 1560 5072 ltebreeis
1580 5017 1652 5074 olim
1671 5017 1759 5076 fuerit
1771 5033 1910 5077 reveren·

277 5089 422 5163 significat
440 5095 532 5150 Deum
551 5093 653 5152 omnia
676 5093 762 5151 tacito
781 5093 921 5166 perficere
940 5094 1070 5167 silentio,
1112 5095 1153 5152 tia
1166 5097 1295 5152 nominis
1311 5097 1419 5168 divini,
1434 5098 1516 5170 quod
1530 5098 1615 5155 multi
1629 5100 1782 5158 Christiani
1796 5103 1912 5178 perju-

278 5189 332 5232 neo
346 5175 453 5233 debere
466 5189 522 5234 nos
536 5191 626 5250 super
641 5191 677 5233 eo
694 5175 797 5251 ioqui,
811 5192 902 5249 quem
918 5177 1001 5234 nulla
1013 5178 1071 5235 hn-
1111 5183 1246 5236 ramenta
1255 5181 1407 5237 temeraria
1416 5182 1527 5254 passim
1537 5182 1722 5240 nominando
1734 5183 1907 5258 profanant3
1928 5169 1933 5178 ¹

278 5258 359 5317 mant
378 5257 488 5333 ingenit
504 5259 549 5318 vls
568 5262 612 5317 sat
630 5262 719 5334 queat
738 5259 888 5318 admirari.
903 5261 1012 5320 Eadem
1026 5265 1070 5320 cst
1111 5262 1185 5336 quin
1194 5265 1223 5319 et
1232 5263 1368 5322 moderni
1377 5263 1470 5322 sudaei
1481 5279 1637 5342 nunquam
1645 5265 1756 5324 audent
1767 5281 1909 5340 expresse
