<?xml version="1.0" encoding="UTF-8"?>
<!DOCTYPE html PUBLIC "-//W3C//DTD XHTML 1.0 Transitional//EN"
    "http://www.w3.org/TR/xhtml1/DTD/xhtml1-transitional.dtd">
<html xmlns="http://www.w3.org/1999/xhtml" xml:lang="en" lang="en">
 <head>
  <title>
</title>
<meta http-equiv="Content-Type" content="text/html;charset=utf-8" />
  <meta name='ocr-system' content='tesseract 3.04.00' />
  <meta name='ocr-capabilities' content='ocr_page ocr_carea ocr_par ocr_line ocrx_word'/>
</head>
<body>
  <div class='ocr_page' id='page_1' title='image "./commentariainsc00lapigoog/commentariainsc00lapigoog_0906.png"; bbox 0 0 4018 5976; ppageno 0'>
   <div class='ocr_carea' id='block_1_1' title="bbox 621 300 1779 372">
    <p class='ocr_par' dir='ltr' id='par_1_1' title="bbox 621 300 1779 372">
     <span class='ocr_line' id='line_1_1' title="bbox 621 300 1779 372; baseline 0.003 -15"><span class='ocrx_word' id='word_1_1' title='bbox 621 300 865 358; x_wconf 69' lang='lat' dir='ltr'>conuerterat</span> <span class='ocrx_word' id='word_1_2' title='bbox 883 301 917 358; x_wconf 84' lang='grc' dir='ltr'>ΙΝ</span> <span class='ocrx_word' id='word_1_3' title='bbox 934 300 1089 372; x_wconf 82' lang='lat' dir='ltr'>uxohuu,</span> <span class='ocrx_word' id='word_1_4' title='bbox 1107 312 1170 360; x_wconf 72' lang='lat' dir='ltr'>chr.</span> <span class='ocrx_word' id='word_1_5' title='bbox 1189 303 1301 360; x_wconf 81' lang='lat' dir='ltr'>xxviii.</span> <span class='ocrx_word' id='word_1_6' title='bbox 1725 303 1779 361; x_wconf 80' lang='grc'>683</span> 
     </span>
    </p>
   </div>
   <div class='ocr_carea' id='block_1_2' title="bbox 145 405 1998 1245">
    <p class='ocr_par' dir='ltr' id='par_1_2' title="bbox 145 405 1998 1245">
     <span class='ocr_line' id='line_1_2' title="bbox 179 405 1780 481; baseline 0.002 -20"><span class='ocrx_word' id='word_1_7' title='bbox 179 405 258 462; x_wconf 86' lang='lat' dir='ltr'>&#39;litus</span> <span class='ocrx_word' id='word_1_8' title='bbox 270 406 451 481; x_wconf 82' lang='lat' dir='ltr'>imperator,</span> <span class='ocrx_word' id='word_1_9' title='bbox 466 405 506 465; x_wconf 92' lang='lat' dir='ltr'>oh</span> <span class='ocrx_word' id='word_1_10' title='bbox 520 406 696 465; x_wconf 82' lang='lat' dir='ltr'>suavitatem</span> <span class='ocrx_word' id='word_1_11' title='bbox 714 411 744 466; x_wconf 93' lang='lat' dir='ltr'>et</span> <span class='ocrx_word' id='word_1_12' title='bbox 759 407 942 467; x_wconf 89' lang='lat' dir='ltr'>benevolen·</span> <span class='ocrx_word' id='word_1_13' title='bbox 983 410 1146 467; x_wconf 87' lang='lat' dir='ltr'>monachus</span> <span class='ocrx_word' id='word_1_14' title='bbox 1157 424 1259 468; x_wconf 90' lang='lat' dir='ltr'>eremo</span> <span class='ocrx_word' id='word_1_15' title='bbox 1272 408 1383 467; x_wconf 85' lang='lat' dir='ltr'>exiltin</span> <span class='ocrx_word' id='word_1_16' title='bbox 1395 407 1513 478; x_wconf 77' lang='lat' dir='ltr'>urbem,</span> <span class='ocrx_word' id='word_1_17' title='bbox 1524 410 1559 464; x_wconf 94' lang='lat' dir='ltr'>ut</span> <span class='ocrx_word' id='word_1_18' title='bbox 1570 405 1683 465; x_wconf 76' lang='lat' dir='ltr'>arianis</span> <span class='ocrx_word' id='word_1_19' title='bbox 1693 406 1780 465; x_wconf 86' lang='lat' dir='ltr'>resis-</span> 
     </span>
     <span class='ocr_line' id='line_1_3' title="bbox 146 485 1778 568; baseline 0.002 -23"><span class='ocrx_word' id='word_1_20' title='bbox 146 487 232 560; x_wconf 87' lang='lat' dir='ltr'>tiam,</span> <span class='ocrx_word' id='word_1_21' title='bbox 248 490 343 548; x_wconf 92' lang='lat' dir='ltr'>dictus</span> <span class='ocrx_word' id='word_1_22' title='bbox 359 497 402 548; x_wconf 88' lang='lat' dir='ltr'>est</span> <span class='ocrx_word' id='word_1_23' title='bbox 415 491 552 548; x_wconf 76' lang='lat' dir='ltr'>«deliciae</span> <span class='ocrx_word' id='word_1_24' title='bbox 565 489 691 561; x_wconf 77' lang='lat' dir='ltr'>orbis3e</span> <span class='ocrx_word' id='word_1_25' title='bbox 707 491 757 550; x_wconf 90' lang='lat' dir='ltr'>hic</span> <span class='ocrx_word' id='word_1_26' title='bbox 770 493 940 552; x_wconf 85' lang='lat' dir='ltr'>admonitus</span> <span class='ocrx_word' id='word_1_27' title='bbox 982 495 1069 565; x_wconf 82' lang='lat' dir='ltr'>teret3</span> <span class='ocrx_word' id='word_1_28' title='bbox 1089 485 1339 568; x_wconf 78' lang='lat' dir='ltr'>cumqus&#39;vatens</span> <span class='ocrx_word' id='word_1_29' title='bbox 1353 495 1517 566; x_wconf 80' lang='lat' dir='ltr'><strong>Imperator</strong></span> <span class='ocrx_word' id='word_1_30' title='bbox 1536 507 1606 549; x_wconf 90' lang='lat' dir='ltr'>eum</span> <span class='ocrx_word' id='word_1_31' title='bbox 1624 497 1778 564; x_wconf 83' lang='lat' dir='ltr'>argueret,</span> 
     </span>
     <span class='ocr_line' id='line_1_4' title="bbox 147 574 1777 653; baseline -0.001 -19"><span class='ocrx_word' id='word_1_32' title='bbox 147 575 185 634; x_wconf 87' lang='lat' dir='ltr'>ab</span> <span class='ocrx_word' id='word_1_33' title='bbox 209 576 328 648; x_wconf 86' lang='lat' dir='ltr'>amicis,</span> <span class='ocrx_word' id='word_1_34' title='bbox 344 578 427 653; x_wconf 89' lang='lat' dir='ltr'>quod</span> <span class='ocrx_word' id='word_1_35' title='bbox 445 577 533 652; x_wconf 89' lang='lat' dir='ltr'>plura</span> <span class='ocrx_word' id='word_1_36' title='bbox 547 577 739 652; x_wconf 80' lang='lat' dir='ltr'>polliceretur</span> <span class='ocrx_word' id='word_1_37' title='bbox 759 595 851 652; x_wconf 77' lang='lat' dir='ltr'>quarn</span> <span class='ocrx_word' id='word_1_38' title='bbox 865 594 941 653; x_wconf 77' lang='lat' dir='ltr'>praa·</span> <span class='ocrx_word' id='word_1_39' title='bbox 983 575 1085 633; x_wconf 88' lang='lat' dir='ltr'>dicens</span> <span class='ocrx_word' id='word_1_40' title='bbox 1107 576 1246 635; x_wconf 90' lang='lat' dir='ltr'>monachi</span> <span class='ocrx_word' id='word_1_41' title='bbox 1272 591 1337 635; x_wconf 89' lang='lat' dir='ltr'>esse</span> <span class='ocrx_word' id='word_1_42' title='bbox 1363 574 1573 645; x_wconf 82' lang='lat' dir='ltr'><strong>solitudinem,</strong></span> <span class='ocrx_word' id='word_1_43' title='bbox 1595 575 1777 649; x_wconf 85' lang='lat' dir='ltr'>respondit:</span> 
     </span>
     <span class='ocr_line' id='line_1_5' title="bbox 146 658 1778 736; baseline 0 -19"><span class='ocrx_word' id='word_1_44' title='bbox 146 662 223 718; x_wconf 90' lang='lat' dir='ltr'>stare</span> <span class='ocrx_word' id='word_1_45' title='bbox 244 665 363 734; x_wconf 91' lang='lat' dir='ltr'>posset,</span> <span class='ocrx_word' id='word_1_46' title='bbox 379 660 539 736; x_wconf 73' lang='lat' dir='ltr'>&#39;respondit</span> <span class='ocrx_word' id='word_1_47' title='bbox 557 679 564 717; x_wconf 77' lang='grc' dir='ltr'><strong>ε</strong></span> <span class='ocrx_word' id='word_1_48' title='bbox 587 664 677 718; x_wconf 76' lang='lat' dir='ltr'>allon</span> <span class='ocrx_word' id='word_1_49' title='bbox 695 665 813 735; x_wconf 81' lang='lat' dir='ltr'>oportet</span> <span class='ocrx_word' id='word_1_50' title='bbox 835 676 940 735; x_wconf 88' lang='lat' dir='ltr'>quem·</span> <span class='ocrx_word' id='word_1_51' title='bbox 986 660 1145 733; x_wconf 77' lang='lat' dir='ltr'>u‘lcipsum</span> <span class='ocrx_word' id='word_1_52' title='bbox 1158 660 1361 734; x_wconf 79' lang='lat' dir='ltr'>reprehende,</span> <span class='ocrx_word' id='word_1_53' title='bbox 1375 660 1429 733; x_wconf 88' lang='lat' dir='ltr'>qui</span> <span class='ocrx_word' id='word_1_54' title='bbox 1440 658 1594 717; x_wconf 82' lang='lat' dir='ltr'>flammam</span> <span class='ocrx_word' id='word_1_55' title='bbox 1607 659 1640 716; x_wconf 88' lang='lat' dir='ltr'>in</span> <span class='ocrx_word' id='word_1_56' title='bbox 1652 658 1778 718; x_wconf 89' lang='lat' dir='ltr'>domum</span> 
     </span>
     <span class='ocr_line' id='line_1_6' title="bbox 145 741 1777 818; baseline -0.002 -15"><span class='ocrx_word' id='word_1_57' title='bbox 145 759 238 817; x_wconf 83' lang='lat' dir='ltr'>quam</span> <span class='ocrx_word' id='word_1_58' title='bbox 257 761 276 802; x_wconf 88' lang='lat' dir='ltr'>a</span> <span class='ocrx_word' id='word_1_59' title='bbox 296 744 416 805; x_wconf 83' lang='lat' dir='ltr'>Caesaris</span> <span class='ocrx_word' id='word_1_60' title='bbox 435 743 587 818; x_wconf 85' lang='lat' dir='ltr'>colloquio</span> <span class='ocrx_word' id='word_1_61' title='bbox 602 745 715 802; x_wconf 86' lang='lat' dir='ltr'>tristem</span> <span class='ocrx_word' id='word_1_62' title='bbox 736 744 936 803; x_wconf 75' lang='lat' dir='ltr'>abscedere.»</span> <span class='ocrx_word' id='word_1_63' title='bbox 983 741 1032 798; x_wconf 85' lang='lat' dir='ltr'>uei</span> <span class='ocrx_word' id='word_1_64' title='bbox 1049 743 1189 814; x_wconf 86' lang='lat' dir='ltr'>injecisti,</span> <span class='ocrx_word' id='word_1_65' title='bbox 1203 758 1266 801; x_wconf 89' lang='lat' dir='ltr'>uon</span> <span class='ocrx_word' id='word_1_66' title='bbox 1279 759 1343 813; x_wconf 90' lang='lat' dir='ltr'>me,</span> <span class='ocrx_word' id='word_1_67' title='bbox 1358 743 1412 816; x_wconf 89' lang='lat' dir='ltr'>qui</span> <span class='ocrx_word' id='word_1_68' title='bbox 1429 755 1565 815; x_wconf 86' lang='lat' dir='ltr'>egressus</span> <span class='ocrx_word' id='word_1_69' title='bbox 1580 759 1649 801; x_wconf 91' lang='lat' dir='ltr'>sum</span> <span class='ocrx_word' id='word_1_70' title='bbox 1662 745 1697 800; x_wconf 92' lang='lat' dir='ltr'>ut</span> <span class='ocrx_word' id='word_1_71' title='bbox 1710 759 1777 800; x_wconf 92' lang='lat' dir='ltr'>cam</span> 
     </span>
     <span class='ocr_line' id='line_1_7' title="bbox 145 825 1775 900; baseline 0.002 -18"><span class='ocrx_word' id='word_1_72' title='bbox 145 827 187 883; x_wconf 89' lang='lat' dir='ltr'>lta</span> <span class='ocrx_word' id='word_1_73' title='bbox 198 828 354 886; x_wconf 85' lang='lat' dir='ltr'>Suetonius</span> <span class='ocrx_word' id='word_1_74' title='bbox 365 829 397 885; x_wconf 90' lang='lat' dir='ltr'>in</span> <span class='ocrx_word' id='word_1_75' title='bbox 411 828 474 900; x_wconf 88' lang='lat' dir='ltr'>ejus</span> <span class='ocrx_word' id='word_1_76' title='bbox 484 828 557 885; x_wconf 82' lang='lat' dir='ltr'>Vita.</span> <span class='ocrx_word' id='word_1_77' title='bbox 982 825 1192 898; x_wconf 65' lang='lat' dir='ltr'>extinguam»</span> <span class='ocrx_word' id='word_1_78' title='bbox 1207 826 1290 884; x_wconf 90' lang='lat' dir='ltr'>testis</span> <span class='ocrx_word' id='word_1_79' title='bbox 1308 830 1352 883; x_wconf 87' lang='lat' dir='ltr'>est</span> <span class='ocrx_word' id='word_1_80' title='bbox 1367 827 1567 885; x_wconf 83' lang='lat' dir='ltr'>Theodoretus</span> <span class='ocrx_word' id='word_1_81' title='bbox 1580 826 1613 884; x_wconf 88' lang='lat' dir='ltr'>ia</span> <span class='ocrx_word' id='word_1_82' title='bbox 1628 828 1775 885; x_wconf 72' lang='lat' dir='ltr'>philotheo.</span> 
     </span>
     <span class='ocr_line' id='line_1_8' title="bbox 180 909 1778 986; baseline -0.001 -16"><span class='ocrx_word' id='word_1_83' title='bbox 180 913 344 970; x_wconf 76' lang='lat' dir='ltr'>Hadrianus</span> <span class='ocrx_word' id='word_1_84' title='bbox 367 913 541 986; x_wconf 89' lang='lat' dir='ltr'>imperator,</span> <span class='ocrx_word' id='word_1_85' title='bbox 564 912 637 969; x_wconf 87' lang='lat' dir='ltr'>teste</span> <span class='ocrx_word' id='word_1_86' title='bbox 661 910 772 983; x_wconf 85' lang='lat' dir='ltr'>Dione,</span> <span class='ocrx_word' id='word_1_87' title='bbox 792 911 824 969; x_wconf 91' lang='lat' dir='ltr'>in</span> <span class='ocrx_word' id='word_1_88' title='bbox 845 912 939 969; x_wconf 90' lang='lat' dir='ltr'>collo·</span> <span class='ocrx_word' id='word_1_89' title='bbox 989 909 1033 966; x_wconf 89' lang='lat' dir='ltr'>Sic</span> <span class='ocrx_word' id='word_1_90' title='bbox 1044 925 1112 967; x_wconf 89' lang='lat' dir='ltr'>acer</span> <span class='ocrx_word' id='word_1_91' title='bbox 1124 909 1319 968; x_wconf 85' lang='lat' dir='ltr'>inhaereticos</span> <span class='ocrx_word' id='word_1_92' title='bbox 1334 909 1390 967; x_wconf 87' lang='lat' dir='ltr'>luit</span> <span class='ocrx_word' id='word_1_93' title='bbox 1399 913 1427 967; x_wconf 90' lang='lat' dir='ltr'>S.</span> <span class='ocrx_word' id='word_1_94' title='bbox 1437 910 1686 984; x_wconf 87' lang='lat' dir='ltr'>llieronymus‚S.</span> <span class='ocrx_word' id='word_1_95' title='bbox 1702 911 1778 968; x_wconf 88' lang='lat' dir='ltr'>liila·</span> 
     </span>
     <span class='ocr_line' id='line_1_9' title="bbox 146 992 1406 1069; baseline 0 -18"><span class='ocrx_word' id='word_1_96' title='bbox 146 994 224 1069; x_wconf 89' lang='lat' dir='ltr'>quiis</span> <span class='ocrx_word' id='word_1_97' title='bbox 236 996 325 1052; x_wconf 85' lang='lat' dir='ltr'>etiarn</span> <span class='ocrx_word' id='word_1_98' title='bbox 334 996 571 1052; x_wconf 91' lang='lat' dir='ltr'>humillimorum</span> <span class='ocrx_word' id='word_1_99' title='bbox 584 996 659 1052; x_wconf 89' lang='lat' dir='ltr'>mire</span> <span class='ocrx_word' id='word_1_100' title='bbox 673 996 767 1052; x_wconf 92' lang='lat' dir='ltr'>civilis</span> <span class='ocrx_word' id='word_1_101' title='bbox 780 999 857 1065; x_wconf 88' lang='lat' dir='ltr'>erat,</span> <span class='ocrx_word' id='word_1_102' title='bbox 873 1011 937 1053; x_wconf 91' lang='lat' dir='ltr'>eos·</span> <span class='ocrx_word' id='word_1_103' title='bbox 987 992 1063 1063; x_wconf 86' lang='lat' dir='ltr'>rius,</span> <span class='ocrx_word' id='word_1_104' title='bbox 1077 996 1104 1051; x_wconf 91' lang='lat' dir='ltr'>S.</span> <span class='ocrx_word' id='word_1_105' title='bbox 1117 995 1291 1051; x_wconf 81' lang='lat' dir='ltr'>Athanasius</span> <span class='ocrx_word' id='word_1_106' title='bbox 1304 993 1406 1053; x_wconf 88' lang='lat' dir='ltr'>etalii.</span> 
     </span>
     <span class='ocr_line' id='line_1_10' title="bbox 146 1074 1998 1154; baseline -0.001 -18"><span class='ocrx_word' id='word_1_107' title='bbox 146 1096 205 1154; x_wconf 88' lang='lat' dir='ltr'>que</span> <span class='ocrx_word' id='word_1_108' title='bbox 226 1079 364 1136; x_wconf 90' lang='lat' dir='ltr'>detestari</span> <span class='ocrx_word' id='word_1_109' title='bbox 381 1080 511 1149; x_wconf 80' lang='lat' dir='ltr'>solebat,</span> <span class='ocrx_word' id='word_1_110' title='bbox 524 1079 577 1152; x_wconf 88' lang='lat' dir='ltr'>qui</span> <span class='ocrx_word' id='word_1_111' title='bbox 590 1079 668 1137; x_wconf 90' lang='lat' dir='ltr'>hano</span> <span class='ocrx_word' id='word_1_112' title='bbox 682 1079 872 1136; x_wconf 85' lang='lat' dir='ltr'>humanitatis</span> <span class='ocrx_word' id='word_1_113' title='bbox 885 1096 938 1137; x_wconf 93' lang='lat' dir='ltr'>vo·</span> <span class='ocrx_word' id='word_1_114' title='bbox 1023 1075 1131 1130; x_wconf 80' lang='lat' dir='ltr'>Tertius</span> <span class='ocrx_word' id='word_1_115' title='bbox 1145 1079 1188 1131; x_wconf 89' lang='lat' dir='ltr'>est</span> <span class='ocrx_word' id='word_1_116' title='bbox 1201 1074 1397 1148; x_wconf 84' lang='lat' dir='ltr'>amethystus,</span> <span class='ocrx_word' id='word_1_117' title='bbox 1411 1074 1645 1146; x_wconf 89' lang='lat' dir='ltr'>quipurpureus</span> <span class='ocrx_word' id='word_1_118' title='bbox 1657 1079 1715 1145; x_wconf 86' lang='lat' dir='ltr'>est,</span> <span class='ocrx_word' id='word_1_119' title='bbox 1728 1091 1778 1132; x_wconf 90' lang='lat' dir='ltr'>ro·</span> <span class='ocrx_word' id='word_1_120' title='bbox 1820 1079 1894 1134; x_wconf 67' lang='lat' dir='ltr'>uera,</span> <span class='ocrx_word' id='word_1_121' title='bbox 1993 1101 1998 1123; x_wconf 70' lang='grc' dir='ltr'><strong><em>ι</em></strong></span> 
     </span>
     <span class='ocr_line' id='line_1_11' title="bbox 145 1142 1893 1245; baseline -0.002 -25"><span class='ocrx_word' id='word_1_122' title='bbox 145 1162 289 1237; x_wconf 86' lang='lat' dir='ltr'>luptatcm</span> <span class='ocrx_word' id='word_1_123' title='bbox 311 1163 368 1236; x_wconf 90' lang='lat' dir='ltr'>ipsi</span> <span class='ocrx_word' id='word_1_124' title='bbox 389 1162 574 1231; x_wconf 84' lang='lat' dir='ltr'>inviderent,</span> <span class='ocrx_word' id='word_1_125' title='bbox 591 1163 653 1220; x_wconf 90' lang='lat' dir='ltr'>-hoc</span> <span class='ocrx_word' id='word_1_126' title='bbox 674 1166 835 1236; x_wconf 79' lang='lat' dir='ltr'>praetextu,</span> <span class='ocrx_word' id='word_1_127' title='bbox 855 1162 939 1235; x_wconf 87' lang='lat' dir='ltr'>quod</span> <span class='ocrx_word' id='word_1_128' title='bbox 981 1169 1049 1211; x_wconf 89' lang='lat' dir='ltr'>scus</span> <span class='ocrx_word' id='word_1_129' title='bbox 1067 1160 1096 1213; x_wconf 93' lang='lat' dir='ltr'>ct</span> <span class='ocrx_word' id='word_1_130' title='bbox 1119 1157 1285 1228; x_wconf 88' lang='lat' dir='ltr'>violaceus,</span> <span class='ocrx_word' id='word_1_131' title='bbox 1306 1157 1459 1233; x_wconf 90' lang='lat' dir='ltr'>sculptura</span> <span class='ocrx_word' id='word_1_132' title='bbox 1481 1157 1591 1228; x_wconf 85' lang='lat' dir='ltr'>facilis,</span> <span class='ocrx_word' id='word_1_133' title='bbox 1611 1158 1775 1232; x_wconf 86' lang='lat' dir='ltr'>leniterque</span> <span class='ocrx_word' id='word_1_134' title='bbox 1788 1142 1893 1245; x_wconf 50' lang='lat' dir='ltr'>ffiffihffg</span> 
     </span>
    </p>
   </div>
   <div class='ocr_carea' id='block_1_3' title="bbox 127 1235 1893 1330">
    <p class='ocr_par' dir='ltr' id='par_1_3' title="bbox 127 1235 1893 1330">
     <span class='ocr_line' id='line_1_12' title="bbox 127 1235 1893 1330; baseline -0.001 -27"><span class='ocrx_word' id='word_1_135' title='bbox 127 1246 277 1303; x_wconf 81' lang='lat' dir='ltr'>dicerent</span> <span class='ocrx_word' id='word_1_136' title='bbox 299 1245 442 1321; x_wconf 90' lang='lat' dir='ltr'>principis</span> <span class='ocrx_word' id='word_1_137' title='bbox 464 1247 654 1330; x_wconf 17' lang='lat' dir='ltr'>&#39;majestatem</span> <span class='ocrx_word' id='word_1_138' title='bbox 677 1246 791 1320; x_wconf 79' lang='lat' dir='ltr'>ubique</span> <span class='ocrx_word' id='word_1_139' title='bbox 819 1260 938 1302; x_wconf 90' lang='lat' dir='ltr'>servan·</span> <span class='ocrx_word' id='word_1_140' title='bbox 981 1235 1149 1296; x_wconf 73' lang='lat' dir='ltr'>flammulas</span> <span class='ocrx_word' id='word_1_141' title='bbox 1172 1239 1278 1296; x_wconf 77' lang='lat' dir='ltr'>fundit.</span> <span class='ocrx_word' id='word_1_142' title='bbox 1293 1239 1390 1296; x_wconf 83' lang='lat' dir='ltr'>Dictus</span> <span class='ocrx_word' id='word_1_143' title='bbox 1410 1244 1454 1297; x_wconf 80' lang='lat' dir='ltr'>est</span> <span class='ocrx_word' id='word_1_144' title='bbox 1475 1242 1657 1313; x_wconf 74' lang='lat' dir='ltr'>amethystus</span> <span class='ocrx_word' id='word_1_145' title='bbox 1675 1244 1722 1297; x_wconf 73' lang='lat' dir='ltr'>iai</span> <span class='ocrx_word' id='word_1_146' title='bbox 1735 1252 1775 1298; x_wconf 81' lang='grc' dir='ltr'>τοῦ</span> <span class='ocrx_word' id='word_1_147' title='bbox 1788 1261 1893 1310; x_wconf 60' lang='lat' dir='ltr'>nullia.</span> 
     </span>
    </p>
   </div>
   <div class='ocr_carea' id='block_1_4' title="bbox 146 1322 1971 1426">
    <p class='ocr_par' dir='ltr' id='par_1_4' title="bbox 146 1322 1971 1426">
     <span class='ocr_line' id='line_1_13' title="bbox 146 1322 1971 1426; baseline 0.005 -53"><span class='ocrx_word' id='word_1_148' title='bbox 146 1330 226 1387; x_wconf 68' lang='lat' dir='ltr'>dam,</span> <span class='ocrx_word' id='word_1_149' title='bbox 981 1322 1111 1391; x_wconf 64' lang='lat' dir='ltr'>paleati,</span> <span class='ocrx_word' id='word_1_150' title='bbox 1120 1322 1154 1379; x_wconf 91' lang='lat' dir='ltr'>id</span> <span class='ocrx_word' id='word_1_151' title='bbox 1166 1327 1210 1379; x_wconf 85' lang='lat' dir='ltr'>est</span> <span class='ocrx_word' id='word_1_152' title='bbox 1223 1322 1380 1391; x_wconf 83' lang='lat' dir='ltr'>inebriari,</span> <span class='ocrx_word' id='word_1_153' title='bbox 1390 1327 1420 1378; x_wconf 91' lang='lat' dir='ltr'>et</span> <span class='ocrx_word' id='word_1_154' title='bbox 1433 1343 1450 1375; x_wconf 78' lang='lat' dir='ltr'>e</span> <span class='ocrx_word' id='word_1_155' title='bbox 1462 1323 1625 1395; x_wconf 84' lang='lat' dir='ltr'>privativo,</span> <span class='ocrx_word' id='word_1_156' title='bbox 1640 1341 1677 1381; x_wconf 88' lang='lat' dir='ltr'>eo</span> <span class='ocrx_word' id='word_1_157' title='bbox 1691 1328 1775 1398; x_wconf 90' lang='lat' dir='ltr'>quod</span> <span class='ocrx_word' id='word_1_158' title='bbox 1788 1324 1893 1426; x_wconf 33' lang='lat' dir='ltr'>{limfa-¹¹¹2:</span> <span class='ocrx_word' id='word_1_159' title='bbox 1966 1378 1971 1388; x_wconf 87' lang='grc'><em>,</em></span> 
     </span>
    </p>
   </div>
   <div class='ocr_carea' id='block_1_5' title="bbox 22 1405 1878 2572">
    <p class='ocr_par' dir='ltr' id='par_1_5' title="bbox 144 1405 1878 1735">
     <span class='ocr_line' id='line_1_14' title="bbox 179 1405 1856 1487; baseline 0 -22"><span class='ocrx_word' id='word_1_160' title='bbox 179 1408 293 1466; x_wconf 82' lang='lat' dir='ltr'>illustre</span> <span class='ocrx_word' id='word_1_161' title='bbox 317 1408 361 1465; x_wconf 90' lang='lat' dir='ltr'>est</span> <span class='ocrx_word' id='word_1_162' title='bbox 382 1407 554 1482; x_wconf 83' lang='lat' dir='ltr'>exemplum</span> <span class='ocrx_word' id='word_1_163' title='bbox 571 1407 725 1478; x_wconf 81' lang='lat' dir='ltr'>Religiosi‚</span> <span class='ocrx_word' id='word_1_164' title='bbox 744 1407 797 1481; x_wconf 86' lang='lat' dir='ltr'>qui</span> <span class='ocrx_word' id='word_1_165' title='bbox 818 1407 939 1463; x_wconf 82' lang='lat' dir='ltr'>tratrem</span> <span class='ocrx_word' id='word_1_166' title='bbox 981 1419 1044 1461; x_wconf 95' lang='lat' dir='ltr'>non</span> <span class='ocrx_word' id='word_1_167' title='bbox 1060 1405 1233 1477; x_wconf 90' lang='lat' dir='ltr'>inebrietur,</span> <span class='ocrx_word' id='word_1_168' title='bbox 1245 1407 1276 1463; x_wconf 94' lang='lat' dir='ltr'>id</span> <span class='ocrx_word' id='word_1_169' title='bbox 1290 1409 1334 1462; x_wconf 89' lang='lat' dir='ltr'>est</span> <span class='ocrx_word' id='word_1_170' title='bbox 1350 1406 1413 1462; x_wconf 91' lang='lat' dir='ltr'>vini</span> <span class='ocrx_word' id='word_1_171' title='bbox 1432 1406 1564 1463; x_wconf 90' lang='lat' dir='ltr'>colorem</span> <span class='ocrx_word' id='word_1_172' title='bbox 1582 1423 1644 1464; x_wconf 92' lang='lat' dir='ltr'>non</span> <span class='ocrx_word' id='word_1_173' title='bbox 1663 1408 1775 1479; x_wconf 85' lang='lat' dir='ltr'>integre</span> <span class='ocrx_word' id='word_1_174' title='bbox 1789 1446 1856 1487; x_wconf 41' lang='lat' dir='ltr'>mm,</span> 
     </span>
     <span class='ocr_line' id='line_1_15' title="bbox 145 1488 1777 1567; baseline -0.001 -16"><span class='ocrx_word' id='word_1_175' title='bbox 145 1493 349 1564; x_wconf 85' lang='lat' dir='ltr'>divagantcm,</span> <span class='ocrx_word' id='word_1_176' title='bbox 360 1496 389 1549; x_wconf 92' lang='lat' dir='ltr'>et</span> <span class='ocrx_word' id='word_1_177' title='bbox 401 1491 433 1549; x_wconf 89' lang='lat' dir='ltr'>in</span> <span class='ocrx_word' id='word_1_178' title='bbox 446 1491 626 1567; x_wconf 89' lang='lat' dir='ltr'>apostasium</span> <span class='ocrx_word' id='word_1_179' title='bbox 639 1492 804 1566; x_wconf 83' lang='lat' dir='ltr'>proclivem</span> <span class='ocrx_word' id='word_1_180' title='bbox 817 1507 871 1548; x_wconf 87' lang='lat' dir='ltr'>suo</span> <span class='ocrx_word' id='word_1_181' title='bbox 885 1492 940 1549; x_wconf 91' lang='lat' dir='ltr'>ob·</span> <span class='ocrx_word' id='word_1_182' title='bbox 981 1488 1115 1562; x_wconf 88' lang='lat' dir='ltr'>accipiat,</span> <span class='ocrx_word' id='word_1_183' title='bbox 1125 1493 1176 1547; x_wconf 88' lang='lat' dir='ltr'>aut</span> <span class='ocrx_word' id='word_1_184' title='bbox 1184 1491 1270 1563; x_wconf 92' lang='lat' dir='ltr'>quod</span> <span class='ocrx_word' id='word_1_185' title='bbox 1282 1489 1416 1547; x_wconf 87' lang='lat' dir='ltr'>ebrietati</span> <span class='ocrx_word' id='word_1_186' title='bbox 1428 1489 1564 1547; x_wconf 89' lang='lat' dir='ltr'>resistere</span> <span class='ocrx_word' id='word_1_187' title='bbox 1577 1492 1722 1548; x_wconf 88' lang='lat' dir='ltr'>credatur.</span> <span class='ocrx_word' id='word_1_188' title='bbox 1736 1496 1777 1550; x_wconf 88' lang='lat' dir='ltr'>lta</span> 
     </span>
     <span class='ocr_line' id='line_1_16' title="bbox 145 1572 1778 1652; baseline 0.001 -19"><span class='ocrx_word' id='word_1_189' title='bbox 145 1578 249 1652; x_wconf 81' lang='lat' dir='ltr'>sequte</span> <span class='ocrx_word' id='word_1_190' title='bbox 272 1575 464 1633; x_wconf 83' lang='lat' dir='ltr'>etsuavitate</span> <span class='ocrx_word' id='word_1_191' title='bbox 489 1575 632 1646; x_wconf 84' lang='lat' dir='ltr'>servavit,</span> <span class='ocrx_word' id='word_1_192' title='bbox 651 1574 683 1632; x_wconf 91' lang='lat' dir='ltr'>in</span> <span class='ocrx_word' id='word_1_193' title='bbox 711 1577 787 1632; x_wconf 84' lang='lat' dir='ltr'>Vitis</span> <span class='ocrx_word' id='word_1_194' title='bbox 808 1577 934 1640; x_wconf 79' lang='lat' dir='ltr'>Petrum,</span> <span class='ocrx_word' id='word_1_195' title='bbox 981 1572 1111 1630; x_wconf 83' lang='lat' dir='ltr'>Isidorus</span> <span class='ocrx_word' id='word_1_196' title='bbox 1131 1577 1160 1630; x_wconf 93' lang='lat' dir='ltr'>et</span> <span class='ocrx_word' id='word_1_197' title='bbox 1182 1573 1301 1631; x_wconf 88' lang='lat' dir='ltr'>Plinius.</span> <span class='ocrx_word' id='word_1_198' title='bbox 1318 1573 1418 1630; x_wconf 81' lang='lat' dir='ltr'>niffert</span> <span class='ocrx_word' id='word_1_199' title='bbox 1438 1573 1477 1630; x_wconf 87' lang='lat' dir='ltr'>ab</span> <span class='ocrx_word' id='word_1_200' title='bbox 1498 1574 1674 1646; x_wconf 88' lang='lat' dir='ltr'>hyacintho,</span> <span class='ocrx_word' id='word_1_201' title='bbox 1693 1579 1778 1649; x_wconf 86' lang='lat' dir='ltr'>quod</span> 
     </span>
     <span class='ocr_line' id='line_1_17' title="bbox 144 1654 1878 1735; baseline -0.001 -18"><span class='ocrx_word' id='word_1_202' title='bbox 144 1660 196 1718; x_wconf 92' lang='lat' dir='ltr'>lib.</span> <span class='ocrx_word' id='word_1_203' title='bbox 209 1663 244 1732; x_wconf 78' lang='lat' dir='ltr'>t,</span> <span class='ocrx_word' id='word_1_204' title='bbox 257 1677 322 1735; x_wconf 90' lang='lat' dir='ltr'>cap.</span> <span class='ocrx_word' id='word_1_205' title='bbox 335 1676 365 1731; x_wconf 89' lang='lat' dir='ltr'>v,</span> <span class='ocrx_word' id='word_1_206' title='bbox 379 1675 462 1718; x_wconf 90' lang='lat' dir='ltr'>num.</span> <span class='ocrx_word' id='word_1_207' title='bbox 477 1662 523 1718; x_wconf 69' lang='lat'>28.</span> <span class='ocrx_word' id='word_1_208' title='bbox 981 1654 1080 1728; x_wconf 88' lang='lat' dir='ltr'>fulgor</span> <span class='ocrx_word' id='word_1_209' title='bbox 1090 1657 1241 1715; x_wconf 89' lang='lat' dir='ltr'>violaceus</span> <span class='ocrx_word' id='word_1_210' title='bbox 1255 1657 1287 1714; x_wconf 87' lang='lat' dir='ltr'>in</span> <span class='ocrx_word' id='word_1_211' title='bbox 1297 1657 1457 1731; x_wconf 89' lang='lat' dir='ltr'>hyacintho</span> <span class='ocrx_word' id='word_1_212' title='bbox 1466 1657 1504 1713; x_wconf 89' lang='lat' dir='ltr'>sit</span> <span class='ocrx_word' id='word_1_213' title='bbox 1517 1657 1640 1727; x_wconf 79' lang='lat' dir='ltr'>duatus,</span> <span class='ocrx_word' id='word_1_214' title='bbox 1650 1658 1681 1714; x_wconf 92' lang='lat' dir='ltr'>in</span> <span class='ocrx_word' id='word_1_215' title='bbox 1695 1677 1777 1716; x_wconf 79' lang='lat' dir='ltr'>auro·</span> <span class='ocrx_word' id='word_1_216' title='bbox 1875 1676 1878 1680; x_wconf 54' lang='lat'><strong><em>⁴</em></strong></span> 
     </span>
    </p>

    <p class='ocr_par' dir='ltr' id='par_1_6' title="bbox 142 1740 1780 2404">
     <span class='ocr_line' id='line_1_18' title="bbox 179 1740 1779 1819; baseline 0 -17"><span class='ocrx_word' id='word_1_217' title='bbox 179 1747 200 1802; x_wconf 84' lang='lat' dir='ltr'><strong>E</strong></span> <span class='ocrx_word' id='word_1_218' title='bbox 221 1748 325 1803; x_wconf 87' lang='lat' dir='ltr'>contra</span> <span class='ocrx_word' id='word_1_219' title='bbox 340 1744 498 1818; x_wconf 85' lang='lat' dir='ltr'>bionysius</span> <span class='ocrx_word' id='word_1_220' title='bbox 517 1748 662 1819; x_wconf 90' lang='lat' dir='ltr'>tyrannus</span> <span class='ocrx_word' id='word_1_221' title='bbox 679 1743 719 1801; x_wconf 89' lang='lat' dir='ltr'>ab</span> <span class='ocrx_word' id='word_1_222' title='bbox 735 1742 881 1817; x_wconf 75' lang='lat' dir='ltr'>aristippo</span> <span class='ocrx_word' id='word_1_223' title='bbox 895 1743 939 1799; x_wconf 91' lang='lat' dir='ltr'>in·</span> <span class='ocrx_word' id='word_1_224' title='bbox 981 1740 1081 1814; x_wconf 90' lang='lat' dir='ltr'>thysto</span> <span class='ocrx_word' id='word_1_225' title='bbox 1094 1758 1165 1800; x_wconf 91' lang='lat' dir='ltr'>vero</span> <span class='ocrx_word' id='word_1_226' title='bbox 1179 1743 1216 1800; x_wconf 92' lang='lat' dir='ltr'>sit</span> <span class='ocrx_word' id='word_1_227' title='bbox 1229 1743 1357 1813; x_wconf 90' lang='lat' dir='ltr'>micans,</span> <span class='ocrx_word' id='word_1_228' title='bbox 1370 1742 1411 1798; x_wconf 90' lang='lat' dir='ltr'>ait</span> <span class='ocrx_word' id='word_1_229' title='bbox 1427 1741 1551 1811; x_wconf 84' lang='lat' dir='ltr'>Plinius,</span> <span class='ocrx_word' id='word_1_230' title='bbox 1563 1743 1641 1799; x_wconf 91' lang='lat' dir='ltr'>libro</span> <span class='ocrx_word' id='word_1_231' title='bbox 1651 1748 1760 1802; x_wconf 78' lang='lat' dir='ltr'>lillt&#39;ll</span> <span class='ocrx_word' id='word_1_232' title='bbox 1768 1788 1779 1817; x_wconf 97' lang='lat'>,</span> 
     </span>
     <span class='ocr_line' id='line_1_19' title="bbox 144 1824 1780 1903; baseline 0.002 -19"><span class='ocrx_word' id='word_1_233' title='bbox 144 1827 316 1903; x_wconf 90' lang='lat' dir='ltr'>terpellatus</span> <span class='ocrx_word' id='word_1_234' title='bbox 328 1843 383 1902; x_wconf 90' lang='lat' dir='ltr'>pro</span> <span class='ocrx_word' id='word_1_235' title='bbox 396 1828 506 1898; x_wconf 88' lang='lat' dir='ltr'>arnico,</span> <span class='ocrx_word' id='word_1_236' title='bbox 518 1843 622 1902; x_wconf 83' lang='lat' dir='ltr'>preces</span> <span class='ocrx_word' id='word_1_237' title='bbox 636 1843 697 1883; x_wconf 91' lang='lat' dir='ltr'>non</span> <span class='ocrx_word' id='word_1_238' title='bbox 710 1827 829 1884; x_wconf 90' lang='lat' dir='ltr'>admisit</span> <span class='ocrx_word' id='word_1_239' title='bbox 843 1845 850 1883; x_wconf 93' lang='lat'><strong>:</strong></span> <span class='ocrx_word' id='word_1_240' title='bbox 865 1827 940 1884; x_wconf 80' lang='lat' dir='ltr'>Aris·</span> <span class='ocrx_word' id='word_1_241' title='bbox 981 1826 1076 1898; x_wconf 89' lang='lat' dir='ltr'>capite</span> <span class='ocrx_word' id='word_1_242' title='bbox 1091 1841 1129 1882; x_wconf 85' lang='lat' dir='ltr'>rx.</span> <span class='ocrx_word' id='word_1_243' title='bbox 1146 1827 1335 1900; x_wconf 66' lang='lat' dir='ltr'>amethystus</span> <span class='ocrx_word' id='word_1_244' title='bbox 1350 1824 1486 1897; x_wconf 90' lang='lat' dir='ltr'>congruit</span> <span class='ocrx_word' id='word_1_245' title='bbox 1503 1826 1651 1896; x_wconf 84' lang='lat' dir='ltr'>Zabulon,</span> <span class='ocrx_word' id='word_1_246' title='bbox 1666 1840 1702 1884; x_wconf 86' lang='lat' dir='ltr'>ex</span> <span class='ocrx_word' id='word_1_247' title='bbox 1716 1826 1780 1900; x_wconf 83' lang='lat' dir='ltr'>quo&#39;</span> 
     </span>
     <span class='ocr_line' id='line_1_20' title="bbox 144 1911 1779 1987; baseline 0.002 -19"><span class='ocrx_word' id='word_1_248' title='bbox 144 1911 243 1987; x_wconf 88' lang='lat' dir='ltr'>lippus</span> <span class='ocrx_word' id='word_1_249' title='bbox 260 1916 424 1987; x_wconf 87' lang='lat' dir='ltr'>prostratus</span> <span class='ocrx_word' id='word_1_250' title='bbox 442 1912 529 1985; x_wconf 83' lang='lat' dir='ltr'>coepit</span> <span class='ocrx_word' id='word_1_251' title='bbox 548 1913 686 1986; x_wconf 89' lang='lat' dir='ltr'>amplecti</span> <span class='ocrx_word' id='word_1_252' title='bbox 702 1911 795 1985; x_wconf 88' lang='lat' dir='ltr'>pedes</span> <span class='ocrx_word' id='word_1_253' title='bbox 813 1911 891 1983; x_wconf 90' lang='lat' dir='ltr'>regis</span> <span class='ocrx_word' id='word_1_254' title='bbox 911 1915 940 1969; x_wconf 92' lang='lat' dir='ltr'>et</span> <span class='ocrx_word' id='word_1_255' title='bbox 981 1911 1118 1969; x_wconf 93' lang='lat' dir='ltr'>nonnulli</span> <span class='ocrx_word' id='word_1_256' title='bbox 1127 1913 1260 1985; x_wconf 81' lang='lat' dir='ltr'>Apostoli</span> <span class='ocrx_word' id='word_1_257' title='bbox 1270 1912 1410 1986; x_wconf 88' lang='lat' dir='ltr'>prognati</span> <span class='ocrx_word' id='word_1_258' title='bbox 1422 1914 1502 1982; x_wconf 89' lang='lat' dir='ltr'>sunt,</span> <span class='ocrx_word' id='word_1_259' title='bbox 1516 1912 1625 1969; x_wconf 85' lang='lat' dir='ltr'>coelesti</span> <span class='ocrx_word' id='word_1_260' title='bbox 1636 1914 1779 1972; x_wconf 70' lang='lat' dir='ltr'>virtmum</span> 
     </span>
     <span class='ocr_line' id='line_1_21' title="bbox 144 1995 1313 2071; baseline 0.002 -19"><span class='ocrx_word' id='word_1_261' title='bbox 144 1996 321 2070; x_wconf 77' lang='lat' dir='ltr'>impetravit,</span> <span class='ocrx_word' id='word_1_262' title='bbox 336 1997 368 2054; x_wconf 90' lang='lat' dir='ltr'>ld</span> <span class='ocrx_word' id='word_1_263' title='bbox 382 1996 492 2052; x_wconf 88' lang='lat' dir='ltr'>iactum</span> <span class='ocrx_word' id='word_1_264' title='bbox 512 2013 581 2052; x_wconf 89' lang='lat' dir='ltr'>cum</span> <span class='ocrx_word' id='word_1_265' title='bbox 599 1995 724 2071; x_wconf 84' lang='lat' dir='ltr'>quidam</span> <span class='ocrx_word' id='word_1_266' title='bbox 741 1995 823 2052; x_wconf 93' lang='lat' dir='ltr'>velut</span> <span class='ocrx_word' id='word_1_267' title='bbox 840 1995 938 2068; x_wconf 89' lang='lat' dir='ltr'>abjec·</span> <span class='ocrx_word' id='word_1_268' title='bbox 981 1995 1140 2071; x_wconf 89' lang='lat' dir='ltr'>splendore</span> <span class='ocrx_word' id='word_1_269' title='bbox 1153 1999 1313 2055; x_wconf 87' lang='lat' dir='ltr'>radiantes.</span> 
     </span>
     <span class='ocr_line' id='line_1_22' title="bbox 143 2075 1780 2154; baseline 0.001 -20"><span class='ocrx_word' id='word_1_270' title='bbox 143 2078 216 2149; x_wconf 91' lang='lat' dir='ltr'>tius,</span> <span class='ocrx_word' id='word_1_271' title='bbox 229 2095 322 2154; x_wconf 86' lang='lat' dir='ltr'>quam</span> <span class='ocrx_word' id='word_1_272' title='bbox 332 2083 365 2136; x_wconf 91' lang='lat' dir='ltr'>ut</span> <span class='ocrx_word' id='word_1_273' title='bbox 377 2079 590 2153; x_wconf 87' lang='lat' dir='ltr'>philosophum</span> <span class='ocrx_word' id='word_1_274' title='bbox 604 2080 732 2150; x_wconf 89' lang='lat' dir='ltr'>deceret,</span> <span class='ocrx_word' id='word_1_275' title='bbox 741 2080 939 2153; x_wconf 90' lang='lat' dir='ltr'>reprehende·</span> <span class='ocrx_word' id='word_1_276' title='bbox 1015 2075 1229 2150; x_wconf 82' lang='lat' dir='ltr'>lropoiogice,</span> <span class='ocrx_word' id='word_1_277' title='bbox 1254 2077 1438 2150; x_wconf 81' lang='lat' dir='ltr'>amethystus</span> <span class='ocrx_word' id='word_1_278' title='bbox 1464 2076 1610 2146; x_wconf 86' lang='lat' dir='ltr'>significat</span> <span class='ocrx_word' id='word_1_279' title='bbox 1631 2079 1780 2138; x_wconf 87' lang='lat' dir='ltr'>humilita-</span> 
     </span>
     <span class='ocr_line' id='line_1_23' title="bbox 143 2160 1780 2239; baseline 0 -20"><span class='ocrx_word' id='word_1_280' title='bbox 143 2166 207 2220; x_wconf 91' lang='lat' dir='ltr'>ret:</span> <span class='ocrx_word' id='word_1_281' title='bbox 225 2166 313 2221; x_wconf 82' lang='lat' dir='ltr'>«Non</span> <span class='ocrx_word' id='word_1_282' title='bbox 327 2179 404 2239; x_wconf 89' lang='lat' dir='ltr'>ego,</span> <span class='ocrx_word' id='word_1_283' title='bbox 420 2164 474 2234; x_wconf 88' lang='lat' dir='ltr'>ait,</span> <span class='ocrx_word' id='word_1_284' title='bbox 487 2163 542 2220; x_wconf 92' lang='lat' dir='ltr'>sed</span> <span class='ocrx_word' id='word_1_285' title='bbox 555 2164 712 2238; x_wconf 84' lang='lat' dir='ltr'>Dionysius</span> <span class='ocrx_word' id='word_1_286' title='bbox 724 2167 770 2221; x_wconf 88' lang='lat' dir='ltr'>est</span> <span class='ocrx_word' id='word_1_287' title='bbox 788 2165 821 2221; x_wconf 87' lang='lat' dir='ltr'>in</span> <span class='ocrx_word' id='word_1_288' title='bbox 835 2165 938 2237; x_wconf 86' lang='lat' dir='ltr'>culpa,</span> <span class='ocrx_word' id='word_1_289' title='bbox 980 2162 1060 2216; x_wconf 90' lang='lat' dir='ltr'>tem:</span> <span class='ocrx_word' id='word_1_290' title='bbox 1074 2161 1155 2216; x_wconf 90' lang='lat' dir='ltr'>unde</span> <span class='ocrx_word' id='word_1_291' title='bbox 1166 2160 1197 2216; x_wconf 90' lang='lat' dir='ltr'>in</span> <span class='ocrx_word' id='word_1_292' title='bbox 1210 2163 1324 2231; x_wconf 73' lang='lat' dir='ltr'>apocal.</span> <span class='ocrx_word' id='word_1_293' title='bbox 1338 2161 1426 2217; x_wconf 86' lang='lat' dir='ltr'>datur</span> <span class='ocrx_word' id='word_1_294' title='bbox 1437 2160 1577 2230; x_wconf 81' lang='lat' dir='ltr'>Matthiae,</span> <span class='ocrx_word' id='word_1_295' title='bbox 1590 2161 1643 2234; x_wconf 90' lang='lat' dir='ltr'>qui</span> <span class='ocrx_word' id='word_1_296' title='bbox 1657 2163 1780 2220; x_wconf 86' lang='lat' dir='ltr'>nomine</span> 
     </span>
     <span class='ocr_line' id='line_1_24' title="bbox 143 2242 1779 2320; baseline 0.001 -18"><span class='ocrx_word' id='word_1_297' title='bbox 143 2246 196 2319; x_wconf 84' lang='lat' dir='ltr'>qui</span> <span class='ocrx_word' id='word_1_298' title='bbox 210 2262 296 2303; x_wconf 88' lang='lat' dir='ltr'>aures</span> <span class='ocrx_word' id='word_1_299' title='bbox 307 2247 398 2304; x_wconf 90' lang='lat' dir='ltr'>hahet</span> <span class='ocrx_word' id='word_1_300' title='bbox 411 2245 443 2303; x_wconf 91' lang='lat' dir='ltr'>in</span> <span class='ocrx_word' id='word_1_301' title='bbox 456 2247 628 2320; x_wconf 79' lang='lat' dir='ltr'>pedibus3»</span> <span class='ocrx_word' id='word_1_302' title='bbox 644 2247 725 2304; x_wconf 91' lang='lat' dir='ltr'>testis</span> <span class='ocrx_word' id='word_1_303' title='bbox 743 2251 787 2304; x_wconf 91' lang='lat' dir='ltr'>est</span> <span class='ocrx_word' id='word_1_304' title='bbox 797 2248 938 2319; x_wconf 88' lang='lat' dir='ltr'>Laertius,</span> <span class='ocrx_word' id='word_1_305' title='bbox 983 2243 1123 2314; x_wconf 79' lang='lat' dir='ltr'>(Matthias</span> <span class='ocrx_word' id='word_1_306' title='bbox 1132 2242 1511 2316; x_wconf 84' lang='lat' dir='ltr'>enimsignittcathebraice</span> <span class='ocrx_word' id='word_1_307' title='bbox 1521 2245 1634 2300; x_wconf 87' lang='lat' dir='ltr'>donmn</span> <span class='ocrx_word' id='word_1_308' title='bbox 1643 2245 1701 2314; x_wconf 83' lang='lat' dir='ltr'>boi)</span> <span class='ocrx_word' id='word_1_309' title='bbox 1711 2246 1779 2304; x_wconf 86' lang='lat' dir='ltr'>etin</span> 
     </span>
     <span class='ocr_line' id='line_1_25' title="bbox 142 2327 1780 2404; baseline 0 -18"><span class='ocrx_word' id='word_1_310' title='bbox 142 2329 197 2386; x_wconf 89' lang='lat' dir='ltr'>lib.</span> <span class='ocrx_word' id='word_1_311' title='bbox 212 2331 255 2399; x_wconf 93' lang='lat' dir='ltr'>il,</span> <span class='ocrx_word' id='word_1_312' title='bbox 270 2346 336 2404; x_wconf 88' lang='lat' dir='ltr'>cap.</span> <span class='ocrx_word' id='word_1_313' title='bbox 353 2345 415 2387; x_wconf 86' lang='lat' dir='ltr'>vm.</span> <span class='ocrx_word' id='word_1_314' title='bbox 982 2327 1076 2383; x_wconf 90' lang='lat' dir='ltr'>oculis</span> <span class='ocrx_word' id='word_1_315' title='bbox 1089 2327 1149 2384; x_wconf 89' lang='lat' dir='ltr'>suis</span> <span class='ocrx_word' id='word_1_316' title='bbox 1162 2343 1285 2401; x_wconf 85' lang='lat' dir='ltr'>parvus,</span> <span class='ocrx_word' id='word_1_317' title='bbox 1295 2341 1453 2402; x_wconf 83' lang='lat' dir='ltr'>nunquam</span> <span class='ocrx_word' id='word_1_318' title='bbox 1466 2328 1605 2400; x_wconf 89' lang='lat' dir='ltr'>superbia</span> <span class='ocrx_word' id='word_1_319' title='bbox 1616 2329 1780 2386; x_wconf 80' lang='lat' dir='ltr'>inebriatus</span> 
     </span>
    </p>

    <p class='ocr_par' dir='ltr' id='par_1_7' title="bbox 22 2409 1779 2489">
     <span class='ocr_line' id='line_1_26' title="bbox 22 2409 1779 2489; baseline 0.004 -24"><span class='ocrx_word' id='word_1_320' title='bbox 22 2420 123 2470; x_wconf 64' lang='lat' dir='ltr'>ecura</span> <span class='ocrx_word' id='word_1_321' title='bbox 177 2414 315 2470; x_wconf 76' lang='lat' dir='ltr'>Secundus</span> <span class='ocrx_word' id='word_1_322' title='bbox 333 2417 378 2470; x_wconf 90' lang='lat' dir='ltr'>est</span> <span class='ocrx_word' id='word_1_323' title='bbox 396 2413 529 2483; x_wconf 78' lang='lat' dir='ltr'>achatcS,</span> <span class='ocrx_word' id='word_1_324' title='bbox 543 2414 585 2470; x_wconf 92' lang='lat' dir='ltr'>ita</span> <span class='ocrx_word' id='word_1_325' title='bbox 599 2413 694 2472; x_wconf 82' lang='lat' dir='ltr'>dichrs</span> <span class='ocrx_word' id='word_1_326' title='bbox 708 2413 747 2472; x_wconf 88' lang='lat' dir='ltr'>ab</span> <span class='ocrx_word' id='word_1_327' title='bbox 760 2415 867 2472; x_wconf 86' lang='lat' dir='ltr'>lichate</span> <span class='ocrx_word' id='word_1_328' title='bbox 881 2413 938 2471; x_wconf 91' lang='lat' dir='ltr'>ilu-</span> <span class='ocrx_word' id='word_1_329' title='bbox 981 2409 1036 2467; x_wconf 87' lang='lat' dir='ltr'>tuit</span> <span class='ocrx_word' id='word_1_330' title='bbox 1051 2429 1058 2466; x_wconf 93' lang='lat'><strong>:</strong></span> <span class='ocrx_word' id='word_1_331' title='bbox 1073 2411 1142 2468; x_wconf 88' lang='lat' dir='ltr'>hinc</span> <span class='ocrx_word' id='word_1_332' title='bbox 1160 2413 1263 2469; x_wconf 91' lang='lat' dir='ltr'>divina</span> <span class='ocrx_word' id='word_1_333' title='bbox 1278 2417 1358 2470; x_wconf 89' lang='lat' dir='ltr'>sorte</span> <span class='ocrx_word' id='word_1_334' title='bbox 1376 2418 1406 2471; x_wconf 87' lang='lat' dir='ltr'>et</span> <span class='ocrx_word' id='word_1_335' title='bbox 1423 2415 1595 2483; x_wconf 88' lang='lat' dir='ltr'>vocatione,</span> <span class='ocrx_word' id='word_1_336' title='bbox 1608 2413 1640 2470; x_wconf 92' lang='lat' dir='ltr'>in</span> <span class='ocrx_word' id='word_1_337' title='bbox 1656 2419 1779 2489; x_wconf 73' lang='lat' dir='ltr'>eposio«</span> 
     </span>
    </p>

    <p class='ocr_par' dir='ltr' id='par_1_8' title="bbox 31 2482 1622 2572">
     <span class='ocr_line' id='line_1_27' title="bbox 31 2482 1622 2572; baseline -0.001 -18"><span class='ocrx_word' id='word_1_338' title='bbox 31 2482 122 2527; x_wconf 51' lang='grc' dir='ltr'>’Μ</span> <span class='ocrx_word' id='word_1_339' title='bbox 143 2498 193 2554; x_wconf 90' lang='lat' dir='ltr'>vio</span> <span class='ocrx_word' id='word_1_340' title='bbox 211 2494 330 2565; x_wconf 77' lang='lat' dir='ltr'>Sicilire,</span> <span class='ocrx_word' id='word_1_341' title='bbox 342 2496 427 2568; x_wconf 76' lang='lat' dir='ltr'>juxta</span> <span class='ocrx_word' id='word_1_342' title='bbox 444 2495 648 2570; x_wconf 86' lang='lat' dir='ltr'>quamprimo</span> <span class='ocrx_word' id='word_1_343' title='bbox 667 2501 711 2553; x_wconf 86' lang='lat' dir='ltr'>est</span> <span class='ocrx_word' id='word_1_344' title='bbox 728 2501 883 2572; x_wconf 88' lang='lat' dir='ltr'>repertus,</span> <span class='ocrx_word' id='word_1_345' title='bbox 898 2497 939 2555; x_wconf 90' lang='lat' dir='ltr'>ait</span> <span class='ocrx_word' id='word_1_346' title='bbox 980 2495 1045 2552; x_wconf 94' lang='lat' dir='ltr'>lum</span> <span class='ocrx_word' id='word_1_347' title='bbox 1058 2495 1126 2553; x_wconf 89' lang='lat' dir='ltr'>loco</span> <span class='ocrx_word' id='word_1_348' title='bbox 1141 2498 1223 2554; x_wconf 81' lang='lat' dir='ltr'>ludae</span> <span class='ocrx_word' id='word_1_349' title='bbox 1237 2499 1363 2566; x_wconf 89' lang='lat' dir='ltr'>eiectus,</span> <span class='ocrx_word' id='word_1_350' title='bbox 1379 2513 1507 2571; x_wconf 88' lang='lat' dir='ltr'>magnus</span> <span class='ocrx_word' id='word_1_351' title='bbox 1521 2499 1622 2555; x_wconf 89' lang='lat' dir='ltr'>evasit.</span> 
     </span>
    </p>
   </div>
   <div class='ocr_carea' id='block_1_6' title="bbox 15 2545 1895 2656">
    <p class='ocr_par' dir='ltr' id='par_1_9' title="bbox 15 2545 1895 2656">
     <span class='ocr_line' id='line_1_28' title="bbox 15 2545 1895 2656; baseline 0.003 -18"><span class='ocrx_word' id='word_1_352' title='bbox 15 2545 131 2652; x_wconf 45' lang='grc' dir='ltr'>ἶῗξῃιῗξ</span> <span class='ocrx_word' id='word_1_353' title='bbox 145 2581 274 2652; x_wconf 82' lang='lat' dir='ltr'>Plinius3</span> <span class='ocrx_word' id='word_1_354' title='bbox 287 2584 353 2651; x_wconf 90' lang='lat' dir='ltr'>aut,</span> <span class='ocrx_word' id='word_1_355' title='bbox 368 2584 401 2637; x_wconf 94' lang='lat' dir='ltr'>ut</span> <span class='ocrx_word' id='word_1_356' title='bbox 413 2579 480 2650; x_wconf 89' lang='lat' dir='ltr'>alii,</span> <span class='ocrx_word' id='word_1_357' title='bbox 493 2578 587 2637; x_wconf 87' lang='lat' dir='ltr'>dictus</span> <span class='ocrx_word' id='word_1_358' title='bbox 604 2583 648 2637; x_wconf 91' lang='lat' dir='ltr'>est</span> <span class='ocrx_word' id='word_1_359' title='bbox 665 2581 770 2651; x_wconf 71' lang='grc' dir='ltr'>ἀχάτης,</span> <span class='ocrx_word' id='word_1_360' title='bbox 785 2580 818 2638; x_wconf 90' lang='lat' dir='ltr'>id</span> <span class='ocrx_word' id='word_1_361' title='bbox 831 2584 875 2638; x_wconf 88' lang='lat' dir='ltr'>est</span> <span class='ocrx_word' id='word_1_362' title='bbox 888 2597 937 2638; x_wconf 93' lang='lat' dir='ltr'>so·</span> <span class='ocrx_word' id='word_1_363' title='bbox 1015 2581 1212 2652; x_wconf 89' lang='lat' dir='ltr'>interrogalus</span> <span class='ocrx_word' id='word_1_364' title='bbox 1230 2585 1273 2639; x_wconf 90' lang='lat' dir='ltr'>est</span> <span class='ocrx_word' id='word_1_365' title='bbox 1290 2582 1416 2656; x_wconf 81' lang='lat' dir='ltr'>quidam</span> <span class='ocrx_word' id='word_1_366' title='bbox 1433 2597 1525 2638; x_wconf 84' lang='lat' dir='ltr'>senex</span> <span class='ocrx_word' id='word_1_367' title='bbox 1540 2598 1548 2637; x_wconf 91' lang='lat'><strong>:</strong></span> <span class='ocrx_word' id='word_1_368' title='bbox 1563 2583 1641 2650; x_wconf 78' lang='lat' dir='ltr'>Quid</span> <span class='ocrx_word' id='word_1_369' title='bbox 1659 2588 1703 2640; x_wconf 90' lang='lat' dir='ltr'>est</span> <span class='ocrx_word' id='word_1_370' title='bbox 1724 2584 1778 2639; x_wconf 92' lang='lat' dir='ltr'>hu·</span> <span class='ocrx_word' id='word_1_371' title='bbox 1791 2598 1839 2648; x_wconf 72' lang='lat' dir='ltr'>uns</span> <span class='ocrx_word' id='word_1_372' title='bbox 1867 2601 1895 2644; x_wconf 84' lang='lat' dir='ltr'>su</span> 
     </span>
    </p>
   </div>
   <div class='ocr_carea' id='block_1_7' title="bbox 41 2660 1895 2761">
    <p class='ocr_par' dir='ltr' id='par_1_10' title="bbox 41 2660 1895 2761">
     <span class='ocr_line' id='line_1_29' title="bbox 41 2660 1895 2761; baseline 0 -39"><span class='ocrx_word' id='word_1_373' title='bbox 41 2666 114 2711; x_wconf 68' lang='lat' dir='ltr'>snus:</span> <span class='ocrx_word' id='word_1_374' title='bbox 146 2665 276 2734; x_wconf 87' lang='lat' dir='ltr'>ciabilis,</span> <span class='ocrx_word' id='word_1_375' title='bbox 291 2663 570 2739; x_wconf 78' lang='lat' dir='ltr'>quiamultaeineo</span> <span class='ocrx_word' id='word_1_376' title='bbox 584 2663 704 2736; x_wconf 87' lang='lat' dir='ltr'>figurae,</span> <span class='ocrx_word' id='word_1_377' title='bbox 718 2666 938 2723; x_wconf 87' lang='lat' dir='ltr'>etcoloresva·</span> <span class='ocrx_word' id='word_1_378' title='bbox 980 2663 1109 2720; x_wconf 78' lang='lat' dir='ltr'>militas?</span> <span class='ocrx_word' id='word_1_379' title='bbox 1126 2667 1154 2720; x_wconf 90' lang='lat' dir='ltr'>et</span> <span class='ocrx_word' id='word_1_380' title='bbox 1172 2666 1358 2739; x_wconf 88' lang='lat' dir='ltr'>respondens</span> <span class='ocrx_word' id='word_1_381' title='bbox 1376 2665 1474 2723; x_wconf 80' lang='lat' dir='ltr'>dixit:</span> <span class='ocrx_word' id='word_1_382' title='bbox 1492 2666 1674 2723; x_wconf 77' lang='lat' dir='ltr'>«humilitas</span> <span class='ocrx_word' id='word_1_383' title='bbox 1693 2683 1775 2737; x_wconf 89' lang='lat' dir='ltr'>mag·</span> <span class='ocrx_word' id='word_1_384' title='bbox 1789 2660 1895 2761; x_wconf 53' lang='lat' dir='ltr'>*illil-</span> 
     </span>
    </p>
   </div>
   <div class='ocr_carea' id='block_1_8' title="bbox 15 2729 1883 2834">
    <p class='ocr_par' dir='ltr' id='par_1_11' title="bbox 15 2729 1883 2834">
     <span class='ocr_line' id='line_1_30' title="bbox 15 2729 1883 2834; baseline 0.024 -66"><span class='ocrx_word' id='word_1_385' title='bbox 15 2731 131 2834; x_wconf 44' lang='lat' dir='ltr'>ycsetrriss</span> <span class='ocrx_word' id='word_1_386' title='bbox 144 2750 180 2807; x_wconf 66' lang='lat' dir='ltr'>,fi</span> <span class='ocrx_word' id='word_1_387' title='bbox 194 2749 385 2806; x_wconf 78' lang='lat' dir='ltr'>associantur·</span> <span class='ocrx_word' id='word_1_388' title='bbox 398 2751 482 2818; x_wconf 79' lang='lat' dir='ltr'>Nam,</span> <span class='ocrx_word' id='word_1_389' title='bbox 495 2750 529 2804; x_wconf 90' lang='lat' dir='ltr'>ut</span> <span class='ocrx_word' id='word_1_390' title='bbox 541 2748 630 2804; x_wconf 88' lang='lat' dir='ltr'>tradit</span> <span class='ocrx_word' id='word_1_391' title='bbox 647 2748 787 2819; x_wconf 89' lang='lat' dir='ltr'>isidorus,</span> <span class='ocrx_word' id='word_1_392' title='bbox 801 2749 854 2806; x_wconf 91' lang='lat' dir='ltr'>lib.</span> <span class='ocrx_word' id='word_1_393' title='bbox 870 2751 937 2820; x_wconf 85' lang='lat' dir='ltr'>livi,</span> <span class='ocrx_word' id='word_1_394' title='bbox 980 2762 1054 2804; x_wconf 92' lang='lat' dir='ltr'>num</span> <span class='ocrx_word' id='word_1_395' title='bbox 1067 2764 1144 2822; x_wconf 89' lang='lat' dir='ltr'>opus</span> <span class='ocrx_word' id='word_1_396' title='bbox 1158 2751 1242 2805; x_wconf 90' lang='lat' dir='ltr'>estet</span> <span class='ocrx_word' id='word_1_397' title='bbox 1256 2748 1406 2820; x_wconf 84' lang='lat' dir='ltr'>divinum3</span> <span class='ocrx_word' id='word_1_398' title='bbox 1420 2750 1471 2807; x_wconf 89' lang='lat' dir='ltr'>via</span> <span class='ocrx_word' id='word_1_399' title='bbox 1489 2755 1587 2808; x_wconf 87' lang='lat' dir='ltr'>autem</span> <span class='ocrx_word' id='word_1_400' title='bbox 1602 2751 1777 2809; x_wconf 82' lang='lat' dir='ltr'>humilitatis</span> <span class='ocrx_word' id='word_1_401' title='bbox 1804 2729 1873 2823; x_wconf 44' lang='lat' dir='ltr'>¹⁰1¹,ssss</span> <span class='ocrx_word' id='word_1_402' title='bbox 1874 2743 1883 2753; x_wconf 76' lang='grc'><strong>’</strong></span> 
     </span>
    </p>
   </div>
   <div class='ocr_carea' id='block_1_9' title="bbox 29 2830 1961 5326">
    <p class='ocr_par' dir='ltr' id='par_1_12' title="bbox 29 2830 1961 5326">
     <span class='ocr_line' id='line_1_31' title="bbox 29 2830 1778 2910; baseline 0.001 -18"><span class='ocrx_word' id='word_1_403' title='bbox 29 2850 121 2892; x_wconf 66' lang='lat' dir='ltr'>asseu-</span> <span class='ocrx_word' id='word_1_404' title='bbox 145 2851 209 2908; x_wconf 89' lang='lat' dir='ltr'>cap.</span> <span class='ocrx_word' id='word_1_405' title='bbox 224 2848 264 2904; x_wconf 83' lang='lat' dir='ltr'>xr,</span> <span class='ocrx_word' id='word_1_406' title='bbox 276 2832 361 2902; x_wconf 83' lang='lat' dir='ltr'>niger</span> <span class='ocrx_word' id='word_1_407' title='bbox 374 2834 428 2902; x_wconf 89' lang='lat' dir='ltr'>est,</span> <span class='ocrx_word' id='word_1_408' title='bbox 438 2831 554 2888; x_wconf 88' lang='lat' dir='ltr'>habens</span> <span class='ocrx_word' id='word_1_409' title='bbox 566 2830 692 2888; x_wconf 92' lang='lat' dir='ltr'>circulos</span> <span class='ocrx_word' id='word_1_410' title='bbox 702 2832 803 2903; x_wconf 91' lang='lat' dir='ltr'>nigros</span> <span class='ocrx_word' id='word_1_411' title='bbox 813 2837 842 2889; x_wconf 94' lang='lat' dir='ltr'>ct</span> <span class='ocrx_word' id='word_1_412' title='bbox 852 2830 938 2890; x_wconf 89' lang='lat' dir='ltr'>albos</span> <span class='ocrx_word' id='word_1_413' title='bbox 980 2831 1043 2888; x_wconf 80' lang='lat' dir='ltr'>hoec</span> <span class='ocrx_word' id='word_1_414' title='bbox 1061 2835 1118 2901; x_wconf 88' lang='lat' dir='ltr'>est,</span> <span class='ocrx_word' id='word_1_415' title='bbox 1130 2836 1163 2888; x_wconf 89' lang='lat' dir='ltr'>ut</span> <span class='ocrx_word' id='word_1_416' title='bbox 1176 2833 1295 2890; x_wconf 89' lang='lat' dir='ltr'>labores</span> <span class='ocrx_word' id='word_1_417' title='bbox 1313 2835 1484 2910; x_wconf 81' lang='lat' dir='ltr'>corporales</span> <span class='ocrx_word' id='word_1_418' title='bbox 1501 2835 1613 2891; x_wconf 87' lang='lat' dir='ltr'>assumi</span> <span class='ocrx_word' id='word_1_419' title='bbox 1632 2837 1778 2907; x_wconf 88' lang='lat' dir='ltr'>debeant,</span> 
     </span>
     <span class='ocr_line' id='line_1_32' title="bbox 52 2913 1778 2992; baseline 0.001 -18"><span class='ocrx_word' id='word_1_420' title='bbox 52 2923 100 2955; x_wconf 71' lang='lat'>⁰⁰⁸0</span> <span class='ocrx_word' id='word_1_421' title='bbox 141 2919 258 2992; x_wconf 74' lang='lat' dir='ltr'>junctos</span> <span class='ocrx_word' id='word_1_422' title='bbox 271 2920 299 2973; x_wconf 91' lang='lat' dir='ltr'>et</span> <span class='ocrx_word' id='word_1_423' title='bbox 311 2913 456 2984; x_wconf 88' lang='lat' dir='ltr'>variatos,</span> <span class='ocrx_word' id='word_1_424' title='bbox 470 2913 634 2988; x_wconf 80' lang='lat' dir='ltr'>similisque</span> <span class='ocrx_word' id='word_1_425' title='bbox 646 2919 690 2972; x_wconf 89' lang='lat' dir='ltr'>est</span> <span class='ocrx_word' id='word_1_426' title='bbox 701 2915 842 2973; x_wconf 73' lang='lat' dir='ltr'>haematiti</span> <span class='ocrx_word' id='word_1_427' title='bbox 854 2933 861 2972; x_wconf 91' lang='lat'>:</span> <span class='ocrx_word' id='word_1_428' title='bbox 875 2917 939 2988; x_wconf 86' lang='lat' dir='ltr'>ejus</span> <span class='ocrx_word' id='word_1_429' title='bbox 981 2920 1009 2971; x_wconf 88' lang='lat' dir='ltr'>et</span> <span class='ocrx_word' id='word_1_430' title='bbox 1023 2915 1171 2973; x_wconf 87' lang='lat' dir='ltr'>adscribat</span> <span class='ocrx_word' id='word_1_431' title='bbox 1183 2917 1314 2991; x_wconf 90' lang='lat' dir='ltr'>seipsum</span> <span class='ocrx_word' id='word_1_432' title='bbox 1324 2917 1417 2974; x_wconf 89' lang='lat' dir='ltr'>homo</span> <span class='ocrx_word' id='word_1_433' title='bbox 1431 2922 1633 2992; x_wconf 84' lang='lat' dir='ltr'>peccatorem,</span> <span class='ocrx_word' id='word_1_434' title='bbox 1647 2923 1676 2976; x_wconf 93' lang='lat' dir='ltr'>et</span> <span class='ocrx_word' id='word_1_435' title='bbox 1686 2923 1778 2992; x_wconf 88' lang='lat' dir='ltr'>ponat</span> 
     </span>
     <span class='ocr_line' id='line_1_33' title="bbox 145 2997 1878 3082; baseline 0.003 -27"><span class='ocrx_word' id='word_1_436' title='bbox 145 2997 817 3074; x_wconf 80' lang='lat' dir='ltr'>speciesestcoralloachates,quiaureisgutus</span> <span class='ocrx_word' id='word_1_437' title='bbox 828 2999 940 3074; x_wconf 88' lang='lat' dir='ltr'>insper-</span> <span class='ocrx_word' id='word_1_438' title='bbox 981 3013 1013 3054; x_wconf 90' lang='lat' dir='ltr'>se</span> <span class='ocrx_word' id='word_1_439' title='bbox 1034 2999 1200 3071; x_wconf 87' lang='lat' dir='ltr'>subjectum</span> <span class='ocrx_word' id='word_1_440' title='bbox 1222 3000 1397 3056; x_wconf 69' lang='lat' dir='ltr'>omnibus.»</span> <span class='ocrx_word' id='word_1_441' title='bbox 1415 3003 1448 3057; x_wconf 84' lang='lat' dir='ltr'>Et</span> <span class='ocrx_word' id='word_1_442' title='bbox 1462 3000 1537 3057; x_wconf 81' lang='lat' dir='ltr'>dixit</span> <span class='ocrx_word' id='word_1_443' title='bbox 1550 3001 1658 3058; x_wconf 87' lang='lat' dir='ltr'>irater:</span> <span class='ocrx_word' id='word_1_444' title='bbox 1676 3004 1777 3070; x_wconf 73' lang='lat' dir='ltr'>«Quid</span> <span class='ocrx_word' id='word_1_445' title='bbox 1813 3012 1878 3082; x_wconf 77' lang='grc' dir='ltr'>θιιῑθΙ</span> 
     </span>
     <span class='ocr_line' id='line_1_34' title="bbox 145 3074 1881 3159; baseline 0.002 -19"><span class='ocrx_word' id='word_1_446' title='bbox 145 3101 195 3142; x_wconf 91' lang='lat' dir='ltr'>sus</span> <span class='ocrx_word' id='word_1_447' title='bbox 209 3088 261 3140; x_wconf 86' lang='lat' dir='ltr'>est.</span> <span class='ocrx_word' id='word_1_448' title='bbox 276 3081 381 3138; x_wconf 89' lang='lat' dir='ltr'>Scribit</span> <span class='ocrx_word' id='word_1_449' title='bbox 392 3082 548 3138; x_wconf 73' lang='lat' dir='ltr'>anselmus</span> <span class='ocrx_word' id='word_1_450' title='bbox 562 3082 698 3139; x_wconf 86' lang='lat' dir='ltr'>Boethius</span> <span class='ocrx_word' id='word_1_451' title='bbox 709 3082 832 3154; x_wconf 90' lang='lat' dir='ltr'>insignis</span> <span class='ocrx_word' id='word_1_452' title='bbox 845 3084 939 3140; x_wconf 89' lang='lat' dir='ltr'>medi·</span> <span class='ocrx_word' id='word_1_453' title='bbox 982 3085 1026 3138; x_wconf 89' lang='grc' dir='ltr'>θεῖ</span> <span class='ocrx_word' id='word_1_454' title='bbox 1039 3097 1103 3140; x_wconf 84' lang='grc' dir='ltr'><strong>θεεθ</strong></span> <span class='ocrx_word' id='word_1_455' title='bbox 1115 3084 1280 3155; x_wconf 75' lang='lat' dir='ltr'>subiectum</span> <span class='ocrx_word' id='word_1_456' title='bbox 1295 3084 1476 3141; x_wconf 77' lang='lat' dir='ltr'>omnihusta</span> <span class='ocrx_word' id='word_1_457' title='bbox 1489 3086 1652 3159; x_wconf 83' lang='lat' dir='ltr'>Respondit</span> <span class='ocrx_word' id='word_1_458' title='bbox 1664 3102 1775 3144; x_wconf 81' lang='lat' dir='ltr'>senex:</span> <span class='ocrx_word' id='word_1_459' title='bbox 1803 3074 1881 3143; x_wconf 65' lang='lat' dir='ltr'>⁸¹¹¹&#39;l&#39;¹.⁰¹</span> 
     </span>
     <span class='ocr_line' id='line_1_35' title="bbox 145 3146 1870 3240; baseline 0.001 -15"><span class='ocrx_word' id='word_1_460' title='bbox 145 3183 213 3235; x_wconf 91' lang='lat' dir='ltr'>cus,</span> <span class='ocrx_word' id='word_1_461' title='bbox 227 3164 449 3239; x_wconf 89' lang='lat' dir='ltr'>etgcmmarius</span> <span class='ocrx_word' id='word_1_462' title='bbox 462 3165 612 3240; x_wconf 86' lang='lat' dir='ltr'>Rodolphi</span> <span class='ocrx_word' id='word_1_463' title='bbox 626 3169 648 3222; x_wconf 92' lang='lat' dir='ltr'>il</span> <span class='ocrx_word' id='word_1_464' title='bbox 662 3167 936 3240; x_wconf 84' lang='lat' dir='ltr'>irnperatoris,iib.</span> <span class='ocrx_word' id='word_1_465' title='bbox 985 3169 1067 3223; x_wconf 75' lang='lat' dir='ltr'>siloc</span> <span class='ocrx_word' id='word_1_466' title='bbox 1081 3171 1200 3224; x_wconf 87' lang='lat' dir='ltr'>estesse</span> <span class='ocrx_word' id='word_1_467' title='bbox 1216 3168 1381 3239; x_wconf 82' lang='lat' dir='ltr'>subjectum</span> <span class='ocrx_word' id='word_1_468' title='bbox 1395 3169 1551 3239; x_wconf 92' lang='lat' dir='ltr'>omnibus,</span> <span class='ocrx_word' id='word_1_469' title='bbox 1565 3173 1671 3225; x_wconf 90' lang='lat' dir='ltr'>utnon</span> <span class='ocrx_word' id='word_1_470' title='bbox 1685 3175 1777 3227; x_wconf 82' lang='lat' dir='ltr'>atten-</span> <span class='ocrx_word' id='word_1_471' title='bbox 1808 3146 1870 3237; x_wconf 44' lang='grc' dir='ltr'>θεὶς</span> 
     </span>
     <span class='ocr_line' id='line_1_36' title="bbox 144 3250 1776 3327; baseline 0.002 -19"><span class='ocrx_word' id='word_1_472' title='bbox 144 3253 167 3309; x_wconf 93' lang='lat' dir='ltr'>ll</span> <span class='ocrx_word' id='word_1_473' title='bbox 181 3253 220 3306; x_wconf 83' lang='lat' dir='ltr'>lle</span> <span class='ocrx_word' id='word_1_474' title='bbox 235 3250 365 3318; x_wconf 73' lang='lat' dir='ltr'>(lerninis,</span> <span class='ocrx_word' id='word_1_475' title='bbox 376 3264 441 3324; x_wconf 92' lang='lat' dir='ltr'>cap.</span> <span class='ocrx_word' id='word_1_476' title='bbox 462 3264 557 3306; x_wconf 75' lang='lat' dir='ltr'>xcutr:</span> <span class='ocrx_word' id='word_1_477' title='bbox 575 3267 590 3302; x_wconf 82' lang='lat' dir='ltr'>u</span> <span class='ocrx_word' id='word_1_478' title='bbox 602 3251 726 3306; x_wconf 88' lang='lat' dir='ltr'>Omnem</span> <span class='ocrx_word' id='word_1_479' title='bbox 741 3251 875 3307; x_wconf 86' lang='lat' dir='ltr'>achatem</span> <span class='ocrx_word' id='word_1_480' title='bbox 888 3267 939 3307; x_wconf 92' lang='lat' dir='ltr'>vc·</span> <span class='ocrx_word' id='word_1_481' title='bbox 983 3250 1034 3306; x_wconf 86' lang='lat' dir='ltr'>dat</span> <span class='ocrx_word' id='word_1_482' title='bbox 1045 3251 1112 3323; x_wconf 90' lang='lat' dir='ltr'>quis</span> <span class='ocrx_word' id='word_1_483' title='bbox 1127 3251 1224 3307; x_wconf 87' lang='lat' dir='ltr'>aliena</span> <span class='ocrx_word' id='word_1_484' title='bbox 1234 3255 1366 3323; x_wconf 91' lang='lat' dir='ltr'>peccata,</span> <span class='ocrx_word' id='word_1_485' title='bbox 1379 3253 1434 3308; x_wconf 91' lang='lat' dir='ltr'>sed</span> <span class='ocrx_word' id='word_1_486' title='bbox 1445 3267 1500 3309; x_wconf 91' lang='lat' dir='ltr'>sua</span> <span class='ocrx_word' id='word_1_487' title='bbox 1513 3268 1630 3325; x_wconf 89' lang='lat' dir='ltr'>semper</span> <span class='ocrx_word' id='word_1_488' title='bbox 1643 3254 1776 3327; x_wconf 88' lang='lat' dir='ltr'>aspiciat,</span> 
     </span>
     <span class='ocr_line' id='line_1_37' title="bbox 144 3331 1777 3408; baseline 0.003 -18"><span class='ocrx_word' id='word_1_489' title='bbox 144 3334 229 3391; x_wconf 88' lang='lat' dir='ltr'>uenis</span> <span class='ocrx_word' id='word_1_490' title='bbox 240 3332 396 3408; x_wconf 76' lang='lat' dir='ltr'>pestiferis,</span> <span class='ocrx_word' id='word_1_491' title='bbox 407 3331 578 3406; x_wconf 85' lang='lat' dir='ltr'>viperarum</span> <span class='ocrx_word' id='word_1_492' title='bbox 592 3336 681 3407; x_wconf 88' lang='lat' dir='ltr'>atquc</span> <span class='ocrx_word' id='word_1_493' title='bbox 696 3333 887 3407; x_wconf 88' lang='lat' dir='ltr'>scorpionum</span> <span class='ocrx_word' id='word_1_494' title='bbox 899 3333 939 3390; x_wconf 92' lang='lat' dir='ltr'>ic·</span> <span class='ocrx_word' id='word_1_495' title='bbox 983 3336 1011 3390; x_wconf 92' lang='lat' dir='ltr'>et</span> <span class='ocrx_word' id='word_1_496' title='bbox 1024 3332 1198 3406; x_wconf 90' lang='lat' dir='ltr'>deprecetur</span> <span class='ocrx_word' id='word_1_497' title='bbox 1209 3334 1272 3390; x_wconf 90' lang='lat' dir='ltr'>sine</span> <span class='ocrx_word' id='word_1_498' title='bbox 1287 3335 1504 3393; x_wconf 86' lang='lat' dir='ltr'>intermissione</span> <span class='ocrx_word' id='word_1_499' title='bbox 1515 3340 1617 3393; x_wconf 82' lang='lat' dir='ltr'>ileum.</span> <span class='ocrx_word' id='word_1_500' title='bbox 1629 3357 1643 3390; x_wconf 77' lang='lat' dir='ltr'>v&gt;</span> <span class='ocrx_word' id='word_1_501' title='bbox 1654 3339 1687 3394; x_wconf 95' lang='lat' dir='ltr'>in</span> <span class='ocrx_word' id='word_1_502' title='bbox 1702 3339 1777 3395; x_wconf 79' lang='lat' dir='ltr'>Vilia</span> 
     </span>
     <span class='ocr_line' id='line_1_38' title="bbox 145 3415 1526 3491; baseline 0.003 -19"><span class='ocrx_word' id='word_1_503' title='bbox 145 3417 223 3474; x_wconf 89' lang='lat' dir='ltr'>tibus</span> <span class='ocrx_word' id='word_1_504' title='bbox 245 3416 405 3473; x_wconf 89' lang='lat' dir='ltr'>adversari.</span> <span class='ocrx_word' id='word_1_505' title='bbox 421 3418 477 3472; x_wconf 87' lang='lat' dir='ltr'>Cor</span> <span class='ocrx_word' id='word_1_506' title='bbox 497 3415 577 3472; x_wconf 90' lang='lat' dir='ltr'>enim</span> <span class='ocrx_word' id='word_1_507' title='bbox 597 3419 724 3486; x_wconf 89' lang='lat' dir='ltr'>recreat,</span> <span class='ocrx_word' id='word_1_508' title='bbox 742 3432 776 3472; x_wconf 91' lang='lat' dir='ltr'>ac</span> <span class='ocrx_word' id='word_1_509' title='bbox 797 3417 939 3474; x_wconf 86' lang='lat' dir='ltr'>adversus</span> <span class='ocrx_word' id='word_1_510' title='bbox 981 3418 1106 3485; x_wconf 79' lang='lat' dir='ltr'>Petrum,</span> <span class='ocrx_word' id='word_1_511' title='bbox 1121 3417 1174 3474; x_wconf 88' lang='lat' dir='ltr'>iib.</span> <span class='ocrx_word' id='word_1_512' title='bbox 1191 3421 1223 3487; x_wconf 89' lang='lat' dir='ltr'>V,</span> <span class='ocrx_word' id='word_1_513' title='bbox 1239 3433 1304 3491; x_wconf 79' lang='lat' dir='ltr'>cap,</span> <span class='ocrx_word' id='word_1_514' title='bbox 1320 3433 1368 3487; x_wconf 86' lang='lat' dir='ltr'>xv,</span> <span class='ocrx_word' id='word_1_515' title='bbox 1381 3434 1465 3476; x_wconf 82' lang='lat' dir='ltr'>num.</span> <span class='ocrx_word' id='word_1_516' title='bbox 1480 3422 1526 3476; x_wconf 74' lang='lat'>82.</span> 
     </span>
     <span class='ocr_line' id='line_1_39' title="bbox 146 3498 1896 3574; baseline 0.005 -17"><span class='ocrx_word' id='word_1_517' title='bbox 146 3516 234 3557; x_wconf 88' lang='lat' dir='ltr'>omne</span> <span class='ocrx_word' id='word_1_518' title='bbox 257 3515 350 3572; x_wconf 90' lang='lat' dir='ltr'>genus</span> <span class='ocrx_word' id='word_1_519' title='bbox 373 3498 501 3569; x_wconf 84' lang='lat' dir='ltr'>contagii</span> <span class='ocrx_word' id='word_1_520' title='bbox 522 3502 629 3555; x_wconf 90' lang='lat' dir='ltr'>tuetur.</span> <span class='ocrx_word' id='word_1_521' title='bbox 645 3498 727 3557; x_wconf 85' lang='lat' dir='ltr'>Sitim</span> <span class='ocrx_word' id='word_1_522' title='bbox 749 3499 865 3555; x_wconf 92' lang='lat' dir='ltr'>achates</span> <span class='ocrx_word' id='word_1_523' title='bbox 887 3514 938 3556; x_wconf 86' lang='lat' dir='ltr'>ore</span> <span class='ocrx_word' id='word_1_524' title='bbox 1017 3501 1208 3572; x_wconf 88' lang='lat' dir='ltr'>interrogavit</span> <span class='ocrx_word' id='word_1_525' title='bbox 1222 3501 1345 3574; x_wconf 87' lang='lat' dir='ltr'>quidam</span> <span class='ocrx_word' id='word_1_526' title='bbox 1361 3501 1449 3558; x_wconf 87' lang='lat' dir='ltr'>irater</span> <span class='ocrx_word' id='word_1_527' title='bbox 1463 3516 1580 3572; x_wconf 84' lang='lat' dir='ltr'>senem,</span> <span class='ocrx_word' id='word_1_528' title='bbox 1591 3504 1712 3561; x_wconf 91' lang='lat' dir='ltr'>dicens:</span> <span class='ocrx_word' id='word_1_529' title='bbox 1728 3506 1777 3563; x_wconf 82' lang='lat' dir='ltr'>uia</span> <span class='ocrx_word' id='word_1_530' title='bbox 1796 3511 1896 3566; x_wconf 72' lang='lat' dir='ltr'>nagnam</span> 
     </span>
     <span class='ocr_line' id='line_1_40' title="bbox 146 3578 1961 3674; baseline 0.002 -34"><span class='ocrx_word' id='word_1_531' title='bbox 146 3587 296 3654; x_wconf 90' lang='lat' dir='ltr'>contenta,</span> <span class='ocrx_word' id='word_1_532' title='bbox 320 3598 472 3656; x_wconf 88' lang='lat' dir='ltr'>manuque</span> <span class='ocrx_word' id='word_1_533' title='bbox 498 3583 616 3638; x_wconf 89' lang='lat' dir='ltr'>detenta</span> <span class='ocrx_word' id='word_1_534' title='bbox 637 3581 827 3638; x_wconf 82' lang='lat' dir='ltr'>febrientium</span> <span class='ocrx_word' id='word_1_535' title='bbox 851 3586 939 3638; x_wconf 80' lang='lat' dir='ltr'>cestus</span> <span class='ocrx_word' id='word_1_536' title='bbox 982 3584 1055 3640; x_wconf 89' lang='lat' dir='ltr'>mihi</span> <span class='ocrx_word' id='word_1_537' title='bbox 1070 3599 1162 3640; x_wconf 90' lang='lat' dir='ltr'>unam</span> <span class='ocrx_word' id='word_1_538' title='bbox 1179 3599 1244 3640; x_wconf 91' lang='lat' dir='ltr'>rem</span> <span class='ocrx_word' id='word_1_539' title='bbox 1260 3597 1354 3656; x_wconf 86' lang='lat' dir='ltr'>quarn</span> <span class='ocrx_word' id='word_1_540' title='bbox 1372 3583 1553 3654; x_wconf 87' lang='lat' dir='ltr'>custodiam,</span> <span class='ocrx_word' id='word_1_541' title='bbox 1568 3591 1597 3641; x_wconf 92' lang='lat' dir='ltr'>et</span> <span class='ocrx_word' id='word_1_542' title='bbox 1611 3586 1710 3642; x_wconf 85' lang='lat' dir='ltr'>vivam</span> <span class='ocrx_word' id='word_1_543' title='bbox 1724 3580 1897 3674; x_wconf 48' lang='lat' dir='ltr'>partium</span> <span class='ocrx_word' id='word_1_544' title='bbox 1945 3578 1961 3589; x_wconf 84' lang='grc'><em>“</em></span> 
     </span>
     <span class='ocr_line' id='line_1_41' title="bbox 144 3647 1896 3742; baseline 0.003 -19"><span class='ocrx_word' id='word_1_545' title='bbox 144 3682 207 3724; x_wconf 92' lang='lat' dir='ltr'>non</span> <span class='ocrx_word' id='word_1_546' title='bbox 220 3667 345 3723; x_wconf 88' lang='lat' dir='ltr'>obscure</span> <span class='ocrx_word' id='word_1_547' title='bbox 359 3665 520 3738; x_wconf 86' lang='lat' dir='ltr'>compescit</span> <span class='ocrx_word' id='word_1_548' title='bbox 532 3667 650 3738; x_wconf 86' lang='lat' dir='ltr'>(omncs</span> <span class='ocrx_word' id='word_1_549' title='bbox 664 3666 744 3722; x_wconf 89' lang='lat' dir='ltr'>enim</span> <span class='ocrx_word' id='word_1_550' title='bbox 755 3681 881 3737; x_wconf 75' lang='lat' dir='ltr'>gemmae</span> <span class='ocrx_word' id='word_1_551' title='bbox 890 3665 939 3722; x_wconf 87' lang='lat' dir='ltr'>iri·</span> <span class='ocrx_word' id='word_1_552' title='bbox 982 3686 1058 3727; x_wconf 89' lang='lat' dir='ltr'>eam.</span> <span class='ocrx_word' id='word_1_553' title='bbox 1072 3673 1104 3727; x_wconf 86' lang='lat' dir='ltr'>Et</span> <span class='ocrx_word' id='word_1_554' title='bbox 1115 3670 1189 3727; x_wconf 84' lang='lat' dir='ltr'>dixit</span> <span class='ocrx_word' id='word_1_555' title='bbox 1201 3669 1229 3726; x_wconf 92' lang='lat' dir='ltr'>ei</span> <span class='ocrx_word' id='word_1_556' title='bbox 1240 3685 1351 3726; x_wconf 84' lang='lat' dir='ltr'>senex:</span> <span class='ocrx_word' id='word_1_557' title='bbox 1367 3691 1381 3722; x_wconf 80' lang='lat' dir='ltr'>a</span> <span class='ocrx_word' id='word_1_558' title='bbox 1390 3670 1418 3726; x_wconf 88' lang='lat' dir='ltr'>Si</span> <span class='ocrx_word' id='word_1_559' title='bbox 1427 3671 1558 3742; x_wconf 89' lang='lat' dir='ltr'>potueris</span> <span class='ocrx_word' id='word_1_560' title='bbox 1568 3673 1778 3729; x_wconf 86' lang='lat' dir='ltr'>contumeliam</span> <span class='ocrx_word' id='word_1_561' title='bbox 1791 3647 1842 3737; x_wconf 49' lang='grc' dir='ltr'>ἔξω</span> <span class='ocrx_word' id='word_1_562' title='bbox 1861 3647 1896 3690; x_wconf 50' lang='grc' dir='ltr'>μ’</span> 
     </span>
     <span class='ocr_line' id='line_1_42' title="bbox 145 3748 1779 3828; baseline -0.004 -22"><span class='ocrx_word' id='word_1_563' title='bbox 145 3751 221 3823; x_wconf 73' lang='lat' dir='ltr'>gillae</span> <span class='ocrx_word' id='word_1_564' title='bbox 235 3754 304 3806; x_wconf 91' lang='lat' dir='ltr'>sunt</span> <span class='ocrx_word' id='word_1_565' title='bbox 318 3753 346 3805; x_wconf 93' lang='lat' dir='ltr'>ct</span> <span class='ocrx_word' id='word_1_566' title='bbox 360 3749 457 3818; x_wconf 69' lang='lat' dir='ltr'>siccae,</span> <span class='ocrx_word' id='word_1_567' title='bbox 471 3749 514 3805; x_wconf 91' lang='lat' dir='ltr'>uti</span> <span class='ocrx_word' id='word_1_568' title='bbox 526 3749 608 3805; x_wconf 86' lang='lat' dir='ltr'>idern</span> <span class='ocrx_word' id='word_1_569' title='bbox 622 3748 663 3805; x_wconf 89' lang='lat' dir='ltr'>ait</span> <span class='ocrx_word' id='word_1_570' title='bbox 682 3764 746 3821; x_wconf 89' lang='lat' dir='ltr'>cap.</span> <span class='ocrx_word' id='word_1_571' title='bbox 764 3749 852 3820; x_wconf 78' lang='lat' dir='ltr'>rxvr).</span> <span class='ocrx_word' id='word_1_572' title='bbox 868 3751 939 3805; x_wconf 75' lang='lat' dir='ltr'>llar-</span> <span class='ocrx_word' id='word_1_573' title='bbox 982 3754 1044 3827; x_wconf 80' lang='lat' dir='ltr'>pati</span> <span class='ocrx_word' id='word_1_574' title='bbox 1058 3758 1086 3811; x_wconf 84' lang='lat' dir='ltr'>et</span> <span class='ocrx_word' id='word_1_575' title='bbox 1103 3754 1262 3823; x_wconf 77' lang='lat' dir='ltr'>sustinere,</span> <span class='ocrx_word' id='word_1_576' title='bbox 1273 3769 1418 3825; x_wconf 81' lang='lat' dir='ltr'>magnum</span> <span class='ocrx_word' id='word_1_577' title='bbox 1430 3757 1474 3810; x_wconf 82' lang='lat' dir='ltr'>est</span> <span class='ocrx_word' id='word_1_578' title='bbox 1486 3754 1559 3825; x_wconf 70' lang='lat' dir='ltr'>hoc,</span> <span class='ocrx_word' id='word_1_579' title='bbox 1571 3757 1600 3811; x_wconf 77' lang='lat' dir='ltr'>et</span> <span class='ocrx_word' id='word_1_580' title='bbox 1613 3769 1703 3828; x_wconf 69' lang='lat' dir='ltr'>super</span> <span class='ocrx_word' id='word_1_581' title='bbox 1716 3773 1779 3812; x_wconf 89' lang='lat' dir='ltr'>orn-</span> 
     </span>
     <span class='ocr_line' id='line_1_43' title="bbox 145 3831 1468 3906; baseline 0.002 -16"><span class='ocrx_word' id='word_1_582' title='bbox 145 3838 226 3891; x_wconf 92' lang='lat' dir='ltr'>ratur</span> <span class='ocrx_word' id='word_1_583' title='bbox 247 3833 379 3906; x_wconf 85' lang='lat' dir='ltr'>aquilam</span> <span class='ocrx_word' id='word_1_584' title='bbox 398 3833 471 3888; x_wconf 93' lang='lat' dir='ltr'>nido</span> <span class='ocrx_word' id='word_1_585' title='bbox 492 3848 547 3888; x_wconf 90' lang='lat' dir='ltr'>suo</span> <span class='ocrx_word' id='word_1_586' title='bbox 569 3833 703 3888; x_wconf 89' lang='lat' dir='ltr'>achatem</span> <span class='ocrx_word' id='word_1_587' title='bbox 721 3831 895 3905; x_wconf 90' lang='lat' dir='ltr'>imponere,</span> <span class='ocrx_word' id='word_1_588' title='bbox 907 3836 940 3888; x_wconf 87' lang='lat' dir='ltr'>ut</span> <span class='ocrx_word' id='word_1_589' title='bbox 983 3854 1035 3894; x_wconf 88' lang='lat' dir='ltr'>nes</span> <span class='ocrx_word' id='word_1_590' title='bbox 1050 3838 1205 3894; x_wconf 77' lang='lat' dir='ltr'>virtutes.»</span> <span class='ocrx_word' id='word_1_591' title='bbox 1220 3837 1310 3906; x_wconf 90' lang='lat' dir='ltr'>lbid.,</span> <span class='ocrx_word' id='word_1_592' title='bbox 1325 3853 1409 3893; x_wconf 91' lang='lat' dir='ltr'>num.</span> <span class='ocrx_word' id='word_1_593' title='bbox 1423 3840 1468 3893; x_wconf 81' lang='lat'>83.</span> 
     </span>
     <span class='ocr_line' id='line_1_44' title="bbox 144 3913 1896 3991; baseline -0.002 -8"><span class='ocrx_word' id='word_1_594' title='bbox 144 3916 244 3989; x_wconf 65' lang='lat' dir='ltr'>pullos</span> <span class='ocrx_word' id='word_1_595' title='bbox 265 3920 368 3973; x_wconf 71' lang='lat' dir='ltr'>contra</span> <span class='ocrx_word' id='word_1_596' title='bbox 389 3923 605 3972; x_wconf 67' lang='lat' dir='ltr'>venenatorum</span> <span class='ocrx_word' id='word_1_597' title='bbox 623 3913 798 3970; x_wconf 73' lang='lat' dir='ltr'>animalium</span> <span class='ocrx_word' id='word_1_598' title='bbox 821 3930 939 3971; x_wconf 75' lang='lat' dir='ltr'>morsus</span> <span class='ocrx_word' id='word_1_599' title='bbox 1018 3923 1064 3977; x_wconf 69' lang='lat'>20.</span> <span class='ocrx_word' id='word_1_600' title='bbox 1080 3924 1109 3977; x_wconf 88' lang='lat' dir='ltr'>lu</span> <span class='ocrx_word' id='word_1_601' title='bbox 1120 3934 1233 3988; x_wconf 72' lang='lat' dir='ltr'>Quaero</span> <span class='ocrx_word' id='word_1_602' title='bbox 1245 3933 1470 3988; x_wconf 78' lang='lat' dir='ltr'>euersoarrrrus,</span> <span class='ocrx_word' id='word_1_603' title='bbox 1484 3933 1659 3991; x_wconf 79' lang='lat' dir='ltr'>ourcuruus,</span> <span class='ocrx_word' id='word_1_604' title='bbox 1676 3937 1712 3978; x_wconf 82' lang='lat' dir='ltr'>er</span> <span class='ocrx_word' id='word_1_605' title='bbox 1731 3939 1779 3980; x_wconf 83' lang='lat' dir='ltr'>ar·</span> <span class='ocrx_word' id='word_1_606' title='bbox 1790 3935 1851 3978; x_wconf 68' lang='lat' dir='ltr'>ress.</span> <span class='ocrx_word' id='word_1_607' title='bbox 1862 3940 1896 3981; x_wconf 81' lang='lat' dir='ltr'>ec.</span> 
     </span>
     <span class='ocr_line' id='line_1_45' title="bbox 145 3996 1897 4078; baseline -0.005 -22"><span class='ocrx_word' id='word_1_608' title='bbox 145 4003 270 4057; x_wconf 86' lang='lat' dir='ltr'>tucatur.</span> <span class='ocrx_word' id='word_1_609' title='bbox 285 3998 421 4055; x_wconf 90' lang='lat' dir='ltr'>Scribunt</span> <span class='ocrx_word' id='word_1_610' title='bbox 438 3997 530 4070; x_wconf 88' lang='lat' dir='ltr'>aliqui</span> <span class='ocrx_word' id='word_1_611' title='bbox 546 3997 669 4052; x_wconf 89' lang='lat' dir='ltr'>rubram</span> <span class='ocrx_word' id='word_1_612' title='bbox 691 3996 825 4052; x_wconf 92' lang='lat' dir='ltr'>achatem</span> <span class='ocrx_word' id='word_1_613' title='bbox 842 3997 940 4052; x_wconf 88' lang='lat' dir='ltr'>visum</span> <span class='ocrx_word' id='word_1_614' title='bbox 984 4019 1099 4060; x_wconf 68' lang='lat' dir='ltr'>pyrrus,</span> <span class='ocrx_word' id='word_1_615' title='bbox 1112 4034 1148 4044; x_wconf 93' lang='lat'>-</span> <span class='ocrx_word' id='word_1_616' title='bbox 1159 4005 1190 4058; x_wconf 86' lang='lat' dir='ltr'>ln</span> <span class='ocrx_word' id='word_1_617' title='bbox 1209 4005 1316 4076; x_wconf 80' lang='lat' dir='ltr'>quarto</span> <span class='ocrx_word' id='word_1_618' title='bbox 1335 3999 1440 4056; x_wconf 82' lang='lat' dir='ltr'>ordine</span> <span class='ocrx_word' id='word_1_619' title='bbox 1457 4005 1563 4072; x_wconf 69' lang='lat' dir='ltr'>primus</span> <span class='ocrx_word' id='word_1_620' title='bbox 1579 4009 1623 4060; x_wconf 72' lang='lat' dir='ltr'>est</span> <span class='ocrx_word' id='word_1_621' title='bbox 1636 4005 1778 4078; x_wconf 68' lang='lat' dir='ltr'>emysoli.</span> <span class='ocrx_word' id='word_1_622' title='bbox 1790 3996 1897 4078; x_wconf 27' lang='lat' dir='ltr'>stava..</span> 
     </span>
     <span class='ocr_line' id='line_1_46' title="bbox 145 4057 1898 4160; baseline 0.002 -19"><span class='ocrx_word' id='word_1_623' title='bbox 145 4098 262 4141; x_wconf 88' lang='lat' dir='ltr'>acuere.</span> <span class='ocrx_word' id='word_1_624' title='bbox 272 4102 287 4136; x_wconf 73' lang='lat' dir='ltr'>a</span> <span class='ocrx_word' id='word_1_625' title='bbox 301 4085 343 4138; x_wconf 82' lang='lat' dir='ltr'>Ex</span> <span class='ocrx_word' id='word_1_626' title='bbox 362 4081 463 4137; x_wconf 88' lang='lat' dir='ltr'>achate</span> <span class='ocrx_word' id='word_1_627' title='bbox 482 4079 592 4136; x_wconf 87' lang='lat' dir='ltr'>iaciunt</span> <span class='ocrx_word' id='word_1_628' title='bbox 612 4094 738 4136; x_wconf 90' lang='lat' dir='ltr'>coronas</span> <span class='ocrx_word' id='word_1_629' title='bbox 749 4081 938 4153; x_wconf 87' lang='lat' dir='ltr'>precatorias.</span> <span class='ocrx_word' id='word_1_630' title='bbox 983 4087 1063 4155; x_wconf 90' lang='lat' dir='ltr'>thus,</span> <span class='ocrx_word' id='word_1_631' title='bbox 1073 4084 1126 4159; x_wconf 90' lang='lat' dir='ltr'>qui</span> <span class='ocrx_word' id='word_1_632' title='bbox 1134 4085 1241 4157; x_wconf 88' lang='lat' dir='ltr'>partim</span> <span class='ocrx_word' id='word_1_633' title='bbox 1249 4082 1342 4152; x_wconf 90' lang='lat' dir='ltr'>aurei,</span> <span class='ocrx_word' id='word_1_634' title='bbox 1352 4083 1461 4155; x_wconf 92' lang='lat' dir='ltr'>partim</span> <span class='ocrx_word' id='word_1_635' title='bbox 1473 4084 1637 4156; x_wconf 87' lang='lat' dir='ltr'>mariniest</span> <span class='ocrx_word' id='word_1_636' title='bbox 1650 4088 1775 4145; x_wconf 90' lang='lat' dir='ltr'>coloris:</span> <span class='ocrx_word' id='word_1_637' title='bbox 1790 4057 1898 4160; x_wconf 54' lang='lat' dir='ltr'>ffflssss</span> 
     </span>
     <span class='ocr_line' id='line_1_47' title="bbox 146 4164 1899 4240; baseline -0.003 -14"><span class='ocrx_word' id='word_1_638' title='bbox 146 4169 196 4226; x_wconf 87' lang='lat' dir='ltr'>ilic</span> <span class='ocrx_word' id='word_1_639' title='bbox 207 4166 351 4239; x_wconf 88' lang='lat' dir='ltr'>significat</span> <span class='ocrx_word' id='word_1_640' title='bbox 368 4166 463 4222; x_wconf 90' lang='lat' dir='ltr'>tribus</span> <span class='ocrx_word' id='word_1_641' title='bbox 479 4165 610 4223; x_wconf 86' lang='lat' dir='ltr'>issachar</span> <span class='ocrx_word' id='word_1_642' title='bbox 623 4164 699 4222; x_wconf 91' lang='lat' dir='ltr'>inter</span> <span class='ocrx_word' id='word_1_643' title='bbox 712 4165 827 4222; x_wconf 90' lang='lat' dir='ltr'>medios</span> <span class='ocrx_word' id='word_1_644' title='bbox 839 4182 941 4239; x_wconf 90' lang='lat' dir='ltr'>pecca·</span> <span class='ocrx_word' id='word_1_645' title='bbox 984 4169 1065 4225; x_wconf 90' lang='lat' dir='ltr'>unde</span> <span class='ocrx_word' id='word_1_646' title='bbox 1074 4167 1212 4226; x_wconf 88' lang='lat' dir='ltr'>hebraice</span> <span class='ocrx_word' id='word_1_647' title='bbox 1222 4168 1345 4223; x_wconf 89' lang='lat' dir='ltr'>vocatur</span> <span class='ocrx_word' id='word_1_648' title='bbox 1355 4164 1471 4236; x_wconf 77' lang='lat' dir='ltr'>marsis,</span> <span class='ocrx_word' id='word_1_649' title='bbox 1484 4164 1516 4222; x_wconf 92' lang='lat' dir='ltr'>id</span> <span class='ocrx_word' id='word_1_650' title='bbox 1527 4170 1722 4240; x_wconf 90' lang='lat' dir='ltr'>estmarinus,</span> <span class='ocrx_word' id='word_1_651' title='bbox 1733 4168 1775 4227; x_wconf 91' lang='lat' dir='ltr'>in-</span> <span class='ocrx_word' id='word_1_652' title='bbox 1788 4177 1899 4233; x_wconf 72' lang='lat' dir='ltr'>apamen,</span> 
     </span>
     <span class='ocr_line' id='line_1_48' title="bbox 146 4239 1896 4327; baseline -0.003 -14"><span class='ocrx_word' id='word_1_653' title='bbox 146 4259 225 4313; x_wconf 91' lang='lat' dir='ltr'>tores</span> <span class='ocrx_word' id='word_1_654' title='bbox 236 4254 306 4323; x_wconf 77' lang='lat' dir='ltr'>sitae,</span> <span class='ocrx_word' id='word_1_655' title='bbox 317 4253 510 4323; x_wconf 89' lang='lat' dir='ltr'>sanctitatem,</span> <span class='ocrx_word' id='word_1_656' title='bbox 522 4267 614 4326; x_wconf 89' lang='lat' dir='ltr'>quam</span> <span class='ocrx_word' id='word_1_657' title='bbox 627 4250 755 4326; x_wconf 89' lang='lat' dir='ltr'>proinde</span> <span class='ocrx_word' id='word_1_658' title='bbox 768 4249 871 4307; x_wconf 89' lang='lat' dir='ltr'>laudat</span> <span class='ocrx_word' id='word_1_659' title='bbox 882 4253 941 4307; x_wconf 91' lang='lat' dir='ltr'>llio-</span> <span class='ocrx_word' id='word_1_660' title='bbox 985 4252 1048 4327; x_wconf 90' lang='lat' dir='ltr'>quit</span> <span class='ocrx_word' id='word_1_661' title='bbox 1059 4253 1085 4308; x_wconf 91' lang='lat' dir='ltr'>S.</span> <span class='ocrx_word' id='word_1_662' title='bbox 1099 4251 1304 4323; x_wconf 86' lang='lat' dir='ltr'>Hieronymus.</span> <span class='ocrx_word' id='word_1_663' title='bbox 1315 4247 1366 4305; x_wconf 89' lang='lat' dir='ltr'>llic</span> <span class='ocrx_word' id='word_1_664' title='bbox 1376 4249 1511 4319; x_wconf 90' lang='lat' dir='ltr'>congruit</span> <span class='ocrx_word' id='word_1_665' title='bbox 1524 4249 1614 4306; x_wconf 90' lang='lat' dir='ltr'>tribui</span> <span class='ocrx_word' id='word_1_666' title='bbox 1627 4252 1777 4324; x_wconf 85' lang='lat' dir='ltr'>Ephraim,</span> <span class='ocrx_word' id='word_1_667' title='bbox 1791 4246 1813 4281; x_wconf 71' lang='lat'>⁰‘</span> <span class='ocrx_word' id='word_1_668' title='bbox 1839 4239 1896 4280; x_wconf 58' lang='grc' dir='ltr'>Μ’</span> 
     </span>
     <span class='ocr_line' id='line_1_49' title="bbox 147 4298 1880 4414; baseline -0.002 -19"><span class='ocrx_word' id='word_1_669' title='bbox 147 4356 211 4409; x_wconf 88' lang='grc' dir='ltr'><strong>εθε,</strong></span> <span class='ocrx_word' id='word_1_670' title='bbox 225 4340 334 4394; x_wconf 78' lang='lat' dir='ltr'>beuter.</span> <span class='ocrx_word' id='word_1_671' title='bbox 347 4352 451 4407; x_wconf 80' lang='lat' dir='ltr'>xxxin,</span> <span class='ocrx_word' id='word_1_672' title='bbox 464 4339 509 4392; x_wconf 76' lang='lat' dir='ltr'>til.</span> <span class='ocrx_word' id='word_1_673' title='bbox 525 4338 557 4393; x_wconf 91' lang='lat' dir='ltr'>ln</span> <span class='ocrx_word' id='word_1_674' title='bbox 571 4336 685 4406; x_wconf 86' lang='lat' dir='ltr'>Apocal.</span> <span class='ocrx_word' id='word_1_675' title='bbox 705 4335 801 4391; x_wconf 88' lang='lat' dir='ltr'>achati</span> <span class='ocrx_word' id='word_1_676' title='bbox 818 4350 941 4408; x_wconf 83' lang='lat' dir='ltr'>respon·</span> <span class='ocrx_word' id='word_1_677' title='bbox 985 4335 1037 4411; x_wconf 88' lang='lat' dir='ltr'>qui</span> <span class='ocrx_word' id='word_1_678' title='bbox 1051 4335 1164 4404; x_wconf 89' lang='lat' dir='ltr'>regiam</span> <span class='ocrx_word' id='word_1_679' title='bbox 1177 4335 1352 4405; x_wconf 87' lang='lat' dir='ltr'>potestatem</span> <span class='ocrx_word' id='word_1_680' title='bbox 1362 4331 1395 4388; x_wconf 94' lang='lat' dir='ltr'>in</span> <span class='ocrx_word' id='word_1_681' title='bbox 1406 4332 1564 4388; x_wconf 83' lang='lat' dir='ltr'>ieroboam</span> <span class='ocrx_word' id='word_1_682' title='bbox 1579 4333 1699 4407; x_wconf 89' lang='lat' dir='ltr'>adepta,</span> <span class='ocrx_word' id='word_1_683' title='bbox 1712 4351 1778 4392; x_wconf 89' lang='lat' dir='ltr'>earn</span> <span class='ocrx_word' id='word_1_684' title='bbox 1811 4298 1880 4414; x_wconf 50' lang='lat' dir='ltr'>iffi</span> 
     </span>
     <span class='ocr_line' id='line_1_50' title="bbox 148 4414 1869 4494; baseline -0.009 -14"><span class='ocrx_word' id='word_1_685' title='bbox 148 4424 198 4480; x_wconf 91' lang='lat' dir='ltr'>det</span> <span class='ocrx_word' id='word_1_686' title='bbox 211 4421 435 4494; x_wconf 87' lang='lat' dir='ltr'>chrysoprasus,</span> <span class='ocrx_word' id='word_1_687' title='bbox 449 4420 490 4475; x_wconf 90' lang='lat' dir='ltr'>ita</span> <span class='ocrx_word' id='word_1_688' title='bbox 507 4419 612 4488; x_wconf 89' lang='lat' dir='ltr'>dictus,</span> <span class='ocrx_word' id='word_1_689' title='bbox 626 4417 709 4491; x_wconf 84' lang='lat' dir='ltr'>quod</span> <span class='ocrx_word' id='word_1_690' title='bbox 723 4418 806 4489; x_wconf 88' lang='lat' dir='ltr'>porri</span> <span class='ocrx_word' id='word_1_691' title='bbox 820 4434 941 4474; x_wconf 91' lang='lat' dir='ltr'>succum</span> <span class='ocrx_word' id='word_1_692' title='bbox 986 4417 1148 4476; x_wconf 83' lang='lat' dir='ltr'>diutissime</span> <span class='ocrx_word' id='word_1_693' title='bbox 1162 4414 1264 4473; x_wconf 91' lang='lat' dir='ltr'>tenuit.</span> <span class='ocrx_word' id='word_1_694' title='bbox 1815 4425 1869 4465; x_wconf 70' lang='lat' dir='ltr'>uus</span> 
     </span>
     <span class='ocr_line' id='line_1_51' title="bbox 146 4493 1781 4573; baseline -0.004 -11"><span class='ocrx_word' id='word_1_695' title='bbox 146 4506 245 4563; x_wconf 92' lang='lat' dir='ltr'>colore</span> <span class='ocrx_word' id='word_1_696' title='bbox 259 4520 312 4560; x_wconf 91' lang='lat' dir='ltr'>suo</span> <span class='ocrx_word' id='word_1_697' title='bbox 331 4502 452 4573; x_wconf 89' lang='lat' dir='ltr'>reierat;</span> <span class='ocrx_word' id='word_1_698' title='bbox 466 4501 546 4558; x_wconf 89' lang='lat' dir='ltr'>idem</span> <span class='ocrx_word' id='word_1_699' title='bbox 560 4501 675 4573; x_wconf 88' lang='lat' dir='ltr'>pallore</span> <span class='ocrx_word' id='word_1_700' title='bbox 690 4516 745 4556; x_wconf 94' lang='lat' dir='ltr'>suo</span> <span class='ocrx_word' id='word_1_701' title='bbox 759 4501 798 4556; x_wconf 90' lang='lat' dir='ltr'>ad</span> <span class='ocrx_word' id='word_1_702' title='bbox 812 4499 941 4572; x_wconf 91' lang='lat' dir='ltr'>nigredi-</span> <span class='ocrx_word' id='word_1_703' title='bbox 1019 4495 1231 4570; x_wconf 87' lang='lat' dir='ltr'>Tropologice,</span> <span class='ocrx_word' id='word_1_704' title='bbox 1251 4493 1450 4568; x_wconf 88' lang='lat' dir='ltr'>chrysolithus</span> <span class='ocrx_word' id='word_1_705' title='bbox 1470 4494 1616 4566; x_wconf 85' lang='lat' dir='ltr'>significat</span> <span class='ocrx_word' id='word_1_706' title='bbox 1637 4498 1781 4570; x_wconf 88' lang='lat' dir='ltr'>poeniten-</span> 
     </span>
     <span class='ocr_line' id='line_1_52' title="bbox 147 4576 1781 4656; baseline -0.006 -9"><span class='ocrx_word' id='word_1_707' title='bbox 147 4604 216 4646; x_wconf 91' lang='lat' dir='ltr'>nem</span> <span class='ocrx_word' id='word_1_708' title='bbox 226 4587 348 4656; x_wconf 90' lang='lat' dir='ltr'>accedit,</span> <span class='ocrx_word' id='word_1_709' title='bbox 361 4586 458 4642; x_wconf 90' lang='lat' dir='ltr'>aureis</span> <span class='ocrx_word' id='word_1_710' title='bbox 473 4583 736 4640; x_wconf 88' lang='lat' dir='ltr'>intervenientibus</span> <span class='ocrx_word' id='word_1_711' title='bbox 748 4583 848 4654; x_wconf 88' lang='lat' dir='ltr'>guttis,</span> <span class='ocrx_word' id='word_1_712' title='bbox 859 4584 940 4640; x_wconf 90' lang='lat' dir='ltr'>unde</span> <span class='ocrx_word' id='word_1_713' title='bbox 985 4582 1072 4651; x_wconf 83' lang='lat' dir='ltr'>tiam3</span> <span class='ocrx_word' id='word_1_714' title='bbox 1085 4581 1166 4636; x_wconf 89' lang='lat' dir='ltr'>unde</span> <span class='ocrx_word' id='word_1_715' title='bbox 1180 4579 1212 4635; x_wconf 94' lang='lat' dir='ltr'>in</span> <span class='ocrx_word' id='word_1_716' title='bbox 1222 4580 1337 4649; x_wconf 84' lang='lat' dir='ltr'>Apocal.</span> <span class='ocrx_word' id='word_1_717' title='bbox 1349 4576 1488 4635; x_wconf 87' lang='lat' dir='ltr'>tribuitur</span> <span class='ocrx_word' id='word_1_718' title='bbox 1500 4580 1644 4649; x_wconf 86' lang='lat' dir='ltr'>ilatthaeo,</span> <span class='ocrx_word' id='word_1_719' title='bbox 1656 4581 1709 4653; x_wconf 87' lang='lat' dir='ltr'>qui</span> <span class='ocrx_word' id='word_1_720' title='bbox 1719 4597 1781 4654; x_wconf 84' lang='lat' dir='ltr'>poe-</span> 
     </span>
     <span class='ocr_line' id='line_1_53' title="bbox 147 4660 1580 4739; baseline -0.01 -9"><span class='ocrx_word' id='word_1_721' title='bbox 147 4671 355 4730; x_wconf 89' lang='lat' dir='ltr'>coralloachati</span> <span class='ocrx_word' id='word_1_722' title='bbox 368 4670 465 4728; x_wconf 86' lang='lat' dir='ltr'>affinis</span> <span class='ocrx_word' id='word_1_723' title='bbox 487 4671 547 4738; x_wconf 83' lang='lat' dir='ltr'>est,</span> <span class='ocrx_word' id='word_1_724' title='bbox 561 4667 759 4739; x_wconf 83' lang='lat' dir='ltr'>tribuiturque</span> <span class='ocrx_word' id='word_1_725' title='bbox 779 4666 811 4722; x_wconf 93' lang='lat' dir='ltr'>in</span> <span class='ocrx_word' id='word_1_726' title='bbox 827 4669 939 4738; x_wconf 76' lang='lat' dir='ltr'>apocal.</span> <span class='ocrx_word' id='word_1_727' title='bbox 985 4666 1081 4721; x_wconf 89' lang='lat' dir='ltr'>nitens</span> <span class='ocrx_word' id='word_1_728' title='bbox 1095 4662 1164 4732; x_wconf 85' lang='lat' dir='ltr'>luit,</span> <span class='ocrx_word' id='word_1_729' title='bbox 1179 4665 1208 4717; x_wconf 91' lang='lat' dir='ltr'>et</span> <span class='ocrx_word' id='word_1_730' title='bbox 1221 4661 1337 4717; x_wconf 85' lang='lat' dir='ltr'>fervens</span> <span class='ocrx_word' id='word_1_731' title='bbox 1348 4676 1451 4717; x_wconf 91' lang='lat' dir='ltr'>amore</span> <span class='ocrx_word' id='word_1_732' title='bbox 1465 4660 1580 4717; x_wconf 86' lang='lat' dir='ltr'>Christi.</span> 
     </span>
     <span class='ocr_line' id='line_1_54' title="bbox 145 4746 1780 4825; baseline -0.006 -10"><span class='ocrx_word' id='word_1_733' title='bbox 145 4757 228 4815; x_wconf 80' lang='lat' dir='ltr'>iudae</span> <span class='ocrx_word' id='word_1_734' title='bbox 239 4757 365 4813; x_wconf 81' lang='lat' dir='ltr'>thadaeo</span> <span class='ocrx_word' id='word_1_735' title='bbox 378 4773 386 4811; x_wconf 74' lang='grc' dir='ltr'><strong><em>ι</em></strong></span> <span class='ocrx_word' id='word_1_736' title='bbox 402 4757 485 4825; x_wconf 90' lang='lat' dir='ltr'>cujus</span> <span class='ocrx_word' id='word_1_737' title='bbox 499 4766 590 4808; x_wconf 89' lang='lat' dir='ltr'>aurea</span> <span class='ocrx_word' id='word_1_738' title='bbox 603 4750 748 4823; x_wconf 86' lang='lat' dir='ltr'>sapientia</span> <span class='ocrx_word' id='word_1_739' title='bbox 767 4753 796 4805; x_wconf 91' lang='lat' dir='ltr'>et</span> <span class='ocrx_word' id='word_1_740' title='bbox 817 4749 942 4805; x_wconf 89' lang='lat' dir='ltr'>acrimo·</span> <span class='ocrx_word' id='word_1_741' title='bbox 1022 4747 1160 4803; x_wconf 76' lang='lat' dir='ltr'>Praeclara</span> <span class='ocrx_word' id='word_1_742' title='bbox 1173 4747 1200 4802; x_wconf 89' lang='lat' dir='ltr'>S.</span> <span class='ocrx_word' id='word_1_743' title='bbox 1217 4746 1373 4817; x_wconf 79' lang='lat' dir='ltr'>Gregorius</span> <span class='ocrx_word' id='word_1_744' title='bbox 1388 4763 1396 4802; x_wconf 93' lang='lat'><strong>:</strong></span> <span class='ocrx_word' id='word_1_745' title='bbox 1414 4764 1428 4798; x_wconf 77' lang='lat' dir='ltr'>e</span> <span class='ocrx_word' id='word_1_746' title='bbox 1441 4747 1617 4818; x_wconf 80' lang='lat' dir='ltr'>Plerumque</span> <span class='ocrx_word' id='word_1_747' title='bbox 1622 4746 1697 4817; x_wconf 88' lang='lat' dir='ltr'>,ait,</span> <span class='ocrx_word' id='word_1_748' title='bbox 1711 4762 1780 4819; x_wconf 86' lang='lat' dir='ltr'>gra·</span> 
     </span>
     <span class='ocr_line' id='line_1_55' title="bbox 145 4829 1780 4913; baseline -0.007 -16"><span class='ocrx_word' id='word_1_749' title='bbox 145 4841 196 4897; x_wconf 89' lang='lat' dir='ltr'>nia</span> <span class='ocrx_word' id='word_1_750' title='bbox 211 4841 303 4913; x_wconf 79' lang='lat' dir='ltr'>(hanc</span> <span class='ocrx_word' id='word_1_751' title='bbox 317 4838 396 4897; x_wconf 91' lang='lat' dir='ltr'>enim</span> <span class='ocrx_word' id='word_1_752' title='bbox 408 4836 571 4910; x_wconf 86' lang='lat' dir='ltr'>symbolice</span> <span class='ocrx_word' id='word_1_753' title='bbox 590 4837 619 4890; x_wconf 92' lang='lat' dir='ltr'>ct</span> <span class='ocrx_word' id='word_1_754' title='bbox 634 4833 817 4908; x_wconf 87' lang='lat' dir='ltr'>tropologice</span> <span class='ocrx_word' id='word_1_755' title='bbox 831 4831 942 4906; x_wconf 87' lang='lat' dir='ltr'>signill-</span> <span class='ocrx_word' id='word_1_756' title='bbox 986 4834 1043 4891; x_wconf 91' lang='lat' dir='ltr'>tior</span> <span class='ocrx_word' id='word_1_757' title='bbox 1058 4835 1102 4889; x_wconf 90' lang='lat' dir='ltr'>est</span> <span class='ocrx_word' id='word_1_758' title='bbox 1115 4834 1172 4888; x_wconf 79' lang='lat' dir='ltr'>lico</span> <span class='ocrx_word' id='word_1_759' title='bbox 1188 4830 1304 4886; x_wconf 79' lang='lat' dir='ltr'>fervens</span> <span class='ocrx_word' id='word_1_760' title='bbox 1318 4835 1386 4903; x_wconf 89' lang='lat' dir='ltr'>post</span> <span class='ocrx_word' id='word_1_761' title='bbox 1404 4830 1525 4903; x_wconf 89' lang='lat' dir='ltr'>culpam</span> <span class='ocrx_word' id='word_1_762' title='bbox 1538 4829 1616 4898; x_wconf 87' lang='lat' dir='ltr'>vita,</span> <span class='ocrx_word' id='word_1_763' title='bbox 1630 4846 1722 4902; x_wconf 85' lang='lat' dir='ltr'>quam</span> <span class='ocrx_word' id='word_1_764' title='bbox 1736 4845 1780 4891; x_wconf 87' lang='lat' dir='ltr'>se-</span> 
     </span>
     <span class='ocr_line' id='line_1_56' title="bbox 147 4912 1780 4996; baseline -0.004 -15"><span class='ocrx_word' id='word_1_765' title='bbox 147 4928 193 4982; x_wconf 89' lang='lat' dir='ltr'>cat</span> <span class='ocrx_word' id='word_1_766' title='bbox 213 4920 440 4996; x_wconf 87' lang='lat' dir='ltr'>chrysoprasus)</span> <span class='ocrx_word' id='word_1_767' title='bbox 465 4918 497 4976; x_wconf 91' lang='lat' dir='ltr'>in</span> <span class='ocrx_word' id='word_1_768' title='bbox 521 4917 690 4987; x_wconf 79' lang='lat' dir='ltr'>haereticos,</span> <span class='ocrx_word' id='word_1_769' title='bbox 714 4919 796 4991; x_wconf 92' lang='lat' dir='ltr'>patet</span> <span class='ocrx_word' id='word_1_770' title='bbox 817 4933 855 4972; x_wconf 85' lang='lat' dir='ltr'>ex</span> <span class='ocrx_word' id='word_1_771' title='bbox 877 4918 941 4988; x_wconf 87' lang='lat' dir='ltr'>ejus</span> <span class='ocrx_word' id='word_1_772' title='bbox 986 4916 1106 4976; x_wconf 90' lang='lat' dir='ltr'>curitate</span> <span class='ocrx_word' id='word_1_773' title='bbox 1127 4919 1248 4986; x_wconf 89' lang='lat' dir='ltr'>torpens</span> <span class='ocrx_word' id='word_1_774' title='bbox 1269 4912 1447 4971; x_wconf 87' lang='lat' dir='ltr'>innocentia.</span> <span class='ocrx_word' id='word_1_775' title='bbox 1469 4933 1483 4966; x_wconf 80' lang='lat' dir='ltr'>u</span> <span class='ocrx_word' id='word_1_776' title='bbox 1508 4917 1568 4970; x_wconf 85' lang='lat' dir='ltr'>lloo</span> <span class='ocrx_word' id='word_1_777' title='bbox 1589 4930 1696 4972; x_wconf 87' lang='lat' dir='ltr'>verum</span> <span class='ocrx_word' id='word_1_778' title='bbox 1715 4932 1780 4975; x_wconf 86' lang='lat' dir='ltr'>esse</span> 
     </span>
     <span class='ocr_line' id='line_1_57' title="bbox 148 4997 1779 5082; baseline -0.006 -16"><span class='ocrx_word' id='word_1_779' title='bbox 148 5008 283 5082; x_wconf 88' lang='lat' dir='ltr'>epistola.</span> <span class='ocrx_word' id='word_1_780' title='bbox 986 5002 1066 5074; x_wconf 90' lang='lat' dir='ltr'>patet</span> <span class='ocrx_word' id='word_1_781' title='bbox 1078 4999 1110 5055; x_wconf 91' lang='lat' dir='ltr'>in</span> <span class='ocrx_word' id='word_1_782' title='bbox 1123 4999 1150 5055; x_wconf 87' lang='lat' dir='ltr'>S.</span> <span class='ocrx_word' id='word_1_783' title='bbox 1165 4998 1314 5066; x_wconf 82' lang='lat' dir='ltr'>iiatthaeo,</span> <span class='ocrx_word' id='word_1_784' title='bbox 1327 4999 1425 5067; x_wconf 88' lang='lat' dir='ltr'>Petro,</span> <span class='ocrx_word' id='word_1_785' title='bbox 1440 4997 1531 5054; x_wconf 88' lang='lat' dir='ltr'>Paulo</span> <span class='ocrx_word' id='word_1_786' title='bbox 1544 5001 1574 5054; x_wconf 90' lang='lat' dir='ltr'>et</span> <span class='ocrx_word' id='word_1_787' title='bbox 1586 4997 1663 5055; x_wconf 86' lang='lat' dir='ltr'>aliis</span> <span class='ocrx_word' id='word_1_788' title='bbox 1676 5001 1779 5057; x_wconf 85' lang='lat' dir='ltr'>Narrat</span> 
     </span>
     <span class='ocr_line' id='line_1_58' title="bbox 181 5080 1781 5155; baseline -0.004 -10"><span class='ocrx_word' id='word_1_789' title='bbox 181 5090 209 5145; x_wconf 89' lang='lat' dir='ltr'>S.</span> <span class='ocrx_word' id='word_1_790' title='bbox 225 5085 398 5143; x_wconf 84' lang='lat' dir='ltr'>Pachourius</span> <span class='ocrx_word' id='word_1_791' title='bbox 412 5099 449 5141; x_wconf 88' lang='lat' dir='ltr'>ex</span> <span class='ocrx_word' id='word_1_792' title='bbox 463 5082 565 5140; x_wconf 86' lang='lat' dir='ltr'>loetore</span> <span class='ocrx_word' id='word_1_793' title='bbox 580 5082 730 5139; x_wconf 89' lang='lat' dir='ltr'>teterrimo</span> <span class='ocrx_word' id='word_1_794' title='bbox 745 5081 866 5155; x_wconf 87' lang='lat' dir='ltr'>agnovit</span> <span class='ocrx_word' id='word_1_795' title='bbox 880 5081 943 5138; x_wconf 91' lang='lat' dir='ltr'>Ori·</span> <span class='ocrx_word' id='word_1_796' title='bbox 986 5082 1134 5140; x_wconf 87' lang='lat' dir='ltr'>Palladius</span> <span class='ocrx_word' id='word_1_797' title='bbox 1147 5081 1180 5137; x_wconf 91' lang='lat' dir='ltr'>in</span> <span class='ocrx_word' id='word_1_798' title='bbox 1193 5083 1343 5144; x_wconf 76' lang='lat' dir='ltr'>lausiaca,</span> <span class='ocrx_word' id='word_1_799' title='bbox 1358 5093 1423 5152; x_wconf 89' lang='lat' dir='ltr'>cap.</span> <span class='ocrx_word' id='word_1_800' title='bbox 1438 5094 1506 5150; x_wconf 81' lang='lat' dir='ltr'>cru,</span> <span class='ocrx_word' id='word_1_801' title='bbox 1522 5080 1560 5136; x_wconf 88' lang='lat' dir='ltr'>de</span> <span class='ocrx_word' id='word_1_802' title='bbox 1573 5080 1707 5154; x_wconf 84' lang='lat' dir='ltr'>quadam</span> <span class='ocrx_word' id='word_1_803' title='bbox 1722 5082 1781 5140; x_wconf 86' lang='lat' dir='ltr'>vir-</span> 
     </span>
     <span class='ocr_line' id='line_1_59' title="bbox 147 5162 1780 5245; baseline -0.003 -17"><span class='ocrx_word' id='word_1_804' title='bbox 147 5171 286 5245; x_wconf 89' lang='lat' dir='ltr'>genistas,</span> <span class='ocrx_word' id='word_1_805' title='bbox 300 5170 401 5244; x_wconf 85' lang='lat' dir='ltr'>cisque</span> <span class='ocrx_word' id='word_1_806' title='bbox 414 5167 542 5224; x_wconf 91' lang='lat' dir='ltr'>minatus</span> <span class='ocrx_word' id='word_1_807' title='bbox 552 5171 594 5224; x_wconf 91' lang='lat' dir='ltr'>cst</span> <span class='ocrx_word' id='word_1_808' title='bbox 604 5166 770 5238; x_wconf 86' lang='lat' dir='ltr'>gehennam</span> <span class='ocrx_word' id='word_1_809' title='bbox 779 5165 811 5221; x_wconf 92' lang='lat' dir='ltr'>ni</span> <span class='ocrx_word' id='word_1_810' title='bbox 825 5164 943 5237; x_wconf 88' lang='lat' dir='ltr'>resipis·</span> <span class='ocrx_word' id='word_1_811' title='bbox 986 5168 1054 5239; x_wconf 89' lang='lat' dir='ltr'>gine</span> <span class='ocrx_word' id='word_1_812' title='bbox 1068 5167 1163 5239; x_wconf 89' lang='lat' dir='ltr'>lapsa,</span> <span class='ocrx_word' id='word_1_813' title='bbox 1174 5181 1241 5238; x_wconf 78' lang='lat' dir='ltr'>quae</span> <span class='ocrx_word' id='word_1_814' title='bbox 1254 5162 1462 5237; x_wconf 75' lang='lat' dir='ltr'>paenitensper</span> <span class='ocrx_word' id='word_1_815' title='bbox 1473 5167 1509 5222; x_wconf 86' lang='lat'>30</span> <span class='ocrx_word' id='word_1_816' title='bbox 1522 5177 1617 5223; x_wconf 74' lang='lat' dir='ltr'>annos</span> <span class='ocrx_word' id='word_1_817' title='bbox 1626 5165 1780 5239; x_wconf 70' lang='lat' dir='ltr'>mancipe-</span> 
     </span>
     <span class='ocr_line' id='line_1_60' title="bbox 148 5247 1767 5326; baseline -0.003 -14"><span class='ocrx_word' id='word_1_818' title='bbox 148 5260 256 5326; x_wconf 89' lang='lat' dir='ltr'>cerent,</span> <span class='ocrx_word' id='word_1_819' title='bbox 268 5260 297 5313; x_wconf 91' lang='lat' dir='ltr'>et</span> <span class='ocrx_word' id='word_1_820' title='bbox 309 5253 402 5311; x_wconf 91' lang='lat' dir='ltr'>libros</span> <span class='ocrx_word' id='word_1_821' title='bbox 412 5250 543 5324; x_wconf 85' lang='lat' dir='ltr'>origenis</span> <span class='ocrx_word' id='word_1_822' title='bbox 555 5251 585 5307; x_wconf 92' lang='lat' dir='ltr'>in</span> <span class='ocrx_word' id='word_1_823' title='bbox 599 5251 712 5307; x_wconf 87' lang='lat' dir='ltr'>llumcu</span> <span class='ocrx_word' id='word_1_824' title='bbox 726 5251 942 5321; x_wconf 80' lang='lat' dir='ltr'>demergerent,</span> <span class='ocrx_word' id='word_1_825' title='bbox 986 5250 1027 5305; x_wconf 90' lang='lat' dir='ltr'>vit</span> <span class='ocrx_word' id='word_1_826' title='bbox 1041 5266 1072 5305; x_wconf 88' lang='lat' dir='ltr'>se</span> <span class='ocrx_word' id='word_1_827' title='bbox 1088 5248 1235 5322; x_wconf 82' lang='lat' dir='ltr'>obsequio</span> <span class='ocrx_word' id='word_1_828' title='bbox 1251 5251 1445 5318; x_wconf 83' lang='lat' dir='ltr'>aegrotorum,</span> <span class='ocrx_word' id='word_1_829' title='bbox 1456 5262 1631 5306; x_wconf 87' lang='lat' dir='ltr'>mancorum</span> <span class='ocrx_word' id='word_1_830' title='bbox 1643 5265 1678 5306; x_wconf 89' lang='lat' dir='ltr'>ao</span> <span class='ocrx_word' id='word_1_831' title='bbox 1692 5247 1767 5307; x_wconf 40' lang='lat' dir='ltr'>nr‘ss</span> 
     </span>
    </p>
   </div>
   <div class='ocr_carea' id='block_1_10' title="bbox 86 5330 1712 5487">
    <p class='ocr_par' dir='ltr' id='par_1_13' title="bbox 86 5330 1712 5487">
     <span class='ocr_line' id='line_1_61' title="bbox 86 5330 1712 5417; baseline -0.002 -23"><span class='ocrx_word' id='word_1_832' title='bbox 86 5410 94 5417; x_wconf 32' lang='grc' dir='ltr'>Ι</span> <span class='ocrx_word' id='word_1_833' title='bbox 148 5343 181 5394; x_wconf 93' lang='lat' dir='ltr'>ut</span> <span class='ocrx_word' id='word_1_834' title='bbox 193 5341 273 5412; x_wconf 90' lang='lat' dir='ltr'>patet</span> <span class='ocrx_word' id='word_1_835' title='bbox 290 5354 327 5394; x_wconf 87' lang='lat' dir='ltr'>ex</span> <span class='ocrx_word' id='word_1_836' title='bbox 341 5337 403 5393; x_wconf 90' lang='lat' dir='ltr'>Vita</span> <span class='ocrx_word' id='word_1_837' title='bbox 421 5337 484 5409; x_wconf 83' lang='lat' dir='ltr'>ejus</span> <span class='ocrx_word' id='word_1_838' title='bbox 491 5375 502 5407; x_wconf 92' lang='lat'>,</span> <span class='ocrx_word' id='word_1_839' title='bbox 517 5333 611 5409; x_wconf 85' lang='lat' dir='ltr'>capite</span> <span class='ocrx_word' id='word_1_840' title='bbox 629 5331 704 5391; x_wconf 75' lang='lat' dir='ltr'>xilv.</span> <span class='ocrx_word' id='word_1_841' title='bbox 718 5334 764 5392; x_wconf 87' lang='lat' dir='ltr'>Sic</span> <span class='ocrx_word' id='word_1_842' title='bbox 780 5335 942 5408; x_wconf 69' lang='lat' dir='ltr'>aphraates</span> <span class='ocrx_word' id='word_1_843' title='bbox 986 5335 1131 5400; x_wconf 83' lang='lat' dir='ltr'>latorum,</span> <span class='ocrx_word' id='word_1_844' title='bbox 1151 5333 1252 5407; x_wconf 88' lang='lat' dir='ltr'>itaque</span> <span class='ocrx_word' id='word_1_845' title='bbox 1266 5330 1379 5405; x_wconf 87' lang='lat' dir='ltr'>placuit</span> <span class='ocrx_word' id='word_1_846' title='bbox 1394 5333 1470 5401; x_wconf 86' lang='lat' dir='ltr'>Deo,</span> <span class='ocrx_word' id='word_1_847' title='bbox 1486 5334 1520 5388; x_wconf 91' lang='lat' dir='ltr'>nt</span> <span class='ocrx_word' id='word_1_848' title='bbox 1536 5330 1655 5389; x_wconf 83' lang='lat' dir='ltr'>cuidam</span> <span class='ocrx_word' id='word_1_849' title='bbox 1676 5345 1712 5391; x_wconf 80' lang='lat' dir='ltr'>su</span> 
     </span>
     <span class='ocr_line' id='line_1_62' title="bbox 762 5446 830 5487; baseline 0 -27"><span class='ocrx_word' id='word_1_850' title='bbox 762 5446 830 5487; x_wconf 40' lang='lat' dir='ltr'>rr,</span> 
     </span>
    </p>
   </div>
   <div class='ocr_carea' id='block_1_11' title="bbox 0 0 2015 5976">
    <p class='ocr_par' dir='ltr' id='par_1_14' title="bbox 0 0 2015 5976">
     <span class='ocr_line' id='line_1_63' title="bbox 0 0 2015 5976; baseline 0 0"><span class='ocrx_word' id='word_1_851' title='bbox 0 0 2015 5976; x_wconf 95' lang='lat' dir='ltr'> </span> 
     </span>
    </p>
   </div>
  </div>
 </body>
</html>
