4118 6042
659 287 956 350 torneamenta
975 279 1131 362 aronun,
1149 301 1212 350 err.
1231 283 1299 354 llll.
1342 357 1346 366 ¹
1747 289 1801 350 863

165 385 236 454 civis
254 388 315 466 ogit
323 411 334 466 ;
348 391 380 455 iu
396 395 496 456 morte
514 391 615 456 linium
635 395 699 456 bac
717 396 880 468 comoedia3
894 399 960 460 bam
1002 397 1085 456 daus
1098 396 1200 467 vertit,
1214 413 1351 456 ιειιιιειι
1362 400 1403 454 est
1417 395 1455 454 cd
1468 409 1549 453 suam
1560 398 1696 470 ctgcrea,
1709 395 1743 458 iel
1757 399 1801 454 est

163 475 291 548 quisque
305 493 391 534 suam
401 494 575 552 personam,
587 495 681 552 quam
695 480 799 551 gessit,
814 497 883 537 suas
895 498 962 538 ves·
1000 481 1041 538 ad
1054 484 1163 538 statum
1175 484 1205 538 et
1217 480 1319 540 locum
1335 479 1518 553 naturalem,
1531 479 1564 537 in
1580 495 1643 553 quo
1657 479 1744 554 quasi
1757 478 1803 538 ri-

163 562 223 638 tas,
238 575 309 618 suos
317 560 419 620 titulos
432 562 526 638 ponit.
538 566 574 620 bt.
586 563 749 634 Antonius,
764 569 798 620 ut
810 563 899 622 refert
911 567 959 622 Se·
999 564 1043 622 vit
1055 568 1084 622 et
1094 565 1172 638 riget
1186 581 1267 624 mara
1283 565 1331 640 (t).

163 657 249 714 neca,
262 643 316 702 lib.
331 645 365 702 Vl
377 649 416 702 ilc
430 649 579 718 Beneficiis,
593 663 659 720 cap.
671 663 715 718 ιιι,
725 664 796 706 cum
807 649 959 708 fortunam
1034 651 1126 706 Nota:
1139 651 1228 720 Deus,
1241 649 1273 706 id
1284 653 1328 708 est
1338 649 1470 722 Angelus
1484 649 1547 710 vice
1559 649 1619 720 nei,
1635 653 1686 708 aut
1698 648 1800 723 potius

164 739 251 784 suam
267 727 343 794 alio,
356 729 395 785 ad
409 729 564 800 Caesarem,
581 730 705 788 transire
717 731 846 802 videret,
858 737 887 790 et
900 732 959 790 sibi
999 732 1103 803 angeli
1115 731 1215 806 plures
1229 732 1301 807 (nec
1313 733 1393 792 enim
1407 750 1486 790 unus
1504 749 1558 807 per
1574 750 1626 792 sex
1643 733 1798 802 milliaria,

163 809 238 868 nihil
251 811 386 870 relictum
399 817 504 886 praeter
514 813 563 884 jus
572 814 687 884 mortis,
701 814 794 870 dixit:
810 818 893 872 ailoe
905 815 958 872 ha·
1001 814 1115 890 quibus
1132 816 1227 873 latum
1239 820 1300 874 erat
1316 832 1398 876 mure
1409 816 1556 888 Rubrum,
1577 833 1608 874 se
1625 817 1800 888 extendere,

163 890 239 964 beo,
254 895 466 968 quodcumque
480 894 586 953 dedi.»
603 901 751 968 Augustus
769 898 832 970 ipsc
851 901 956 969 Casas,
998 899 1102 972 ibique
1121 915 1215 974 aquas
1229 917 1333 958 omncs
1352 900 1533 974 suspendere
1554 899 1725 974 potuisset),
1747 899 1801 974 qui

164 977 217 1051 qul
228 981 264 1036 aa
275 995 369 1036 annos
382 981 413 1038 in
427 985 508 1038 tanta
520 980 654 1038 felicitate
665 986 694 1040 et
708 983 802 1054 gloria
812 983 956 1054 regnauit,
999 997 1093 1055 aquas
1111 984 1201 1040 maris
1219 984 1385 1056 hucusque,
1401 985 1497 1042 donec
1515 983 1625 1040 scilicet
1642 983 1801 1040 transirent

163 1064 292 1120 moriens
306 1064 421 1122 vocavit
432 1065 555 1135 amicos,
570 1071 658 1138 atque
671 1083 722 1124 eos
734 1067 849 1137 rogavit
863 1085 870 1124 :
886 1067 957 1124 usa-
999 1064 1126 1136 llebraei,
1146 1068 1361 1140 suspenderant
1384 1071 1413 1123 et
1436 1066 1640 1136 detinuerant,
1659 1081 1740 1124 nunc
1762 1064 1800 1121 iis

162 1145 324 1204 tisnebelle
337 1161 498 1220 personam
514 1164 614 1208 meam
626 1150 723 1220 egit»
740 1150 843 1223 utique
856 1149 888 1206 in
902 1149 956 1206 im·
998 1150 1203 1222 transgressis,
1223 1156 1252 1210 et
1271 1150 1414 1224 AEgyptiis
1432 1150 1589 1222 ingressis,
1608 1165 1657 1206 aas
1677 1164 1798 1208 rursum

161 1228 954 1306 pario,quusiincomoedia:cumqueilliannucrent:
999 1231 1167 1303 dimittunt,
1181 1237 1213 1290 ut
1235 1234 1365 1292 violento
1388 1233 1502 1306 impetu
1523 1232 1556 1288 in
1576 1230 1736 1304 pristinum
1756 1230 1800 1294 al-

165 1311 286 1370 evalete
300 1329 382 1384 ergo,
396 1313 493 1388 inquit
500 1357 511 1388 ,
524 1319 552 1372 et
563 1315 695 1390 plaudite
702 1333 735 1387 3»
751 1319 840 1389 atque
852 1315 957 1372 reduc·
997 1330 1087 1372 veum
1108 1320 1301 1388 proruerent,
1324 1315 1398 1374 serie
1417 1321 1518 1372 tamen
1540 1314 1675 1372 ordinata
1696 1333 1705 1372 r
1726 1329 1799 1374 nam

161 1395 198 1451 tis
216 1396 337 1455 cortinis
354 1397 485 1456 animam
504 1397 652 1456 exhalavit
670 1398 789 1468 infelix,
804 1399 899 1456 iturus
916 1397 957 1454 ad
998 1397 1096 1471 primo
1108 1399 1147 1455 ab
1157 1399 1199 1456 eis
1211 1400 1339 1457 dimissa
1349 1404 1418 1456 sunt
1430 1415 1527 1473 aquae,
1538 1414 1606 1472 quaa
1620 1402 1703 1456 erant
1712 1399 1799 1469 juxta

161 1482 279 1538 tartara.
997 1483 1095 1554 littus,
1108 1483 1226 1558 illaeque
1240 1484 1339 1559 primo
1353 1484 1504 1553 coierunt,
1519 1483 1626 1540 deinde
1640 1485 1797 1556 sequentes

197 1562 251 1619 Ubi
260 1564 327 1636 jam
336 1580 440 1622 currus
445 1607 455 1636 ,
466 1566 579 1640 equites
593 1571 622 1626 et
634 1565 742 1640 aquila
751 1564 957 1639 Angustitubi
999 1566 1108 1624 sensim
1128 1567 1250 1624 ulterius
1256 1585 1265 1639 3
1284 1567 1364 1626 unde
1383 1565 1566 1638 fugientibus
1587 1565 1749 1640 AEgyptiis,
1768 1569 1799 1624 et

161 1649 302 1722 pompae?
315 1648 369 1706 ubi
382 1649 544 1724 triumphi?
558 1651 611 1708 ubi
624 1651 811 1726 voluptates?
822 1651 876 1709 ubi
889 1650 957 1710 libi·
998 1651 1039 1708 ad
1060 1649 1141 1708 littus
1161 1668 1250 1709 suum
1271 1651 1508 1721 recurrentibus,
1526 1649 1643 1708 eminus
1661 1665 1797 1708 occurre·

163 1733 265 1790 dines?
283 1749 302 1790 c
319 1749 412 1807 qnam
430 1735 493 1806 J'am
515 1737 617 1794 mallet
632 1740 781 1810 augemus
799 1751 957 1812 nunquam
997 1740 1068 1792 runt
1079 1751 1165 1810 aqum
1182 1736 1241 1792 hoc
1252 1735 1356 1793 ordine
1368 1739 1506 1793 coeuntes
1521 1752 1529 1790 ι
1546 1738 1578 1790 ut
1591 1733 1700 1790 scilicet
1712 1737 1795 1792 tanto

92 1885 101 1895 ·
162 1816 252 1873 fuisse
265 1822 413 1889 Augustus
426 1835 536 1892 :quam
548 1819 649 1877 mallet
660 1835 774 1894 pauper
788 1820 879 1878 fuisse
892 1836 957 1876 rus·
997 1818 1156 1878 terribilior
1167 1825 1242 1878 esset
1253 1836 1359 1877 eorum
1371 1835 1459 1894 poena
1472 1823 1500 1875 et
1509 1817 1685 1888 submersio,
1700 1833 1795 1891 quau-

161 1900 237 1969 ticus
257 1901 450 1959 Christianusl
468 1905 653 1960 «Remanent
670 1904 702 1960 in
721 1904 846 1973 saeculo,
861 1902 957 1976 inquit
998 1906 1029 1960 tc
1040 1903 1173 1976 longiore
1185 1917 1296 1978 pavore
1310 1907 1338 1959 et
1348 1901 1564 1976 exspectatione
1579 1905 1640 1958 erat
1653 1900 1793 1959 formida·

131 2016 137 2032 ι
163 1985 191 2042 S.
206 1985 378 2044 ambrosius
390 1985 493 2044 inbre.
504 2003 557 2056 ιιι,
567 1992 671 2044 cuncta
681 2003 749 2061 quae
759 1987 955 2044 saculisunt:
998 1984 1097 2056 bilior,
1112 2003 1182 2044 cum
1200 1987 1316 2044 eminus
1335 2003 1429 2060 aquas
1448 1984 1581 2056 ultrices,
1597 1985 1705 2058 quibus
1718 2001 1795 2044 mar·

163 2079 228 2125 sora
243 2068 337 2125 virtus
357 2085 456 2128 comes
473 2073 517 2126 est
537 2070 781 2128 detunctorum.»
798 2072 900 2139 Quaere
917 2068 956 2128 ab
999 2070 1088 2140 gendi
1108 2074 1205 2142 erant,
1221 2069 1332 2126 sensim
1347 2068 1426 2126 coire
1443 2072 1472 2126 et
1485 2068 1661 2138 adventare,
1676 2068 1793 2127 diutino

162 2151 256 2224 impio
269 2152 301 2208 in
314 2157 409 2209 morte
424 2171 431 2208 ι
447 2156 547 2224 Regna
557 2158 585 2210 et
599 2170 671 2227 opes
685 2171 752 2228 qua
765 2154 890 2227 parasti,
906 2169 957 2210 cu·
998 2152 1105 2210 intuitu
1119 2154 1334 2227 conspicerent,
1346 2167 1417 2210 nam
1430 2169 1508 2228 saepe
1529 2154 1636 2227 cpejor
1654 2158 1699 2212 cst
1711 2153 1793 2212 bello

159 2234 329 2305 inserunt?
347 2237 539 2310 respondebit
554 2255 561 2293 ι
578 2241 640 2295 Heu
659 2253 722 2295 non
743 2253 811 2295 mea
827 2236 956 2312 amplius
998 2236 1087 2294 timor
1100 2238 1163 2310 ipse
1176 2236 1257 2295 belli.
1277 2257 1291 2292 ι

163 2325 263 2392 erunt,
276 2321 330 2378 sed
341 2320 478 2378 aliorum.
494 2323 596 2390 Quare
608 2323 729 2394 ajusto:
746 2325 817 2392 Quae
830 2320 955 2396 parasti‚·
1033 2322 1079 2376 29.
1094 2323 1166 2378 Frui
1179 2337 1272 2378 auran
1291 2323 1390 2380 lsnarr.
1403 2327 1604 2380 ranrrrrruar
1616 2335 1670 2378 ιιι
1683 2336 1793 2378 raorur
1808 2341 1866 2384 van.
1876 2343 1911 2386 rc,

163 2401 247 2474 cujus
266 2404 372 2460 crunt?
384 2404 576 2480 respondebit
591 2423 598 2460 :
615 2407 676 2462 ltea
696 2409 782 2462 erunt
801 2405 831 2460 in
850 2404 956 2478 sempi-
999 2418 1069 2462 srccr
1088 2419 1182 2460 naurs.
1195 2408 1287 2462 -Est
1297 2405 1562 2478 anacephaleosis3
1575 2406 1637 2478 jam
1651 2405 1731 2462 enim
1742 2420 1795 2464 an·

161 2490 288 2544 ternum.
307 2489 425 2562 «Opera
437 2488 517 2544 enim
529 2487 649 2544 illorum
664 2493 829 2562 sequuntur
842 2486 953 2558 illos;r
997 2491 1118 2559 tequam
1129 2491 1330 2558 mergerentur
1338 2487 1476 2560 AEgyptii,
1487 2503 1568 2545 mare
1581 2488 1638 2544 hoc
1647 2491 1793 2562 pertrans·
1867 2505 1868 2510 ¹

163 2571 275 2628 caduca
287 2569 370 2627 bona
385 2586 438 2645 per
456 2569 594 2628 virtutem
602 2613 612 2642 ,
625 2586 678 2644 per
696 2585 841 2644 pauperes
854 2569 885 2626 in
899 2587 957 2628 ιιι·
997 2570 1091 2628 ierant
1104 2569 1216 2626 Hebraei
1229 2587 1237 2625 ι
1252 2570 1284 2626 in
1297 2569 1389 2626 altera
1403 2570 1483 2627 enim
1496 2571 1562 2642 ripa
1575 2571 1667 2626 Moses
1683 2571 1794 2628 consis-

163 2653 228 2712 lum
248 2653 402 2724 transtuli,
426 2670 462 2712 ex
487 2655 685 2728 temporaneis
707 2653 826 2711 reddidi
849 2651 956 2728 sempi-
997 2659 1071 2725 tens,
1086 2669 1252 2727 manusque
1266 2669 1356 2728 super
1369 2651 1397 2710 e't
1410 2654 1792 2726 contremereextendens,
1875 2715 1877 2719 ,

163 2739 255 2794 terna.
270 2737 346 2794 Audi
360 2737 488 2812 denique
502 2737 686 2810 epitaphium
699 2736 868 2794 Pharaonis.
998 2735 1085 2811 quasi
1101 2737 1159 2794 hoc
1175 2737 1260 2807 signo
1276 2752 1371 2810 aquas
1385 2752 1544 2807 revocans,
1561 2753 1611 2794 eas
1626 2738 1689 2808 jam
1706 2747 1795 2796 redu·

62 2835 137 2894 upta-
199 2820 253 2878 Ubi
266 2837 362 2890 nunc,
376 2821 505 2890 Pherae,
518 2823 705 2894 taasceptra,
720 2819 763 2876 tui
777 2835 891 2890 currus,
904 2824 957 2877 tua
997 2825 1099 2890 xerat,
1115 2835 1184 2876 cum
1202 2817 1317 2876 Hebraei
1330 2819 1394 2890 jam
1410 2823 1530 2890 agerent
1549 2820 1580 2876 in
1593 2824 1656 2876 tuto
1676 2821 1792 2891 littore,

48 2895 143 3002 ιξῧᾙ
163 2905 276 2961 castrat
287 2903 339 2962 ubi
349 2909 417 2962 tuus
428 2903 530 2973 iaetus,
544 2904 634 2960 draco
648 2917 767 2973 magne,
779 2902 831 2975 qui
842 2901 956 2960 hubita-
999 2901 1126 2976 AEgyptii
1144 2917 1214 2959 vero
1236 2902 1267 2958 in
1287 2917 1369 2959 mare
1385 2906 1598 2974 mergerentur.
1612 2905 1794 2975 Recepitulat

75 3021 119 3066 g,
163 2987 360 3046 basinmedio
368 2985 525 3044 fluminum
534 2989 699 3050 tuorum,ct
709 2983 873 3042 devorabas
883 2983 956 3042 allas
999 3001 1069 3056 ergo
1080 2984 1128 3040 hic
1138 2985 1231 3042 ltoses
1245 2984 1375 3042 anterius
1386 2985 1474 3055 dicta,
1486 2991 1520 3043 ut
1529 2985 1655 3042 inculcet
1666 2984 1793 3044 Hebraeis

163 3073 348 3146 gentestubi
362 3077 414 3130 tua
427 3087 485 3129 ιοι
499 3089 506 3126 :
521 3073 608 3128 «Non
621 3068 955 3142 cognoscobcminum3
998 3068 1173 3126 memoriam
1191 3072 1278 3126 tantoe
1296 3069 1493 3140 liberationis,
1508 3073 1537 3127 et
1554 3074 1615 3128 tam
1633 3067 1794 3128 ielicismi·
1884 3139 1892 3148 ,

162 3173 247 3214 meus
259 3162 302 3214 est
312 3156 432 3227 fluvius,
443 3159 472 3214 et
483 3171 539 3228 ego
548 3153 603 3214 leci
616 3153 867 3228 memetipsumt»
881 3169 957 3227 quo-
998 3154 1083 3228 rique
1096 3150 1234 3210 transitus
1251 3166 1305 3225 ρει
1319 3168 1414 3222 mare,
1430 3156 1464 3210 ut
1480 3153 1523 3210 illi
1533 3153 1642 3226 jugiter
1658 3153 1734 3212 illud
1746 3171 1794 3212 re·

162 3241 255 3298 modo
268 3239 396 3297 recidisti
410 3240 446 3296 de
459 3239 534 3296 coelo
542 3281 551 3310 ,
567 3237 690 3310 Luciler,
705 3236 759 3311 qui
776 3253 865 3294 mane
879 3237 956 3294 orie·
999 3237 1115 3307 colant,
1129 3237 1248 3310 becque
1263 3236 1371 3306 gratias
1385 3240 1483 3308 agant.

163 3325 265 3382 borist
278 3323 414 3398 spoliasti
428 3324 583 3396 tlebraeos,
597 3338 677 3381 nunc
691 3322 748 3396 ipsi
762 3321 956 3396 spoliantter
1036 3324 1167 3390 Quaeres,
1183 3336 1222 3378 aa
1235 3319 1349 3378 Hebraei
1361 3322 1528 3380 transierint
1547 3338 1628 3380 mara
1647 3326 1841 3390 transvena„
1865 3345 1900 3390 ιι,

163 3407 289 3464 mersisti
308 3405 435 3464 infantes
452 3422 571 3476 eorum,
586 3421 665 3462 nunc
682 3404 746 3477 ipse
765 3403 905 3476 mergeris
925 3405 958 3460 in
1001 3422 1080 3474 sum,
1095 3404 1135 3461 ita
1149 3407 1182 3460 ut
1202 3404 1233 3460 in
1252 3407 1367 3476 partem
1386 3405 1557 3476 adversam,
1571 3406 1631 3463 sive
1644 3405 1724 3464 littus
1739 3423 1793 3482 op·
1832 3406 1883 3479 brer

163 3490 239 3548 mari
248 3487 360 3560 Rubro,
371 3489 511 3560 mergeris
525 3489 556 3546 in
569 3487 713 3559 sanguine
726 3492 778 3544 tuo
789 3505 798 3543 ι
810 3487 958 3544 devorasti
1000 3488 1130 3560 positum
1144 3487 1348 3560 penetrarintt
1394 3496 1397 3503 '
1804 3472 1910 3576 53⁵¹ss

163 3589 228 3644 eos,
247 3589 327 3631 nunc
336 3572 430 3646 pisces
443 3575 549 3628 vorant
564 3575 606 3642 te,
621 3574 649 3626 et
662 3570 756 3628 factus
769 3586 800 3626 es
815 3585 880 3627 esca
893 3585 958 3628 cor·
1035 3575 1144 3644 Negant
1154 3571 1291 3642 Rabbini,
1302 3571 1457 3630 hbulensis
1467 3577 1495 3629 et
1504 3574 1794 3648 Burgensis,putant·
1805 3595 1853 3636 rum
1862 3603 1911 3637 ma-

163 3656 208 3714 vis
221 3655 567 3731 etpopulisAEthiopum.
581 3653 637 3712 Sed
651 3653 714 3709 haec
726 3657 916 3725 temporanea
928 3657 958 3712 et
1000 3661 1058 3730 qn'e
1077 3655 1213 3712 liebroeos
1231 3654 1262 3712 in
1285 3654 1343 3712 hoc
1361 3656 1483 3712 transitu
1505 3655 1607 3714 fecisse
1627 3658 1795 3716 semicircu-
1806 3663 1829 3697 ¹⁶
1849 3663 1911 3710 arne·

164 3741 251 3798 cxilia
262 3743 331 3796 sunt
342 3757 349 3796 :
361 3737 431 3796 audi
444 3743 561 3807 aeterna,
571 3741 599 3794 et
607 3737 637 3794 in
648 3741 793 3794 aeternum
806 3737 955 3808 lugenda:
999 3740 1073 3811 lum,
1088 3740 1197 3796 scilicet
1209 3739 1346 3796 circuisse
1359 3756 1411 3798 eos
1424 3745 1566 3810 montem,
1578 3741 1639 3798 sive
1652 3741 1793 3815 scopulos
1807 3715 1911 3824 mg„

167 3827 320 3882 «Detracta
334 3827 376 3880 est
389 3821 429 3879 ad
441 3821 550 3879 interos
568 3821 708 3893 superbia
720 3825 789 3878 tua:
804 3821 908 3878 subter
928 3826 956 3879 te
1000 3824 1106 3882 deserti
1121 3824 1242 3894 Etbam,
1254 3822 1308 3896 qui
1322 3823 1465 3880 directum
1476 3824 1508 3879 in
1521 3825 1661 3882 Chanaan
1672 3825 1726 3883 iter
1740 3842 1793 3899 ρει
1817 3839 1899 3894 omoe-
1960 3891 1964 3898 ,

163 3911 309 3966 sternetur
327 3908 424 3977 tinea,
444 3907 660 3980 operimentum
681 3910 768 3982 tuum
789 3909 876 3964 erunt
892 3922 958 3964 ver·
998 3913 1106 3964 terram
1120 3905 1331 3981 impediebant,
1344 3907 1416 3962 etin
1431 3923 1512 3964 mare
1525 3907 1659 3965 Rubrum
1671 3923 1794 3981 procur·
1829 3899 1895 3943 ‘¹²¹¹'

165 4007 249 4061 mes3
264 4010 279 4044 ι
293 3989 467 4046 descendisti
480 3990 511 4044 in
525 3989 710 4062 protundum
722 3989 776 4044 laci
791 4006 860 4046 oum
873 3989 956 4048 dam·
999 3991 1104 4049 rebant
1109 4011 1118 4062 ;
1134 3992 1174 4048 ita
1194 3995 1226 4046 ut
1250 4007 1304 4063 ρει
1327 4005 1408 4047 mare
1430 3989 1635 4062 circumgressi
1658 3991 1715 4049 sint
1738 3993 1794 4049 hos

166 4073 261 4142 natis,
273 4071 326 4126 ubi
345 4071 452 4126 vermis
470 4085 574 4126 eorum
596 4085 658 4126 non
680 4074 814 4142 moritur,
832 4077 861 4130 et
880 4073 956 4144 ignis
1000 4075 1154 4148 scopulos,
1173 4073 1373 4144 redierintque
1395 4072 1505 4131 reflexo
1526 4074 1629 4131 itinere
1652 4075 1691 4132 ad
1713 4076 1794 4132 idem

166 4173 228 4212 non
243 4153 430 4224 extinguitur.
446 4155 637 4210 occurrerunt
650 4154 704 4210 tibi
718 4155 859 4226 gigantes,
873 4171 956 4227 reges
999 4159 1079 4216 littus
1090 4161 1251 4230 AEgyptum
1264 4159 1417 4228 spectans,
1431 4172 1484 4229 per
1498 4158 1581 4228 quod
1594 4157 1717 4227 ingressi
1731 4159 1795 4216 fue·

165 4246 194 4298 et
210 4239 337 4313 tyranni,
351 4239 479 4310 dicentes
490 4243 518 4295 et
528 4238 726 4310 gratulantes:
740 4242 796 4296 «Et
809 4243 840 4296 tu
855 4241 957 4297 vulne-
998 4246 1066 4298 rant
1082 4255 1179 4310 mare,
1199 4255 1261 4296 non
1279 4243 1378 4298 tamen
1399 4239 1439 4296 ad
1460 4240 1600 4298 eumdem
1622 4241 1727 4298 littoris
1749 4242 1795 4298 lo·
1836 4263 1840 4270 ·

165 4329 246 4381 ratus
263 4339 294 4380 es
312 4323 386 4379 sicut
402 4326 430 4379 et
447 4338 518 4393 nos,
542 4322 634 4378 nostri
656 4321 759 4378 similis
780 4323 899 4380 effectus
913 4337 955 4380 es.
999 4341 1078 4382 cum.
1104 4321 1233 4380 Probent
1255 4326 1366 4394 ριὶιιε,
1391 4323 1546 4395 quietam
1569 4328 1687 4380 vastum
1712 4341 1817 4400 mare⁴

164 4406 315 4479 Numquid
335 4407 387 4462 iste
406 4409 448 4462 est
465 4405 511 4462 vir
526 4406 578 4478 qui
597 4406 783 4463 conturbavit
801 4408 954 4477 terram‚r
1001 4407 1099 4482 (quod
1112 4405 1318 4464 Adrichomius
1333 4406 1435 4461 asserit
1452 4406 1578 4477 habere,
1593 4407 1647 4464 ubi
1661 4412 1703 4465 est
1716 4408 1796 4464 latis·

165 4491 217 4564 qui
227 4490 372 4548 concussit
383 4491 575 4561 gentes‘leccc
585 4489 648 4560 Jam
662 4489 743 4546 solus
754 4493 806 4558 est,
817 4488 916 4544 nudus
929 4491 958 4544 et
1001 4491 1125 4558 simum,
1149 4488 1277 4562 spatium
1303 4505 1354 4544 sex
1376 4489 1528 4546 leucarum
1550 4489 1582 4545 in
1605 4489 1795 4563 latitudine),

148 4635 151 4640 ,
164 4574 352 4643 miserabilis,
367 4575 410 4630 uti
422 4589 487 4629 nos.
500 4575 653 4629 Daemones
667 4572 867 4628 acclamarunt
885 4571 955 4628 tibi:
1001 4589 1063 4630 non
1077 4577 1239 4645 potuerunt
1251 4571 1361 4629 llabroei
1375 4573 1488 4631 tantillo
1499 4577 1647 4648 ternpore,
1661 4579 1734 4647 puta
1746 4577 1797 4632 tri-

164 4657 234 4714 veni
241 4697 252 4728 ,
265 4658 378 4714 Pharao
386 4695 395 4726 ,
410 4655 512 4712 habita
525 4655 683 4712 nobiscum
698 4669 768 4710 cum
786 4654 855 4723 igno
869 4653 960 4709 devo-
1002 4656 1061 4713 bus
1074 4657 1122 4712 vel
1136 4661 1265 4729 quatuor
1277 4655 1369 4726 horis,
1389 4659 1551 4729 penetrare,
1573 4673 1609 4714 er
1623 4673 1685 4714 uno
1698 4658 1796 4714 littore

163 4745 265 4811 unte,
288 4755 359 4798 cum
379 4737 537 4798 ardoribus
558 4737 762 4810 sempiternis,
784 4736 838 4792 ubi
858 4735 959 4794 fumus
1001 4740 1033 4798 in
1052 4741 1211 4797 adversum
1229 4739 1612 4812 pervadendo,prasertim
1633 4757 1702 4798 cum
1720 4743 1797 4797 inter

163 4829 380 4885 tormentorum
394 4822 525 4880 ascendit
537 4823 568 4878 in
584 4823 692 4880 saecula
706 4822 894 4879 saeculorum.
1001 4840 1053 4881 eos
1077 4826 1172 4880 essent
1193 4822 1296 4895 pueri,
1317 4837 1417 4891 senes,
1442 4838 1512 4879 oves
1534 4823 1652 4896 aliaque
1670 4823 1798 4896 impedi·

200 4909 304 4966 Audloe
320 4907 400 5038 haea,
414 4906 649 5038 regessaumw’
664 4921 833 5036 prmclpes:
1034 4968 1068 5032 (t)
1085 4966 1134 5023 alii
1156 4979 1214 5020 cum
1235 4965 1384 5028 Schultens,
1399 4965 1434 5014 acl
1450 4979 1577 5027 ριιιιιειι
1601 4983 1669 5017 ruam
1687 4973 1795 5032 aarum.

228 5026 313 5080 Dlssillt
322 5026 436 5092 llil!llaln
452 5029 541 5089 ”mlle
555 5029 579 5078 Pl
592 5037 637 5078 ¹¹⁰ss
650 5028 751 5079 ltfflssttt
763 5025 842 5076 Ulm-
1002 5047 1070 5120 mag
1081 5040 1152 5090 enim
1164 5038 1202 5089 ait
1214 5035 1348 5088 Schultess
1358 5035 1459 5099 proprie
1471 5035 1632 5088 rrattttrarera
1644 5045 1671 5090 et
1682 5043 1799 5100 perennc·-

45 5182 109 5226 vm
119 5181 153 5224 rr.
201 5161 247 5216 ιτ.
269 5160 420 5215 Rimmon
439 5167 489 5212 ιιι
511 5165 598 5210 narro
616 5165 756 5210 nraucuro
775 5165 813 5209 ιι
835 5163 959 5211 ιιιοιιι
1001 5118 1337 5252 Zss'ffffffiss'ffleffi
1349 5119 1798 5246 ‘meemmfflfnffffi

167 5257 271 5302 accur.
282 5271 319 5286 -··
331 5239 470 5300 tlebraicc
485 5241 547 5309 cst,
565 5251 717 5296 raversrun
734 5239 777 5294 cat
793 5235 833 5294 ad
845 5237 961 5296 tortitu-
1000 5257 1074 5310 mum
1091 5265 1169 5322 aare
1181 5257 1347 5320 surruptum
1365 5251 1490 5320 aquaram
1510 5258 1651 5323 impetum,
1669 5271 1721 5324 quc
1737 5269 1799 5311 cor·

169 5325 268 5384 dinem
277 5341 372 5398 suam,
383 5323 477 5382 velad
487 5321 581 5382 robur
591 5321 758 5392 suum,hoc
769 5324 823 5391 est,
835 5325 867 5378 ut
876 5319 960 5378 Chal·
1002 5328 1075 5380 uuuo
1087 5336 1150 5381 astu
1162 5329 1260 5382 terrem
1272 5335 1298 5378 ει
1309 5327 1495 5390 reciprocantur
1509 5331 1598 5385 maria
