4182 6044
268 415 324 480 460
779 415 1021 475 carantanum
1037 419 1071 476 ιιι
1089 418 1244 490 Ειιθιιιιιι,
1260 431 1323 478 cfr.
1343 420 1387 478 tlt.

268 519 581 593 taetantsehomines,
594 520 809 581 etrcluntesse
817 523 1059 596 quodnonsunt,
1104 523 1217 598 quique
1237 525 1326 582 hodie
1347 528 1406 596 est,
1426 524 1458 582 in
1478 524 1656 596 crastinum
1679 530 1780 584 manet
1798 529 1896 588 autem

269 605 429 679 dicuntque
443 623 451 661 r
466 607 527 678 Ego
536 622 604 662 aum
618 604 710 675 dives,
722 621 777 678 ego
791 622 858 664 sum
872 606 992 674 nobilis,
1004 622 1059 678 ego
1104 606 1205 664 nullus
1214 608 1304 666 idern.
1319 609 1421 666 Nullus
1430 609 1510 666 enim
1520 613 1563 666 est
1572 610 1667 681 idem,
1679 611 1732 668 sed
1741 612 1823 668 omni
1833 629 1897 670 mo·

268 705 338 747 sum
351 689 467 762 sapiens
475 708 484 759 ;
500 689 552 764 qui
564 705 635 746 vero
644 689 771 746 humiles
787 694 855 746 sunt
865 693 894 745 ct
903 691 1059 763 sapientes,
1103 695 1204 748 mento
1218 693 1509 765 circapbantasmata
1517 697 1725 750 commutatur.
1739 695 1895 763 Quomodo

267 774 360 848 quise
376 777 404 829 et
417 775 509 829 iteum
522 778 714 844 cognoscunt,
725 774 846 830 dicunt:
862 777 936 830 [leus
950 779 993 830 est
1005 773 1060 830 bo·
1104 775 1202 842 enim,
1222 775 1247 830 si
1268 775 1360 832 simus
1382 776 1490 845 iidem,
1513 776 1579 832 aliis
1598 793 1677 833 nunc
1697 793 1788 850 quam
1811 785 1897 840 antea

267 870 338 925 nus,
353 859 395 912 cst
408 855 505 925 dives,
519 859 563 913 est
576 856 706 929 sapiens,
721 858 763 912 est
777 861 909 925 sanctus,
928 873 983 926 ego
998 873 1060 914 non
1102 859 1286 928 gaudemus?
1308 859 1371 916 Alio
1391 860 1482 916 modo
1503 875 1638 916 amamus
1657 863 1746 933 atque
1766 863 1896 936 odimus,

267 955 351 1010 sum;
365 943 394 996 et
405 953 458 1012 per
471 939 528 995 hoc
541 943 690 997 morentur
704 939 812 996 divinoe
825 941 988 1013 sapientire,
1005 941 1060 996 bo·
1106 939 1171 996 aliis
1187 941 1377 1014 passionibus
1394 958 1565 1012 movemur,
1585 959 1646 1000 non
1666 946 1802 1002 eamdem
1820 947 1898 1020 figu-

266 1023 380 1092 nitatis,
396 1023 572 1093 sanctitatis,
591 1024 748 1096 omnisque
762 1024 834 1081 boni
849 1030 876 1080 ct
894 1041 956 1080 csse
971 1025 1059 1097 parti·
1107 1037 1182 1091 ram,
1195 1039 1256 1080 non
1266 1025 1401 1081 eamdem
1412 1025 1449 1080 de
1462 1025 1552 1081 rebus
1562 1029 1735 1084 sententiam
1743 1027 1896 1090 habentes.

266 1107 345 1180 cipes
358 1106 432 1164 fieri.
453 1108 597 1176 Quocirca
611 1109 742 1164 Christus
758 1107 898 1164 Dominus
913 1123 1059 1180 apparens
1105 1107 1234 1180 benique
1249 1109 1330 1165 Plato
1347 1107 1379 1164 in
1395 1111 1492 1164 Tirnoeo
1510 1108 1597 1166 docet
1613 1111 1712 1168 solum
1725 1116 1815 1170 Deum
1829 1131 1897 1192 pro·

265 1193 296 1248 B.
309 1190 470 1248 catharinae
479 1189 608 1254 Senensi,
621 1190 717 1246 cidem
731 1189 805 1246 dixit
819 1208 826 1244 :
842 1191 974 1257 «Nostin,
988 1190 1058 1261 filia,
1102 1191 1166 1262 prie
1181 1207 1259 1260 esse3
1278 1195 1381 1248 caetera
1394 1208 1464 1248 vero
1479 1208 1547 1264 quae
1560 1193 1696 1250 oriuntur
1716 1198 1745 1252 et
1759 1212 1897 1254 commu·

266 1273 335 1348 quis
349 1274 405 1330 sim
418 1288 484 1344 ego,
499 1289 566 1346 quae
577 1273 629 1329 tui
640 1273 727 1330 beata
738 1274 804 1342 eris,
818 1272 842 1329 si
856 1273 887 1329 id
900 1274 983 1329 scias.
1000 1277 1058 1344 Ego
1102 1277 1217 1343 tantur,
1232 1274 1327 1330 verius
1342 1290 1403 1332 non
1417 1291 1479 1330 esse
1493 1290 1585 1348 quam
1599 1291 1700 1340 esse.»

266 1356 367 1415 sumis
376 1357 428 1430 qui
440 1371 521 1427 sum;
537 1360 570 1412 tu
584 1371 614 1412 es
627 1355 693 1426 illa,
708 1372 776 1428 quoe
790 1371 852 1412 uon
864 1373 905 1411 es.
921 1376 935 1407 e
948 1359 979 1412 Et
993 1374 1058 1414 rur·
1138 1357 1189 1424 Qut
1204 1373 1272 1427 εει,
1291 1373 1367 1414 ursrr
1385 1373 1424 1414 ua
1440 1373 1477 1414 nn
1491 1373 1554 1416 roe.
1568 1389 1604 1402 -
1619 1360 1757 1420 ltebreicc
1776 1379 1897 1422 rursum

266 1457 333 1499 sum
347 1459 354 1497 :
366 1439 622 1510 «Filia,cogitade
636 1454 695 1508 me,
705 1443 733 1496 et
747 1454 802 1510 ego
817 1439 954 1509 cogitabo
968 1441 1004 1496 de
1020 1445 1058 1509 te,
1102 1444 1145 1496 est
1159 1449 1240 1503 tutta
1255 1445 1309 1507 eie,
1323 1440 1410 1498 idest
1426 1458 1484 1508 ero,
1499 1443 1559 1498 sire
1571 1459 1653 1514 sum,
1671 1445 1774 1502 emisit
1794 1463 1843 1504 me
1855 1448 1898 1506 ad

266 1539 441 1599 semperque
455 1538 557 1580 curam
570 1521 614 1578 tui
626 1537 765 1593 gerungo
785 1521 851 1578 fecit
869 1523 900 1578 id
920 1523 985 1594 ipsa
1004 1523 1059 1581 hu·
1101 1539 1191 1580 vos.»
1207 1527 1309 1581 Noster
1321 1529 1348 1581 ει
1358 1527 1546 1598 Septuaginta
1558 1543 1716 1598 personam
1726 1531 1853 1602 primam
1862 1532 1897 1589 in

265 1607 383 1666 miliens
398 1623 444 1676 se,
466 1609 493 1662 et
507 1604 674 1662 annihilans
688 1605 883 1678 habitansque
898 1605 928 1660 in
943 1622 998 1663 suo
1012 1608 1057 1662 ni·
1102 1609 1216 1664 tertiam
1236 1611 1466 1678 commutando,
1490 1610 1597 1666 clarius
1619 1615 1751 1683 vertunt,
1773 1619 1823 1686 qai
1842 1623 1895 1672 est.

264 1691 349 1748 hilo:
369 1693 468 1764 itaque
487 1688 657 1746 elevabatur
677 1689 716 1745 ad
735 1689 859 1761 pelagus
879 1689 1058 1747 immensum
1102 1689 1173 1748 lluic
1183 1691 1298 1748 nomini
1308 1695 1383 1749 heus
1392 1708 1462 1748 mox
1477 1693 1559 1749 aliud
1569 1695 1668 1766 addit,
1682 1697 1767 1768 quod
1775 1715 1828 1756 ceu
1842 1715 1896 1756 no-

265 1791 328 1832 esse
342 1773 445 1843 divini,
460 1773 655 1846 omniumque
670 1773 731 1843 ejus
746 1772 970 1844 perfectionum,
985 1777 1060 1831 tota·
1100 1777 1162 1832 tam
1173 1775 1299 1832 llebraeis
1312 1781 1450 1832 tesseram
1462 1778 1553 1833 lfoses
1566 1776 1678 1847 afferat,
1693 1779 1766 1836 dum
1777 1782 1895 1840 subdit:

265 1875 324 1934 que
337 1857 552 1916 accendebatur
565 1855 596 1913 in
610 1857 673 1927 eius
682 1871 814 1912 amorem
824 1859 852 1912 et
862 1855 980 1912 laudem
990 1873 1066 1938 con-¹
1138 1861 1182 1916 fb.
1196 1861 1324 1916 Donruus
1339 1862 1411 1916 Deus
1426 1874 1538 1916 rarnurr
1551 1867 1830 1922 sesmereia-Pro
1842 1869 1898 1923 lto-
1910 1881 1973 1924 vers
1983 1884 2018 1926 rs.

264 1944 390 2002 tinuam.
1101 1947 1192 2002 minate
1207 1942 1343 2000 hebraice
1361 1947 1404 2000 εει
1417 1958 1527 2000 ιιειιιειι
1549 1947 1807 2014 tetragrammaton
1824 1959 1897 2013 mro
1976 2003 1979 2007 .

299 2032 422 2090 Pulchre
435 2033 464 2088 et
476 2029 540 2087 fuse
553 2028 685 2100 idipsum
706 2043 791 2084 enon
805 2044 912 2098 sum,n
934 2035 1060 2103 pertrnc·
1102 2030 1210 2095 tetrorum
1224 2043 1281 2100 pro
1291 2030 1363 2084 Deus
1376 2026 1511 2084 hebraice
1524 2031 1567 2084 est
1583 2008 1683 2090 otfthtt
1694 2031 1799 2098 elchiau
1811 2034 1897 2104 prius

264 2120 306 2175 tat
320 2119 351 2174 l).
369 2114 508 2172 llenricus
521 2114 610 2182 Suso,
631 2128 710 2170 serm.
731 2113 759 2168 ι.
778 2114 892 2181 alteus,
915 2115 1009 2190 inquit
1030 2118 1058 2174 s.
1102 2126 1213 2168 nomen
1226 2115 1270 2167 est
1283 2115 1404 2179 nature,
1419 2110 1566 2182 posterius
1577 2111 1687 2181 gratia,
1701 2127 1779 2168 curre
1790 2117 1897 2188 etpro-

264 2199 396 2271 Basilius,
411 2197 478 2254 fecit
491 2197 657 2254 mundum:
672 2194 823 2266 utbonus,
837 2197 956 2268 utilem;
973 2204 1004 2255 ut
1015 2214 1060 2256 sa·
1101 2195 1249 2263 videntire,
1263 2211 1290 2265 q.
1307 2194 1334 2248 d.
1351 2195 1411 2264 Ego
1427 2196 1512 2262 Deus,
1525 2194 1577 2265 qui
1589 2194 1628 2249 ita
1642 2209 1708 2250 sum
1722 2195 1820 2266 ipsum
1832 2215 1896 2255 esse

263 2285 365 2360 piens,
384 2282 635 2356 pulcherrimum3
654 2284 687 2336 ut
700 2283 821 2352 potens,
837 2281 1013 2338 maximum.
1032 2285 1060 2341 Si
1103 2278 1196 2352 (quod
1214 2281 1257 2334 est
1277 2278 1402 2347 saeva),
1424 2280 1457 2332 ut
1477 2275 1572 2332 nolim
1591 2277 1762 2334 hominibus
1783 2280 1896 2352 deesse,

263 2369 326 2426 brac
340 2365 547 2436 didicerimus,
565 2365 717 2436 nosipsos
735 2379 948 2434 agnoscemus,
969 2368 1060 2422 Deum
1102 2361 1154 2418 sed
1168 2361 1257 2417 velim
1270 2361 1305 2417 iis
1319 2361 1438 2428 adesse,
1458 2373 1582 2431 praesse
1602 2363 1630 2416 et
1646 2361 1787 2432 prodesse
1802 2365 1897 2436 (quod

263 2465 493 2524 cognoscemus,
508 2448 691 2505 conditorem
706 2444 915 2515 adorabimus,
936 2450 1059 2507 Domino
1102 2449 1145 2500 est
1159 2445 1283 2515 Elolr'm).
1299 2445 1339 2502 lta
1352 2445 1380 2500 S.
1395 2442 1574 2514 Augustinus
1587 2445 1670 2498 tract.
1683 2445 1716 2500 de
1729 2446 1776 2500 froc
1788 2449 1838 2502 liei
1849 2465 1897 2504 ao-

264 2535 565 2605 serriemus,patrem
580 2529 830 2600 glorificabimus,
845 2531 998 2588 nutritium
1013 2532 1059 2589 di·
1101 2533 1173 2584 mirre
1194 2546 1202 2584 :
1226 2531 1311 2598 «Ego
1330 2542 1397 2583 sum
1416 2526 1469 2598 qui
1486 2541 1591 2582 sum.»
1614 2528 1685 2584 ilinc
1700 2528 1897 2600 probabiliter

262 2619 404 2690 ligemus,
427 2614 644 2672 benefactorem
666 2613 884 2682 reverebimur,
908 2619 1059 2672 auctorem
1102 2610 1214 2682 colligit
1225 2609 1410 2682 Eugubinus,
1424 2610 1588 2682 Caietanus,
1603 2611 1816 2684 Genebrardus
1834 2617 1897 2674 Bel·

263 2702 416 2776 praesentis
430 2703 458 2757 et
470 2699 576 2756 futuru
591 2697 657 2754 vitre
671 2696 766 2754 colere
781 2712 936 2770 nunquam
947 2698 1060 2756 desine·
1101 2694 1346 2764 terminusetalii,
1355 2709 1464 2750 nomen
1474 2696 1735 2764 tetragrammaton
1743 2713 1805 2754 esse
1815 2698 1897 2757 idem

264 2803 369 2845 mus„
1101 2794 1170 2836 cum
1180 2794 1215 2835 eo
1232 2795 1240 2832 ι
1259 2779 1340 2848 «Ego
1355 2793 1422 2832 sum
1437 2775 1490 2851 qui
1501 2792 1599 2834 sum.»
1616 2781 1716 2845 Primo,
1729 2782 1896 2854 quialteus,
1911 2797 2025 2851 aqam

151 2895 247 2942 cereno·
301 2872 441 2929 Ηῑιῐιθῦθί
455 2870 606 2928 notionem
620 2872 648 2926 et
664 2867 854 2938 Theologiam
868 2866 906 2925 ab
922 2869 1058 2941 Hebrmis,
1101 2863 1153 2936 qui
1163 2866 1230 2919 ante
1240 2861 1308 2918 filiis
1321 2859 1408 2917 lsrael
1419 2876 1472 2932 per
1483 2861 1581 2916 llosen
1592 2860 1650 2918 dici
1656 2863 1803 2934 jusserat:
1818 2868 1898 2934 «Qui
1910 2861 1955 2928 qus
1975 2871 2026 2902 Μ·

159 2956 234 3002 aoena-
264 2960 297 3013 ut
315 2955 450 3025 videtur,
470 2955 631 3011 hauserunt
653 2956 681 3009 ει
700 2955 903 3023 cognoverunt
922 2954 1058 3012 Gentiles.
1101 2951 1155 3016 εει,
1170 2947 1248 3003 misit
1261 2962 1349 3017 me3n
1364 2947 1426 3016 jam
1439 2943 1546 3002 iisdem
1560 2945 1617 3003 dici
1635 2946 1719 3018 jubet
1735 2966 1742 3004 :
1760 2951 1898 3008 «sebove
1911 2921 2026 3036 {3⁰52}

145 3025 197 3127 {22²
211 3032 251 3126 ζ,
264 3039 358 3098 Refert
379 3038 549 3112 Eugubinus
569 3038 600 3094 in
621 3035 738 3110 templis
759 3036 963 3108 AEgyptiorum
983 3037 1060 3094 illud
1101 3031 1180 3088 misit
1193 3047 1274 3087 me.»
1290 3032 1409 3087 Certum
1422 3033 1522 3086 autem
1534 3029 1665 3101 videtur,
1678 3035 1898 3092 unoeteodem
1911 3041 1983 3085 tw«-

145 3156 182 3188 un
197 3155 249 3188 esre.
264 3124 313 3181 Dei
325 3124 473 3181 emblema
485 3122 659 3194 inscriptum
673 3118 762 3176 fuisse
777 3137 784 3175 :
804 3122 884 3190 sugo
898 3136 965 3178 sum
975 3121 1060 3194 quod
1101 3115 1222 3172 nomine
1237 3113 1357 3186 jussisse
1372 3128 1403 3168 se
1419 3113 1535 3183 vocari3
1557 3129 1628 3184 ergo
1643 3117 1898 3176 nomenclaturam

262 3207 336 3276 fuit,
360 3208 443 3282 quod
466 3210 527 3276 est,
551 3205 694 3278 quodque
713 3203 847 3260 futurum
873 3208 935 3270 est,
958 3205 1059 3261 velum
1101 3213 1197 3266 suam,
1212 3213 1303 3270 quam
1315 3196 1398 3268 prius
1412 3211 1466 3268 per
1479 3194 1604 3252 verbum
1617 3203 1799 3271 expresserat
1809 3203 1895 3272 Deus,

262 3309 363 3350 meum
372 3307 458 3349 nemo
469 3287 776 3364 unquamrevetavit.»
786 3287 865 3345 Sicel
876 3287 1056 3357 Plutarchus,
1102 3281 1201 3338 dicens
1213 3299 1220 3336 ι
1231 3282 1275 3338 Sic
1285 3281 1364 3337 dices
1373 3279 1441 3336 filiis
1452 3280 1554 3337 lsrael:
1565 3280 1645 3348 «Qui
1654 3285 1707 3351 est,
1719 3283 1797 3339 misit
1805 3301 1893 3356 me3»
1910 3297 1983 3340 croc.

261 3375 314 3433 lib.
333 3379 369 3433 lle
383 3376 472 3442 lsr'de,
486 3375 573 3432 refert
586 3373 617 3430 in
630 3373 757 3446 AEgypto
771 3369 900 3441 siguum,
916 3372 999 3444 quod
1012 3371 1058 3430 Sai
1100 3366 1149 3423 hic
1167 3381 1220 3439 per
1241 3380 1350 3422 nomen
1370 3363 1508 3438 exprimit
1527 3364 1647 3449 dicens:
1664 3365 1798 3423 ntebova
1817 3368 1896 3425 misit
1909 3359 1999 3404 Psim-

262 3462 305 3517 cst
317 3462 465 3530 Minervae,
486 3473 577 3531 quam
590 3457 726 3514 eamdem
740 3459 824 3528 putat
846 3456 903 3510 lsin
917 3471 996 3526 esse,
1014 3455 1060 3512 in·
1101 3467 1158 3507 me.
1170 3470 1184 3502 r
1199 3450 1330 3514 Secundo,
1343 3448 1483 3522 quiahoc
1494 3449 1769 3520 cap.llosesstudio
1780 3465 1897 3524 semper
1910 3463 2030 3512 saeuam.

263 3544 453 3616 scriptionem
466 3541 575 3599 babere
593 3539 788 3610 hujusmodi:
807 3541 891 3608 «Ego
908 3555 975 3594 snm
993 3541 1059 3595 uni·
1101 3536 1192 3590 Deum
1213 3532 1328 3590 vocavit
1350 3530 1530 3601 «Elohimm
1553 3530 1648 3588 donec
1663 3533 1739 3589 Deus
1759 3533 1823 3604 ipse
1843 3551 1897 3591 no-

261 3641 380 3682 versum
391 3627 473 3698 quod
484 3625 549 3692 fuit,
564 3623 709 3696 quodest,
725 3625 753 3678 et
764 3622 847 3694 quod
858 3620 1056 3691 estfuturnm;
1100 3633 1169 3674 men
1185 3635 1192 3672 :
1210 3619 1294 3688 «Ego
1309 3631 1376 3672 sum
1389 3615 1442 3689 qui
1454 3630 1559 3680 sum,r
1575 3614 1633 3671 sibi
1645 3614 1743 3689 indat3
1757 3617 1897 3690 deinceps

261 3706 493 3779 flammeumque
515 3722 615 3762 meum
633 3704 734 3760 nullus
754 3704 926 3760 mortalium
943 3706 1059 3777 aperuit
1099 3717 1170 3758 vero
1182 3703 1306 3773 usurpat
1318 3700 1579 3770 tetragrammaton
1592 3698 1718 3770 tenore,
1737 3699 1823 3772 quasi
1837 3703 1896 3758 neo

261 3805 405 3864 unquam.
421 3811 435 3843 a
452 3791 522 3845 Vide
533 3788 694 3859 Goropium
707 3787 737 3843 in
755 3787 946 3856 timoratione,
961 3788 1056 3859 lib.V,
1097 3786 1160 3858 jam
1173 3785 1310 3854 inditum,
1320 3782 1459 3856 idemque
1477 3798 1546 3839 cum
1559 3785 1718 3853 «Egosum
1731 3784 1895 3857 quisum.»

260 3873 314 3932 fol.
331 3877 400 3944 106,
423 3872 475 3929 ubi
490 3872 640 3929 contendit
660 3887 697 3927 ex
712 3870 866 3927 Plutarcho
884 3885 938 3942 per
951 3870 1059 3928 lsidem
1102 3872 1182 3928 ldem
1196 3871 1291 3942 magis
1304 3869 1417 3944 patebit
1430 3885 1496 3942 cap.
1512 3884 1551 3938 vr,
1564 3885 1641 3926 vers.
1656 3871 1684 3926 3.

262 3957 395 4014 divinam
414 3957 591 4030 Sapientiam
612 3954 754 4026 intelligi,
782 3954 924 4027 lsidisque
948 3969 1058 4010 nomen
1137 3959 1195 4013 lloc
1212 3971 1308 4014 nonar
1326 3971 1389 4012 ειιει
1407 3970 1456 4012 εει
1470 3969 1500 4010 m
1514 3969 1652 4011 eranum
1662 3971 1671 4024 ;
1685 3969 1721 4011 ιι
1735 3969 1791 4012 noc
1804 3971 1898 4013 ιιιιιε-

261 4041 341 4098 ιιιειιι
355 4057 475 4110 sonare,
496 4039 595 4114 quod,
614 4041 699 4108 aest,
713 4041 790 4095 est.»
811 4037 912 4094 Thales
926 4053 1058 4111 quoque,
1101 4056 1184 4098 ιιιιε
1200 4055 1296 4112 naun,
1309 4055 1420 4114 -quo
1434 4039 1542 4095 scilicet
1556 4037 1802 4094 memorabuntur
1815 4039 1895 4108 mei,

261 4127 382 4196 rogatus
395 4125 469 4198 quid
483 4129 557 4180 essct
569 4127 659 4194 Deus,
672 4121 846 4195 respondit:
864 4122 972 4190 «Quod
983 4139 1059 4179 sem·
1100 4124 1283 4181 invocabunt
1301 4127 1330 4180 et
1348 4121 1515 4180 laudabunt
1530 4138 1577 4178 me
1595 4121 1649 4177 filii
1663 4121 1898 4194 patriarcharum

261 4213 380 4283 perest,
395 4225 491 4282 neque
503 4208 683 4281 principium
695 4204 808 4262 habens
820 4222 917 4279 neque
932 4205 1057 4262 finem.»
1101 4209 1266 4266 secundum
1287 4222 1422 4276 carnem,
1442 4209 1471 4262 et
1491 4213 1560 4276 post
1578 4220 1630 4262 eos
1651 4204 1823 4275 Christiani,
1843 4207 1899 4278 qui

263 4295 322 4350 lloc
332 4296 360 4350 et
369 4298 513 4366 spectasse
520 4291 635 4346 ridetur
644 4290 841 4358 Parmenides,
852 4305 920 4346 cum
931 4291 970 4346 ait
982 4305 1061 4348 eom·
1102 4294 1171 4348 sunt
1188 4285 1250 4345 vert
1268 4289 1417 4358 israelitae,
1433 4292 1461 4345 et
1478 4287 1532 4344 filii
1546 4287 1671 4344 Abrabae
1686 4288 1850 4346 secundum
1862 4288 1898 4344 fi-

263 4377 314 4434 nio
336 4394 399 4434 esse
421 4393 516 4432 unum
538 4390 590 4430 eus
613 4373 802 4430 immobile.»
828 4373 898 4430 llinc
920 4373 1007 4429 etiam
1028 4374 1060 4430 in
1103 4376 1171 4432 dem
1185 4377 1212 4430 et
1226 4373 1371 4446 spiritum,
1382 4371 1493 4447 quibus
1506 4387 1560 4444 per
1573 4371 1721 4430 Christum
1732 4371 1836 4428 veritas
1846 4370 1899 4428 foe·

264 4461 408 4533 Apollinis
423 4458 553 4532 Delphici
567 4456 669 4530 templi
682 4456 797 4513 foribus
810 4455 984 4528 inscriptum
999 4460 1060 4512 erat
1103 4455 1181 4513 deris
1202 4457 1251 4512 icti
1269 4471 1338 4512 cum
1354 4454 1504 4511 Abraham
1524 4457 1567 4511 est
1584 4453 1733 4525 exhibita3
1746 4455 1787 4512 ita
1799 4459 1833 4511 ut
1843 4471 1899 4528 ρει

263 4548 368 4616 primo,
384 4549 454 4596 matr
475 4543 586 4607 σεαυτόν,
606 4541 735 4611 Cognosce
751 4543 881 4611 teipsam,
900 4556 961 4612 quo
984 4541 1060 4596 Deus
1103 4541 1249 4596 Christum
1268 4555 1331 4595 non
1349 4539 1460 4609 delete,
1475 4540 1528 4595 sed
1544 4543 1685 4596 renovata
1703 4539 1804 4612 potius
1817 4543 1846 4596 ει
1862 4539 1898 4596 il·

262 4628 408 4699 templnm
421 4627 562 4683 intrantes
576 4623 662 4698 quasi
677 4624 809 4680 salutans
822 4622 1013 4694 admonebat,
1028 4628 1061 4680 ut
1102 4625 1224 4683 lustrata
1233 4623 1367 4680 videatur
1375 4622 1510 4694 Abrahae,
1518 4625 1596 4680 lsaac
1606 4627 1634 4679 ει
1642 4623 1733 4682 Jacob
1743 4623 1897 4682 memoria.

264 4711 377 4784 seipsos
391 4712 553 4766 noscerent.
568 4708 702 4774 Secundo,
723 4703 756 4776 ri,
776 4707 808 4764 id
821 4713 877 4778 εει,
897 4715 928 4764 ιιι
943 4724 984 4774 es,
999 4723 1061 4780 qua
1138 4711 1168 4764 ιιι
1181 4721 1395 4764 csrsnnrroanu
1409 4721 1443 4763 nr
1457 4721 1682 4764 crusnarroanu.
1693 4736 1729 4749 -
1741 4705 1896 4776 llebraice,

263 4809 337 4851 voce
350 4792 546 4863 ingredientes
564 4791 723 4864 templum,
746 4791 832 4863 quasi
851 4793 942 4847 iteum
961 4791 1061 4863 ipsum
1102 4798 1133 4850 ia
1152 4796 1279 4850 secatam
1300 4794 1411 4859 secali,
1437 4791 1548 4864 idest,
1571 4791 1746 4864 peremnia
1767 4790 1898 4860 saecula,

263 4877 469 4946 resalutantes,
489 4877 588 4933 solum
604 4876 704 4948 ipsum
718 4889 785 4929 vere
800 4890 863 4930 esse
879 4874 1061 4930 confiteban-
1103 4877 1211 4952 quovis
1226 4876 1347 4935 saecufo.

263 4965 321 5019 tur.
337 4965 376 5018 be
387 4975 449 5033 qua
462 4976 493 5018 re
508 4960 576 5016 vide
590 4975 627 5016 ex
643 4957 798 5014 Plutarcho
812 4957 987 5026 Eusebium,
1005 4955 1059 5014 lib.
1139 4963 1184 5018 16.
1199 4962 1328 5016 Vrsrrrns
1341 4975 1462 5018 rrsrravr
1475 4959 1707 5032 vos‚·-respexi
1717 4957 1817 5016 etridi
1830 4974 1896 5016 vos.
1912 4973 1982 5016 cera
1993 4972 2033 5016 ιε.

264 5045 296 5103 xr
313 5047 352 5101 De
364 5061 485 5116 praeper.
504 5045 610 5114 Evouq.
632 5058 699 5114 cap.
714 5057 772 5110 ru,
791 5041 844 5096 ubi
864 5041 938 5097 inter
957 5044 1061 5098 caetera
1103 5046 1145 5102 lta
1162 5044 1248 5100 vertit
1269 5046 1369 5100 Noster
1389 5060 1459 5100 cum
1477 5043 1665 5116 Septuaginta
1685 5042 1792 5098 melius
1804 5057 1899 5115 quam

264 5129 351 5186 docet
370 5127 470 5184 solum
492 5129 583 5183 Deum
607 5142 670 5182 esse
677 5144 686 5196 3
709 5129 812 5181 caetera
833 5124 913 5180 enim
938 5140 1007 5180 eum
1028 5123 1061 5180 in
1103 5128 1273 5198 Chaldaeus,
1288 5127 1340 5201 qui
1354 5127 1454 5199 vertit,
1469 5127 1625 5183 recordatus
1637 5143 1695 5182 sam
1708 5129 1811 5195 oestri5
1826 5142 1899 5182 nam

264 5212 349 5270 fluxu
361 5210 432 5281 sint,
448 5207 586 5267 continue
603 5208 726 5277 mutari,
742 5207 895 5280 magisque
909 5208 1060 5280 corrumpi
1102 5211 1292 5285 praesentium
1301 5211 1450 5267 malorum
1459 5226 1520 5267 non
1531 5215 1591 5268 tam
1602 5215 1644 5266 est
1651 5209 1795 5266 memoria
1803 5224 1898 5282 quam

264 5312 356 5370 quam
370 5310 433 5351 esse
449 5313 458 5350 ι
473 5293 703 5364 «corrumpitur
717 5291 797 5347 enim
804 5334 814 5362 ,
829 5291 885 5360 ait,
901 5290 1017 5362 juvenis
1029 5292 1061 5348 in
1103 5294 1193 5364 risio;
1207 5294 1256 5349 hic
1266 5297 1340 5350 [leus
1353 5293 1448 5350 visitat
1462 5295 1494 5349 in
1504 5293 1631 5363 bonum,
1643 5293 1716 5350 alias
1726 5293 1757 5348 in
1771 5293 1899 5363 malurn,

263 5380 372 5447 virum,
386 5379 432 5436 vir
444 5379 477 5436 in
491 5395 606 5448 senem,
620 5393 695 5451 puer
708 5377 740 5437 iu
749 5378 904 5448 juvenem,
918 5375 1014 5433 inians
1028 5377 1060 5434 in
1102 5382 1137 5434 ut
1155 5379 1230 5434 Psal.
1251 5393 1377 5434 axxrrru
1392 5395 1400 5433 :
1419 5377 1575 5436 allisitabo
1589 5379 1598 5451 (
1611 5379 1643 5435 id
1661 5381 1706 5434 est
1723 5376 1899 5450 castigabo)

263 5479 410 5539 puerum3
431 5467 458 5520 et
473 5463 525 5538 qui
538 5462 600 5520 heri
612 5461 683 5534 fuit,
702 5462 734 5518 in
753 5477 821 5517 eum
839 5461 892 5536 qni
903 5465 946 5518 est
958 5461 1059 5534 hodie,
1102 5461 1135 5519 in
1148 5462 1232 5534 virga
1245 5460 1412 5536 iniquitates
1426 5453 1540 5532 eorum.
1554 5481 1569 5516 a
