4088 6032
254 336 291 392 2⁴

253 454 332 514 quos
341 437 462 499 tandem
468 437 603 498 homines
609 437 744 510 religioni
753 438 868 495 deditos
879 438 1042 511 aliquando

254 538 317 582 ease
329 524 513 596 contigisset,
525 522 582 582 hoo
595 537 771 596 responsum
784 537 846 579 esse
861 521 955 580 dicitis
968 538 976 577 :

331 650 390 701 Solis
402 649 513 701 chaldeis
526 649 635 714 sapientia
647 648 716 699 cessit
727 664 734 698 :
748 647 837 700 Delirat

361 721 487 784 maeniana
500 721 586 784 llcssem
599 722 673 770 mente
685 720 800 782 Deumque
812 718 897 770 colunt.
913 733 927 766 a

252 857 357 918 subdit
371 877 379 916 ε
397 861 517 917 «tiosos
530 874 615 916 suam
630 857 783 916 historiam
796 855 932 914 hebraice
952 855 1043 929 scrip·

251 942 306 1014 sit,
327 959 396 1000 enm
417 945 584 1000 Graecorum
603 943 705 999 littera
730 941 866 998 nondum
888 944 983 997 essent
999 940 1044 996 in·

250 1025 355 1084 verite.
371 1027 427 1082 llas
437 1025 517 1082 enim
530 1029 633 1098 postea
646 1025 773 1081 Cadmus
786 1023 901 1098 primus
913 1039 948 1079 ex
962 1022 1042 1078 Phoe-

251 1109 315 1166 nice
329 1108 431 1166 allatas
444 1109 548 1166 Graeeis
561 1107 691 1165 tradidit.
706 1107 785 1164 Unde
796 1111 824 1162 et
835 1107 914 1163 Plato
928 1105 1043 1178 scripsit

251 1190 283 1248 ln
305 1193 419 1258 Timeo,
438 1191 577 1248 Solonem
596 1191 682 1247 illum
701 1190 868 1263 sapientum
892 1189 1042 1262 sapientis-

251 1275 375 1346 simum,
397 1291 465 1332 cum
488 1291 524 1332 ex
545 1278 672 1348 AEgypto
691 1274 838 1344 rediisset,
857 1273 920 1330 haec
934 1273 1042 1330 dixisse

250 1357 358 1428 Critiae,
368 1373 399 1414 se
412 1357 530 1415 audisse
543 1358 714 1431 AEgyptium
727 1358 908 1414 sacerdotem
920 1355 972 1431 qui
986 1355 1042 1411 sibi

250 1441 360 1499 diceret
374 1459 382 1498 ε
396 1441 502 1510 Greci,
522 1439 660 1510 oSolon,
677 1440 799 1510 iuvenes
819 1439 887 1496 estis
907 1454 1040 1511 semper,

250 1535 340 1578 senex
360 1524 459 1578 autem
480 1522 596 1577 Groeous
616 1522 659 1575 est
678 1534 776 1576 nemo.
792 1519 900 1575 Deinde
913 1533 1040 1574 rursus:

250 1604 375 1660 iuvenes
389 1604 457 1660 estis
471 1602 577 1659 animis
591 1617 713 1672 omncs;
729 1600 843 1657 nullam
857 1601 936 1658 enim
954 1601 986 1656 in
1000 1599 1042 1656 eis

249 1688 340 1744 veteri
351 1688 502 1745 auditione
515 1693 642 1744 ueterem
654 1686 769 1742 habetis
784 1686 972 1755 sententiam,
988 1700 1042 1741 nce

249 1771 345 1828 ullam
368 1775 501 1843 tempore
525 1785 630 1827 canam
651 1768 876 1841 disciplinam.»
901 1771 933 1824 Et
950 1766 1041 1841 paulo

249 1853 372 1912 interius
386 1869 424 1910 ex
436 1853 564 1910 Diodoro
579 1853 663 1909 docet
677 1852 845 1924 Orpheum,
867 1853 1040 1920 llomerum,

249 1939 403 2008 Solonem,
424 1937 638 2010 Pythagoram,
662 1936 827 2004 Platonem,
852 1933 995 2006 Sibyllam
1014 1936 1043 1989 et

249 2021 340 2091 elios,
353 2037 420 2077 oum
435 2021 465 2075 in
475 2022 601 2093 AEgypto
614 2018 747 2089 fuissent,
760 2034 845 2074 suam
858 2018 894 2074 de
905 2017 1043 2090 pluribus

250 2105 308 2163 diis
327 2109 455 2161 mutasse
477 2105 672 2172 sententiam,
693 2103 764 2175 quia
777 2101 918 2158 nimirum
934 2116 951 2156 a
965 2101 1042 2156 llose

248 2201 303 2262 per
315 2188 467 2261 AEgyptios
478 2188 681 2256 coguoverunt
693 2201 788 2241 unum
802 2201 864 2241 esse
876 2187 979 2254 Deum,
989 2183 1042 2257 qui

799 331 971 390 uncoruuu
990 334 1109 390 SACRAE
1127 332 1331 391 SCRIPTURAE.

1086 439 1162 494 simo
1181 439 1288 509 quarto
1308 447 1387 490 anno
1405 431 1491 488 liosis
1509 428 1633 503 quidam
1647 426 1748 483 llcllen
1762 425 1877 494 dictus,

1086 519 1269 577 deucalionis
1283 521 1310 575 et
1325 517 1442 590 Pyrrhae
1460 514 1556 582 filius,
1572 512 1675 568 Graecis
1687 510 1732 566 sui
1750 506 1879 565 nominis

1086 602 1357 672 agnominationem
1379 599 1476 666 dedit,
1499 613 1568 653 cum
1593 599 1678 650 antea
1704 596 1880 648 vocarentur

1087 685 1186 742 Graeci.
1200 685 1362 740 Centesimo
1383 687 1411 737 et
1424 680 1563 736 vicesimo
1578 694 1657 734 anno
1672 678 1758 734 llosis
1773 675 1881 730 Darda-

1087 783 1143 824 nus
1155 767 1287 824 condidit
1296 766 1440 822 ciuitatem
1452 762 1638 830 Dardaniam,
1648 763 1787 830 regnante
1798 757 1881 830 apud

1086 850 1222 922 Assyrios
1242 853 1383 922 Amynta,
1396 848 1478 922 apud
1497 845 1618 916 Argivos
1637 849 1735 899 aulem
1748 840 1879 910 Stenc10,

1087 935 1168 1006 apud
1183 934 1335 1006 AEgyptios
1348 949 1419 988 uero
1440 934 1592 998 Ramesse3
1607 927 1768 983 vocabatur
1781 930 1881 980 autem

1086 1019 1150 1094 ipse
1164 1026 1191 1076 ct
1201 1023 1355 1092 AEgyptuS,
1368 1017 1458 1073 Danai
1468 1015 1565 1072 irater.
1581 1013 1743 1070 centesimo
1758 1016 1785 1068 et
1799 1025 1881 1066 sexa-

1087 1104 1200 1174 gesimo
1215 1119 1294 1160 anno
1311 1107 1379 1176 post
1397 1104 1496 1159 lloscn
1511 1101 1639 1157 Cadmus
1656 1098 1760 1155 Thebis
1777 1113 1882 1168 regna·

1087 1185 1145 1254 uit,
1159 1187 1244 1258 eujus
1262 1185 1325 1242 filia
1341 1186 1452 1242 Semele
1460 1225 1470 1254 ,
1485 1201 1521 1240 ex
1539 1199 1600 1256 qua
1614 1182 1760 1250 Bacchus,
1776 1183 1809 1236 ut
1823 1177 1881 1251 ipsi

1089 1268 1206 1338 dicunt,
1221 1285 1257 1325 ex
1278 1271 1358 1325 Jove.
1381 1272 1448 1326 Erat
1466 1269 1565 1324 autem
1583 1269 1654 1322 tunc
1668 1268 1695 1321 et
1709 1265 1797 1321 Linus
1809 1262 1882 1318 The-

1086 1351 1183 1409 banus
1198 1356 1226 1408 et
1238 1353 1386 1426 Amphion
1402 1351 1511 1408 llusici.
1526 1349 1690 1423 assumpsit
1700 1351 1798 1406 autom
1810 1351 1882 1403 tune

1086 1436 1282 1495 sacerdotium
1297 1436 1379 1510 apud
1393 1435 1528 1492 llebraeos
1542 1434 1683 1502 Phineos,
1707 1429 1786 1487 filius
1800 1431 1882 1486 Elea-

1086 1519 1156 1589 zari,
1166 1519 1219 1576 lilii
1231 1524 1340 1590 Aaron,
1350 1524 1469 1576 mortuo
1484 1517 1592 1574 scilieet
1602 1519 1726 1572 harene.
1737 1517 1789 1570 195
1800 1529 1880 1570 anno

1085 1607 1153 1677 post
1173 1606 1271 1660 lloscn
1293 1603 1392 1660 ierunt
1406 1602 1496 1658 fuisse
1517 1599 1722 1672 Proserpinam
1736 1597 1882 1667 virginem

1085 1689 1202 1758 raptam
1222 1685 1261 1742 ab
1274 1687 1422 1756 AEdoneo,
1437 1686 1468 1742 id
1487 1688 1530 1740 est
1545 1686 1637 1753 Oreo,
1654 1698 1723 1751 rege
1741 1681 1882 1737 llolosso-

1086 1785 1169 1840 rum;
1181 1769 1229 1826 hio
1242 1786 1345 1826 canem
1360 1769 1524 1825 maximum
1536 1768 1643 1824 aluisse
1658 1764 1765 1820 dicitur
1775 1763 1881 1820 Cerbe-

1086 1869 1153 1910 rum
1168 1853 1302 1918 nomine,
1318 1853 1370 1926 qui
1384 1851 1578 1925 apprehendit
1594 1850 1754 1905 Pirithoum
1768 1851 1796 1904 et
1806 1849 1881 1903 The-

1086 1953 1171 1992 seum
1185 1938 1333 1994 venientes
1346 1937 1385 1992 ad
1398 1942 1517 2008 raptum
1532 1933 1632 1990 uxoris
1645 1952 1653 1989 z
1666 1949 1734 1988 cunr
1748 1931 1882 2004 periisset

1087 2024 1184 2077 autem
1200 2021 1358 2090 Pirithous,
1370 2020 1528 2075 adveniens
1544 2017 1677 2073 llercules
1692 2017 1834 2071 Theseum
1849 2014 1880 2070 in
1986 2083 1989 2088 Ι

1087 2103 1188 2160 mortis
1202 2104 1333 2176 periculo
1349 2104 1541 2159 constitutum
1557 2118 1594 2157 cx
1608 2100 1723 2156 interno
1734 2099 1879 2168 liberavit,

1086 2189 1118 2241 ut
1131 2185 1311 2242 fabulantur.
1328 2189 1381 2243 DDD
1396 2201 1474 2241 anno
1491 2188 1609 2241 Perseus
1625 2183 1807 2256 Dionysium,
1821 2183 1880 2238 hoc

1086 2274 1129 2326 cst
1141 2269 1294 2335 hiberum,
1309 2270 1425 2338 occidit,
1439 2270 1522 2339 cujus
1537 2273 1565 2324 et
1575 2267 1745 2340 sepulcrum
1759 2282 1821 2322 esse
1836 2267 1881 2323 di·

1085 2351 1879 2425 cuntinDelphisjuxtaaureumApollinemltDanno

1085 2443 1153 2510 post
1162 2439 1260 2494 llosen
1270 2441 1470 2510 expugnatum
1480 2443 1523 2492 est
1532 2435 1627 2505 lliurn,
1637 2433 1787 2506 Judicaute
1797 2435 1880 2507 apud

1085 2520 1222 2577 llebraeos
1248 2521 1382 2591 Esebon,
1403 2521 1485 2592 apud
1506 2519 1627 2590 Argivos
1641 2525 1878 2589 Agamemnone,

1085 2606 1167 2676 apud
1181 2604 1332 2676 AEgyptios
1345 2604 1470 2676 vaphre,
1485 2602 1566 2674 apud
1580 2601 1713 2674 Assyrios
1727 2603 1877 2658 leutamo.

1085 2684 1879 2758 eolligunturigituranativitatellosisusqueaddes-

1084 2775 1211 2828 tructam
1225 2771 1341 2841 'lrojam
1352 2770 1495 2826 tlDanni.
1515 2789 1529 2823 a

1119 2855 1196 2912 lludi
1209 2858 1237 2913 S.
1251 2856 1463 2925 augustinum,
1475 2855 1527 2911 lib.
1538 2855 1606 2911 xxti
1621 2854 1722 2911 Contra
1735 2858 1875 2918 Faustum.
1925 2863 1969 2904 ⁷⁷·

1085 2953 1151 3013 cap.
1167 2953 1233 2995 nuru
1247 2955 1255 2993 ε
1275 2957 1289 2991 c
1303 2940 1409 3006 lloscn,
1425 2937 1531 3010 inquit,
1545 2936 1691 2993 famulum
1705 2939 1754 2995 Dei
1767 2940 1877 2995 tidelis·
1890 2915 2016 3032 affl*

1084 3023 1204 3091 simum,
1216 3022 1358 3078 humilem
1368 3021 1399 3076 in
1413 3021 1578 3077 recusando
1590 3024 1650 3077 tam
1665 3038 1808 3092 magnum
1822 3024 1878 3080 mi·
1995 3012 2001 3022 ’

253 3113 381 3187 Denique
395 3110 479 3168 addit
491 3109 643 3166 Platonem
655 3123 692 3164 ex
703 3109 782 3164 llose
793 3105 929 3163 didicisse
938 3109 1040 3180 Deum,
1084 3105 1252 3175 misterium,
1267 3105 1420 3161 subditum
1439 3105 1470 3161 in
1488 3104 1694 3177 suspiciendo,
1709 3105 1827 3162 fidelem
1846 3107 1879 3162 in

251 3197 330 3254 unde
344 3211 412 3252 cum
425 3193 533 3268 pariter
546 3207 667 3249 vocasse
680 3194 706 3244 τὸ
725 3192 759 3262 ὅν,
773 3189 804 3246 id
819 3194 862 3246 est
870 3231 881 3262 ,
899 3192 971 3262 quod
984 3198 1040 3259 est,
1084 3191 1251 3260 servando,
1266 3194 1416 3245 strenuum
1438 3189 1469 3245 in
1489 3189 1679 3261 exequendo,
1699 3188 1730 3245 in
1746 3191 1879 3260 regendo

251 3281 324 3338 sicut
345 3282 437 3336 Moses
460 3293 529 3335 eum
547 3279 634 3332 vocat
648 3279 659 3328 t
671 3276 712 3346 ὧν,
726 3274 826 3345 idest,
838 3278 952 3346 quiesi,
964 3275 1041 3345 sive,
1084 3273 1199 3346 populo
1219 3274 1412 3345 uigilantem,
1426 3271 1457 3328 in
1475 3272 1650 3342 corrigendo
1664 3272 1879 3346 vehementem,

251 3381 298 3436 epo
319 3379 379 3420 sam
400 3365 450 3434 qui
468 3377 538 3418 sum.
560 3361 689 3416 llursum
711 3357 750 3414 ab
773 3358 879 3414 eodem
904 3358 1040 3415 didicisse
1084 3356 1116 3412 in
1134 3356 1263 3413 amando
1285 3357 1454 3425 ardentem,
1471 3356 1502 3410 in
1518 3355 1689 3411 sustinendo
1704 3357 1861 3428 patientem
1868 3377 1878 3428 ;

251 3449 428 3505 creationem
446 3459 563 3512 rerum,
586 3441 715 3499 Verbum
735 3441 884 3510 divinum,
898 3456 1043 3498 resurrec·
1085 3439 1137 3512 qui
1151 3455 1207 3512 pro
1227 3439 1269 3495 eis
1290 3439 1401 3514 quibus
1422 3437 1555 3513 praefuit,
1579 3441 1637 3494 Deo
1660 3455 1690 3495 se
1705 3440 1881 3512 interposuit

251 3533 362 3589 tionem
375 3544 552 3602 corporum,
570 3526 732 3597 iudicium,
746 3540 849 3597 poenas
863 3525 1023 3598 impiorum
1031 3567 1042 3596 ,
1085 3523 1260 3594 consulenti,
1271 3523 1411 3596 opposuit
1422 3523 1556 3579 irascenti
1568 3542 1574 3579 :
1586 3524 1665 3580 hune
1678 3524 1777 3596 itaque
1790 3524 1880 3582 talem

251 3618 280 3671 et
299 3611 422 3686 praemia
440 3611 607 3681 justorum,
631 3608 770 3681 Spiritum
784 3609 937 3680 Sanctum,
953 3626 1044 3684 quem
1086 3624 1120 3665 ae
1135 3611 1249 3665 tantum
1263 3609 1359 3664 viriam
1373 3607 1449 3663 absit
1462 3613 1494 3662 ut
1510 3625 1547 3664 ex
1562 3607 1706 3664 maledico
1717 3607 1813 3664 Fausti
1827 3624 1880 3665 ore

252 3697 332 3752 Plato
347 3692 458 3750 censuit
471 3709 534 3749 csse
547 3691 679 3748 animam
691 3691 817 3762 mundi3
833 3707 887 3747 neo
901 3692 979 3748 enim
998 3709 1044 3750 sa·
1084 3707 1259 3764 pensemus,
1273 3691 1324 3747 sed
1345 3708 1381 3747 ex
1399 3707 1449 3747 ore
1467 3692 1555 3764 plane
1568 3691 1688 3748 veridici
1703 3691 1761 3749 Dei.
1776 3711 1791 3744 a

252 3779 288 3837 tis
301 3777 442 3836 intellexit
453 3779 561 3846 llosen,
572 3775 625 3831 sed
636 3790 705 3831 eum
720 3775 758 3830 ad
772 3789 826 3830 sua
837 3775 1044 3849 phantasmata
1122 3778 1197 3835 Audi
1218 3779 1246 3834 S.
1270 3779 1459 3850 Gregoriam,
1478 3781 1501 3834 ll
1519 3783 1595 3852 part.
1616 3783 1735 3846 Pastor„
1754 3795 1818 3854 cap.
1835 3797 1874 3838 r:
1938 3777 2015 3823 1³¹⁸·

254 3862 392 3932 detorsit3
407 3860 486 3916 unde
500 3859 530 3914 in
543 3873 657 3915 errores
667 3857 778 3915 incidit.
1089 3863 1183 3918 allino
1197 3864 1287 3917 lloses
1300 3863 1404 3917 crebro
1418 3861 1642 3918 tabernaculum
1658 3864 1745 3920 intrat
1758 3869 1786 3919 et
1800 3866 1876 3938 exit,
1889 3837 2016 3895 amn·

172 3938 204 4010 Ψ
216 3938 239 3982 ⁸·
289 3945 352 4003 Pari
367 3944 460 4001 modo
473 3945 499 3999 S.
515 3943 658 4015 cyrillus,
676 3941 729 3998 lib.
745 3944 755 3998 l
772 3943 872 3998 Contra
889 3944 1042 4013 lulianam,
1087 3950 1115 4002 et
1129 3945 1180 4019 qui
1193 3945 1270 4000 intus
1282 3945 1311 4000 in
1324 3945 1603 4018 contemplationem
1614 3947 1736 4018 rapitur,
1751 3947 1821 4005 foris
1832 3949 1878 4005 in-

132 3999 222 4056 ⁰³³¹¹⁰'
253 4029 381 4087 ostendit
391 4031 489 4084 llosen
502 4027 605 4101 priscis
617 4025 759 4082 heroibus
772 4025 951 4097 Gentilibus,
965 4044 1043 4100 quos
1086 4029 1268 4087 firmantium
1276 4030 1399 4100 negotiis
1409 4034 1538 4099 urgetur,
1546 4029 1625 4085 intus
1636 4030 1683 4084 Dei
1693 4045 1799 4087 areana
1809 4048 1881 4088 con-

252 4112 309 4186 ipsi
332 4110 541 4168 vetustissimos
562 4109 726 4183 putabant,
748 4125 810 4166 esse
835 4110 1041 4183 antiquiorem.
1089 4112 1206 4180 siderat,
1221 4111 1393 4168 iorisonera
1408 4113 1570 4168 carnalium
1584 4115 1880 4187 portat,exemplum

251 4195 327 4252 Audi
349 4193 467 4250 doctam
487 4192 550 4263 ejus
570 4192 794 4263 chronologiam
818 4193 903 4249 llosis
921 4197 949 4250 et
970 4196 1043 4251 Gen·
1089 4193 1250 4252 rectoribus
1263 4194 1415 4266 praebens,
1430 4198 1463 4249 ut
1476 4211 1544 4249 cum
1557 4193 1629 4250 foris
1640 4196 1795 4267 ambigunt
1804 4198 1881 4269 quid

250 4280 336 4335 tium.
352 4297 367 4332 a
381 4279 480 4350 ltaque
494 4275 533 4332 ab
550 4275 674 4332 ahrahae
690 4275 875 4349 temporibus
889 4293 985 4350 usque
1004 4279 1043 4334 ad
1089 4279 1260 4350 disponant,
1270 4277 1427 4332 Dominum
1441 4291 1494 4348 per
1508 4277 1672 4333 orationem
1685 4280 1850 4336 consulant.
1861 4301 1877 4334 a

251 4363 349 4418 llosen
361 4359 583 4430 descendentes,
592 4375 671 4415 nova
680 4359 749 4416 inde
762 4375 910 4416 annorum
921 4360 1044 4418 exordia
1087 4362 1184 4430 idem,
1198 4360 1251 4416 lib.
1264 4361 1297 4414 Vl
1311 4363 1342 4414 ia
1354 4361 1370 4414 I
1382 4361 1482 4428 liceum
1498 4376 1563 4432 cap.
1579 4375 1626 4430 ιιι,
1641 4361 1682 4416 ait
1694 4364 1802 4420 llosem
1817 4367 1880 4421 tam

251 4447 357 4502 iterum
378 4443 570 4516 incipiemus,
594 4443 679 4500 llosis
707 4443 888 4499 nativitatem
912 4444 1042 4500 numeris
1086 4445 1209 4517 plenum
1223 4444 1311 4499 luisse
1323 4443 1437 4516 spiritu,
1450 4447 1482 4499 ut
1495 4444 1532 4500 do
1542 4445 1604 4513 ejus
1619 4446 1723 4518 spiritu
1737 4447 1880 4504 Dominus

251 4528 468 4602 premittentes.
486 4529 570 4582 Anno
592 4525 717 4597 septimo
735 4525 821 4581 llosis
839 4526 920 4582 aiunt
939 4531 1042 4583 natum
1086 4528 1184 4586 tulerit
1189 4531 1237 4598 ,et
1251 4528 1435 4600 septuaginta
1448 4529 1611 4585 rectoribus
1624 4530 1730 4603 populi
1745 4547 1881 4589 commu-

254 4611 456 4668 Prometheum
466 4613 494 4666 et
505 4607 916 4682 Epimethcum,cthtlautcrn,
925 4610 1044 4666 Prome·
1085 4611 1198 4667 nicarit.
1213 4611 1303 4680 ldem,
1318 4610 1400 4666 hom.
1416 4613 1450 4666 tii
1464 4615 1494 4666 ta
1507 4613 1613 4678 Erech„
1625 4615 1724 4670 llosen
1737 4614 1769 4670 in
1783 4615 1880 4672 scien-

251 4693 310 4750 thei
327 4693 460 4762 tratrem,
478 4695 619 4764 praeterea
633 4695 661 4747 et
676 4696 787 4761 Argum
801 4695 906 4746 cuncta
923 4707 1043 4749 eernen·
1085 4694 1125 4751 tia
1141 4692 1189 4749 Dei
1205 4693 1321 4766 praefert
1345 4693 1523 4752 abrahamo.
1544 4699 1599 4752 Nee
1617 4696 1649 4752 id
1668 4697 1793 4770 mirum,
1808 4701 1881 4756 llosi

251 4784 320 4835 tem.
334 4775 489 4832 Tricesimo
503 4776 609 4848 quinto
621 4790 701 4831 anno
718 4775 804 4831 llosis
813 4775 927 4848 primus
940 4793 1043 4848 regna·
1086 4777 1218 4834 enimait
1232 4780 1307 4833 Deus
1326 4795 1332 4832 :
1351 4779 1508 4850 «apparui
1522 4779 1685 4850 ahraham,
1700 4783 1778 4838 lsaac
1794 4786 1820 4837 et
1834 4785 1881 4840 Ja-

251 4860 292 4918 vit
304 4858 422 4917 Athenis
434 4860 575 4930 Cecrops,
590 4858 643 4930 qui
656 4858 881 4928 cognominatus
895 4857 1041 4931 Diphyes:
1085 4860 1159 4930 cob,
1174 4865 1202 4916 et
1216 4877 1324 4918 nomen
1341 4877 1441 4918 meum
1452 4864 1566 4919 Adonai
1581 4864 1719 4936 (tehova)
1733 4880 1794 4921 non
1804 4866 1882 4923 indi·

250 4946 330 5002 hunc
348 4942 445 5000 ierunt
464 4943 596 5016 primum
618 4958 655 4998 ex
676 4942 848 4998 hominibus
866 4943 1042 5000 sacriticasse
1086 4944 1149 5000 caui
1163 4943 1225 5013 eis,
1241 4963 1254 4995 a
1269 4944 1353 5016 quod
1367 4944 1440 5014 tihi,
1456 4961 1474 5001 o
1492 4949 1601 5016 lloses,
1615 4947 1715 5004 indico
1729 4953 1757 5004 et
1768 4949 1881 5009 revelo.

250 5027 359 5084 hovem
368 5069 378 5096 ,
387 5025 616 5098 nominasscque
631 5028 732 5082 lovem
746 5026 828 5098 apud
841 5026 954 5082 Graecos
964 5041 1043 5082 sum·
1122 5033 1211 5087 Porro
1225 5035 1315 5088 lloses
1331 5048 1486 5105 expressus
1499 5033 1555 5089 luit
1568 5034 1671 5091 Christi
1689 5035 1778 5092 index
1795 5042 1823 5094 et
1836 5042 1883 5112 ty-

250 5124 335 5165 mum
354 5107 488 5165 deorum.
514 5108 699 5179 Sexagesimo
718 5108 843 5180 septimo
864 5123 943 5164 anno
957 5109 1043 5166 llosis
1086 5128 1156 5187 pus;
1173 5115 1307 5187 adeoque
1322 5116 1395 5172 siout
1413 5117 1458 5174 sol
1481 5117 1576 5187 diem,
1593 5119 1664 5174 luna
1678 5125 1794 5176 noctem
1814 5121 1883 5178 illu-

251 5191 332 5248 aiunt
351 5190 440 5247 iuisse
464 5191 611 5248 diluvium
634 5192 817 5249 Deucalionis
834 5193 1042 5264 inThcssalia3
1086 5195 1188 5266 minat,
1200 5198 1239 5253 ita
1248 5199 1377 5256 Christus
1388 5201 1566 5257 Christianos
1575 5201 1604 5256 iu
1614 5202 1678 5273 lege
1689 5219 1778 5272 noua,
1788 5206 1882 5262 lloses

251 5281 391 5346 praeterea
407 5277 435 5329 et
453 5273 484 5330 in
501 5273 647 5347 AEthiopia
670 5274 744 5333 Solis
766 5274 879 5346 filium,
899 5276 974 5332 sicut
996 5277 1043 5334 isti
1087 5278 1205 5336 Judaeos
1225 5282 1256 5337 in
1277 5283 1366 5340 reteri
1390 5283 1575 5342 illuminavit.
1599 5286 1742 5353 Quocirca
1756 5288 1882 5359 pulchre

251 5360 368 5429 dicunt,
392 5361 529 5414 exustum
552 5372 614 5413 esse
638 5357 858 5417 Phaethontem.
883 5361 1043 5435 Septuage·
1088 5362 1235 5421 Christum
1259 5365 1330 5436 soli,
1352 5367 1450 5424 lloscn
1471 5367 1548 5426 luna.
1569 5374 1722 5443 comparat
1741 5373 1882 5432 ascanius

249 2271 281 2328 in
300 2270 446 2345 principio
468 2270 576 2327 creavit
595 2268 702 2326 coelum
722 2274 751 2326 et
768 2273 887 2326 terram.
908 2269 978 2325 llino
990 2270 1042 2326 Or-

249 2353 345 2428 pheus
358 2352 460 2412 cednit
475 2370 483 2409 :

313 2480 404 2546 Jupiter
416 2484 452 2532 est
465 2493 537 2541 anus,
549 2478 627 2542 Pluto,
641 2477 694 2541 Sol,
707 2476 811 2527 Bacchus
823 2479 848 2528 ct
860 2489 932 2540 anas,

314 2551 356 2602 Det
369 2553 429 2602 Deua
440 2564 500 2602 uuus
511 2551 536 2601 in
548 2550 653 2602 omnihus
664 2565 671 2597 a
686 2549 735 2599 hac
746 2547 782 2598 his
794 2561 835 2598 cur
846 2547 888 2598 tihi
899 2546 964 2598 dicei

249 2691 331 2750 ldem
342 2708 460 2749 rursum
475 2709 483 2748 :

312 2826 345 2876 'le
357 2828 443 2886 wear,
457 2823 553 2888 celum
567 2820 644 2888 magni
656 2821 767 2888 sapientis
779 2821 856 2886 ongo,

311 2897 388 2959 larue
400 2895 474 2946 Patris
486 2895 598 2956 Verbum,
609 2894 704 2958 primum
718 2893 777 2957 quod
791 2893 883 2956 protulit
894 2906 947 2958 oro,

313 2967 369 3018 cun
382 2965 473 3032 propria
487 2965 565 3016 nundi
577 2963 704 3014 machinam
718 2963 803 3023 ratione
817 2964 909 3015 creauit
