4134 6056
290 269 346 350 ist
796 285 1350 358 corrosuriatsrueaucsru,nin
1370 283 1415 352 iv.

324 391 517 466 Tropelogioe
526 407 539 452 r
553 391 650 451 «Cain
664 389 760 450 dietus
769 394 812 448 est
823 389 987 467 acquisitio,
997 389 1082 470 quoti
1125 391 1167 454 vit
1179 407 1249 458 euna
1259 393 1347 464 nbsl,
1361 394 1394 452 id
1406 397 1449 457 ost
1462 399 1586 464 sinaitas,
1600 405 1627 468 q.
1642 397 1672 454 ct.
1690 398 1854 462 «Universa
1866 403 1918 462 va·

290 474 390 538 omnia
404 473 652 548 sibiecquireret3
671 473 760 546 Abel,
782 475 834 548 qui
849 475 949 536 omnia
962 475 1083 538 referret
1125 475 1200 540 nitas
1218 480 1261 534 est
1284 478 1381 538 omnis
1400 479 1492 542 hamc
1511 478 1628 548 vivens,
1640 499 1654 531 v
1669 483 1757 554 atque
1769 481 1917 552 possessio

289 558 329 615 ad
352 559 441 614 [lenm
470 555 571 630 [hbcl
591 557 670 615 onim
693 559 720 619 S.
745 557 900 620 Ambrosio
926 559 1020 616 dictus
1040 565 1082 616 est
1124 557 1254 618 hominis
1277 559 1379 616 similis
1400 565 1442 624 est
1462 561 1691 634 vanitati,quia
1714 562 1768 618 aiu
1788 561 1915 632 imagine

289 641 375 723 quast
395 620 441 704 ¹iic
462 649 506 703 nri
527 641 631 707 hebel,
645 640 734 697 idest
752 641 821 698 ulons
835 645 890 697 lieo
904 642 1021 711 onruia,
1035 645 1082 699 ut·
1127 641 1136 712 i
1145 641 1236 698 instar
1249 642 1380 714 umbrae)
1392 643 1548 715 pertransit
1559 643 1690 700 homo.»
1706 647 1747 700 lta
1758 641 1914 716 liehanos,

288 727 359 801 pots
376 739 443 798 qum
456 724 568 799 aceepit
580 723 619 784 ab
634 739 670 782 oo
685 724 803 796 ),nihil
818 724 874 783 sibi
888 741 1051 796 arrogans,
1063 745 1078 780 v
1126 725 1306 800 lipomanus
1321 725 1422 785 etalii.

289 809 330 869 ait
341 808 370 866 S.
383 806 567 878 Ambrosius,
581 806 659 867 libro
673 811 683 864 l
699 810 738 864 De
754 808 822 866 Ceio
835 813 862 865 et
879 809 964 875 Abel,
978 824 1043 885 cap.
1058 824 1080 866 r.
1161 808 1232 866 nbel
1253 810 1395 868 mansisse
1416 813 1445 866 et
1464 813 1615 872 mortuum
1629 825 1691 870 esse
1704 810 1848 884 virginem
1862 811 1915 870 da·
1956 819 2016 865 noer

289 891 359 952 Cain
383 906 453 966 ergo
479 889 625 965 signifieat
641 893 831 962 arrogantes,
846 889 899 964 qni
912 891 1012 948 omnia
1026 907 1080 950 sna
1126 897 1191 952 cent
1201 898 1303 950 eontra
1316 893 1469 950 Calvinum
1484 893 1678 952 communiter
1692 896 1794 948 Patres
1800 911 1809 963 3
1825 894 1914 966 idque
1928 888 2040 986 gerseus

288 975 407 1046 ingenio
432 974 595 1032 attribuunt
618 991 626 1031 ε
650 971 724 1030 Abel
744 973 888 1044 humiles,
907 973 960 1048 qui
981 977 1082 1032 omnia
1126 976 1268 1048 eolligunt
1287 991 1324 1032 ex
1342 992 1377 1032 eo
1401 975 1485 1049 quod
1507 976 1728 1047 Scripturanon
1750 975 1916 1032 meminerit
1984 954 2045 1001 ”⁸⁰⁰

289 1058 347 1116 lieo
371 1057 467 1116 datori
489 1061 608 1130 accepta
628 1056 768 1117 referunt.
790 1059 824 1114 lit
845 1073 909 1130 cap.
934 1073 956 1114 11
978 1060 1081 1114 :ol’er
1125 1059 1227 1115 uxoris
1242 1063 1269 1116 et
1286 1058 1418 1132 prolium
1441 1061 1518 1128 ejus,
1540 1058 1615 1114 siout
1627 1057 1760 1114 meminit
1773 1059 1875 1120 uxoris
1888 1063 1917 1122 el

288 1141 379 1212 noel,
400 1142 511 1216 inquit,
535 1141 706 1212 intelligitur
723 1141 884 1214 populoso
900 1140 1081 1208 Christianus
1125 1142 1256 1215 prolium
1278 1142 1358 1203 nnn.
1379 1144 1420 1204 tta
1433 1143 1461 1200 S.
1477 1142 1686 1212 Hieronymus,
1699 1139 1837 1212 Basilius,
1851 1145 1918 1204 tm

290 1224 382 1300 (sicot
398 1240 453 1306 pcc
474 1223 545 1285 Cain
565 1223 657 1285 lucei
676 1224 830 1298 parricidae
851 1224 956 1282 Christi
972 1227 1000 1280 et
1013 1226 1081 1286 Pro·
1125 1225 1243 1284 brasias
1264 1228 1293 1284 et
1313 1225 1373 1284 alii.
1397 1224 1467 1285 Hinc
1486 1239 1522 1284 ert
1534 1224 1632 1292 'hbel,
1646 1223 1773 1286 haretici
1793 1223 1917 1296 quinem

288 1308 462 1386 phalarum)
473 1327 487 1360 u
498 1307 651 1366 adhaerens
670 1309 728 1364 lico
737 1349 747 1380 ,
769 1307 845 1364 sicot
864 1311 893 1363 et
912 1307 1003 1366 David
1017 1305 1056 1366 ait
1071 1325 1079 1364 τ
1125 1307 1269 1363 nominati
1283 1313 1352 1364 suut
1364 1305 1513 1376 abeliani,
1528 1306 1575 1368 vel
1589 1305 1746 1378 hbeloitoe,
1761 1299 1813 1378 qui
1827 1306 1917 1364 instar

288 1391 356 1450 llibi
370 1393 468 1449 antem
477 1389 627 1449 adherere
637 1390 696 1447 lieo
709 1388 825 1446 bonum
837 1393 910 1446 est.»
922 1391 1029 1462 Etoap.
1039 1405 1080 1461 rs,
1125 1388 1223 1445 Abelis
1236 1389 1381 1446 uxoribus
1395 1404 1456 1445 non
1470 1387 1682 1458 miscebantur,
1693 1389 1746 1444 scd
1759 1385 1835 1444 tilios
1849 1389 1916 1446 viei-

288 1475 376 1534 donat
394 1475 465 1534 Cain
483 1487 547 1532 essa
567 1477 675 1547 typum
699 1471 832 1542 malitie,
858 1471 931 1529 Abel
954 1473 1079 1530 vlrtutis.
1125 1487 1234 1530 norom
1248 1471 1484 1546 adoptabant,et
1497 1472 1916 1544 heredesslbiadseisaehanl,

288 1557 645 1633 significaturorgoqood
659 1558 740 1628 Cain,
751 1557 783 1614 id
797 1561 840 1612 est
856 1575 870 1610 c
884 1556 996 1616 malitia
1007 1569 1081 1630 prae·
1125 1556 1267 1618 nimirum
1290 1572 1417 1632 puerone
1442 1561 1469 1616 et
1490 1557 1623 1630 puellam
1641 1557 1741 1622 simol.
1765 1559 1806 1621 lta
1819 1557 1846 1618 S.
1859 1560 1916 1622 au·

289 1644 374 1706 cedat
385 1648 517 1718 tempore
530 1683 538 1713 ,
551 1642 779 1713 sedjuvcucsoal
793 1638 969 1702 infirmitate.
990 1637 1082 1702 Habet
1125 1639 1271 1714 gostinus,
1285 1639 1338 1702 lib.
1353 1643 1392 1700 lle
1406 1641 1520 1704 nares,
1534 1639 1638 1698 heresi
1652 1641 1697 1709 8¹1,
1712 1641 1784 1702 tom.
1800 1640 1842 1698 Vl.

288 1727 341 1786 illa
359 1727 451 1786 estatis
471 1725 667 1799 stipendium,
685 1723 777 1779 virtus
793 1725 892 1778 autem
910 1719 1081 1793 praerogati-
1160 1727 1187 1782 3.
1211 1725 1283 1782 Posr
1307 1739 1413 1782 nocuos
1434 1739 1515 1793 urus,
1528 1753 1564 1767 -·
1584 1725 1652 1796 post
1674 1721 1782 1782 multos
1802 1739 1911 1794 annos;
1930 1739 1991 1782 rere.
2019 1740 2043 1785 s.

287 1826 358 1869 vam
378 1810 496 1882 gloria,
506 1823 604 1883 quam
625 1805 802 1880 plerumque
823 1804 903 1875 justa
927 1803 1004 1861 cedit
1027 1803 1082 1860 ini·
1125 1805 1153 1864 S.
1166 1806 1353 1876 Ambrosius,
1364 1807 1418 1863 lib.
1430 1809 1440 1862 l
1452 1809 1489 1864 De
1504 1807 1586 1872 Cuia,
1599 1821 1664 1878 cap.
1680 1819 1730 1875 vn,
1744 1805 1801 1862 hoo
1812 1807 1914 1864 tribuit

289 1909 415 1968 quus,s
437 1892 514 1950 sieut
534 1890 605 1948 Cain
619 1889 704 1946 cessit
721 1885 803 1944 nbeli
818 1885 849 1941 in
870 1883 971 1942 lavore
985 1889 1013 1942 et
1027 1885 1082 1943 ho·
1125 1891 1243 1966 culpe:
1267 1892 1422 1964 obsepiam
1446 1891 1502 1961 ait,
1525 1889 1613 1962 eulpa
1634 1889 1716 1946 Caini
1732 1908 1739 1945 ε
1756 1905 1818 1945 una
1830 1892 1913 1963 quod

287 1991 361 2038 nore
372 1977 455 2052 apud
468 1979 569 2036 lisam.
1125 1980 1193 2050 post
1202 1975 1264 2036 alies
1275 1975 1398 2046 obtulit,
1408 1974 1497 2035 altera
1506 1974 1589 2047 quod
1603 1988 1665 2030 non
1677 1989 1713 2031 ex
1724 1973 1827 2046 primis
1837 1973 1914 2040 fruc-

322 2061 381 2119 Pca
403 2063 492 2120 nanu.
504 2089 540 2107 --
553 2057 723 2133 praepositio
742 2073 792 2130 per
805 2072 868 2118 nnn
882 2059 926 2114 est
935 2054 1080 2130 jurantis,
1125 2058 1213 2116 tibus.
1228 2057 1407 2118 Sacrificium
1417 2061 1515 2118 alitem
1527 2060 1556 2114 et
1569 2055 1713 2118 celeritate
1725 2058 1915 2118 commenda-

289 2144 342 2206 sed
355 2143 528 2218 gratulantis
545 2145 574 2201 et
591 2146 741 2200 auctorem
755 2139 954 2212 generationis
974 2155 1081 2210 agnos·
1124 2147 1187 2212 tur,
1202 2147 1230 2200 et
1243 2144 1350 2214 gratia,
1364 2161 1379 2196 v
1394 2143 1449 2205 ete.

289 2228 388 2288 scafis.
416 2227 555 2290 tlobraiee
571 2229 615 2283 cst
646 2220 725 2286 uvat
745 2230 816 2287 rtet
836 2227 863 2280 et
887 2221 1008 2281 Aderant.
1032 2220 1082 2282 lsi·
1159 2227 1199 2287 Ur
1221 2240 1363 2286 osvsunnr
1386 2228 1457 2286 Cirr
1470 2242 1508 2286 na
1528 2241 1679 2294 renarrans
1699 2241 1811 2296 maan,
1825 2244 1915 2291 *seo

289 2313 382 2372 dorus
397 2310 510 2372 Clarius
522 2311 608 2384 putat
630 2314 656 2364 et
675 2306 723 2367 hic
741 2321 804 2366 esse
818 2303 976 2362 articulum
997 2319 1081 2362 aceu-
1125 2311 1239 2371 cunnos
1262 2311 1371 2370 scilieet
1391 2315 1420 2374 et
1440 2311 1559 2371 viliores
1580 2308 1915 2382 iru0t1153hinnimvo.

289 2394 392 2466 sativi,
412 2394 541 2468 ideaque
563 2389 647 2450 vertit
662 2407 670 2446 ι
688 2389 799 2448 Ponant
825 2387 957 2447 bominem
979 2388 1079 2457 Deum,
1124 2398 1227 2450 cantur
1239 2395 1270 2452 iu
1284 2393 1432 2466 Scriptura
1442 2393 1556 2452 huntus
1569 2397 1662 2452 torris.
1678 2395 1792 2458 Primos
1804 2409 1875 2466 erga
1887 2399 1916 2458 es

288 2477 375 2553 quasi
387 2480 447 2538 lira
457 2473 635 2536 benedixerit
646 2474 678 2530 in
688 2469 976 2548 spirirupravidens‚
986 2467 1081 2528 Chiis·
1124 2476 1260 2537 meliores
1273 2476 1385 2536 tructus
1399 2476 1455 2534 sibi
1469 2476 1636 2540 reservabat
1649 2477 1738 2550 Csina
1753 2477 1916 2551 opponitur

287 2568 369 2634 tum,
387 2560 440 2635 qui
460 2562 536 2620 lisso
556 2563 601 2614 est
622 2561 650 2616 et
663 2557 775 2626 borno,
788 2571 825 2615 ex
840 2570 871 2612 se
883 2554 1078 2616 naseiturum.
1124 2560 1204 2619 enim
1215 2559 1325 2632 obelo,
1337 2561 1390 2635 qui
1402 2559 1509 2620 obtulit
1522 2563 1580 2619 Deo
1593 2561 1840 2635 primogenitae
1853 2559 1915 2623 «da

286 2647 394 2704 Verum
407 2643 480 2722 quid
493 2643 552 2700 hoc
564 2641 604 2704 ad
617 2639 708 2700 Caini
722 2654 776 2699 nea
790 2637 917 2700 enimes
931 2637 1014 2709 caim
1027 2638 1080 2699 scd
1124 2643 1279 2717 adipibus,
1292 2663 1307 2701 u
1323 2644 1356 2703 id
1370 2648 1430 2715 est,
1445 2642 1558 2718 optinra
1571 2647 1599 2704 et
1611 2643 1806 2717 pinguissimo
1819 2645 1914 2716 gregis

287 2744 325 2788 ex
336 2727 404 2788 seth
417 2733 504 2787 natos
516 2729 560 2787 est
569 2720 710 2784 Christus.
726 2725 789 2780 vox
799 2736 870 2794 ergo
885 2729 957 2785 riti
970 2728 997 2778 et
1007 2764 1017 2793 ,
1028 2721 1079 2780 bie
1124 2729 1188 2797 sui,
1210 2727 1282 2801 quia
1301 2728 1412 2800 ingenti
1424 2728 1502 2798 aas,
1516 2727 1678 2800 reverentia
1690 2731 1719 2788 et
1731 2743 1832 2789 amore
1845 2743 1915 2800 iiio*

286 2827 350 2873 non
375 2816 418 2875 est
444 2809 603 2882 articulus,
630 2807 684 2866 sed
710 2805 880 2884 praepositio
907 2804 1079 2877 significans
1123 2812 1302 2886 sequebatur
1321 2815 1421 2875 beura.
1448 2813 1491 2873 lla
1510 2812 1539 2878 8.
1560 2810 1750 2882 Ambrosios,
1773 2811 1825 2876 lib.
1845 2815 1854 2872 t
1875 2815 1915 2876 lla

286 2913 362 2966 acm,
376 2911 475 2954 coram.
490 2892 571 2952 Unda
584 2889 739 2953 Chaldaeus
750 2889 838 2949 vertit
850 2904 940 2946 ceram
953 2890 1078 2956 Domino,
1126 2896 1195 2954 Gaia
1213 2903 1240 2954 et
1250 2897 1334 2964 Abel,
1348 2912 1414 2970 cap,
1438 2911 1478 2956 ru
1498 2899 1528 2957 et
1540 2911 1581 2952 x:
1598 2913 1613 2948 n
1628 2877 1754 2964 obtulit,
1769 2895 1915 2970 inquies

286 2980 337 3038 elii
358 2995 419 3040 aaa
442 2979 555 3038 nomino
576 2992 588 3040 s
609 2971 693 3050 quod
714 2975 816 3031 noster
841 2969 965 3032 clariore
989 2986 1079 3032 sensu
1122 2978 1267 3040 fructibus
1280 2984 1379 3050 terres,
1394 2994 1456 3041 nan
1469 2979 1601 3053 oprimis
1614 2977 1759 3044 fructibus
1771 2977 1915 3051 primitias

285 3063 427 3142 expressit
451 3065 587 3131 verens,
613 3073 663 3134 aar
691 3057 857 3123 bominem,
883 3058 957 3132 puta
982 3072 997 3112 s
1023 3069 1078 3136 per
1124 3065 1193 3122 bon.
1217 3065 1276 3123 tlon
1296 3064 1496 3137 estprimitias
1509 3063 1566 3123 sibi
1579 3062 1841 3136 priusvindieura
1854 3065 1915 3123 lise

287 3151 390 3211 beorn.
404 3168 420 3205 v
1123 3151 1223 3206 aotam
1236 3148 1388 3221 sequentia
1400 3146 1523 3206 deterre.
1538 3147 1640 3219 ltaque
1655 3161 1724 3205 oum
1735 3159 1803 3207 vera
1816 3145 1915 3214 anima

167 3242 229 3292 vus
253 3246 274 3287 a.
321 3237 350 3294 2.
373 3237 545 3302 tirasonam
567 3243 695 3290 remum.
716 3257 752 3272 -
774 3225 916 3298 nahbini,
937 3229 967 3283 et
986 3223 1078 3284 exeis
1123 3231 1408 3304 eorpori,taaqoa1a
1423 3245 1509 3288 servo
1523 3229 1707 3300 nominant
1721 3227 1914 3303 praeterendo,

287 3317 439 3384 Calvinus,
461 3317 567 3390 putant
588 3329 626 3369 ex
641 3313 748 3370 eodem
766 3314 912 3386 conceptu
926 3312 1014 3368 livam
1028 3324 1079 3384 pc,-
1123 3314 1226 3388 otique
1238 3313 1462 3387 primitiasejus,
1473 3313 1531 3370 hoe
1546 3317 1589 3372 est
1602 3312 1810 3384 animantius
1823 3326 1915 3384 quam

286 3401 397 3476 perisse
410 3397 568 3474 gemellas,
590 3395 663 3454 Cain
674 3399 703 3452 et
714 3394 804 3468 Abel,
816 3393 889 3468 quia
901 3393 948 3450 hic
961 3393 992 3450 in
1006 3391 1079 3451 thel
1123 3397 1256 3471 eorporis
1270 3397 1376 3460 offerrre
1389 3395 1542 3460 debemus.
1551 3416 1566 3452 s
1576 3396 1664 3457 addit
1675 3395 1797 3463 Ahalam
1809 3395 1916 3463 libera·

286 3479 641 3557 nonrepetitnnverbum
655 3481 794 3548 multitia
807 3477 857 3534 sed
873 3480 1078 3550 liliuminte-
1121 3481 1197 3554 lem,
1222 3481 1376 3551 animellas
1400 3482 1525 3542 ocinum
1550 3494 1690 3550 avarum,
1711 3477 1811 3551 fruges
1833 3481 1915 3536 terre

285 3572 341 3636 τῆς
356 3566 437 3624 uncle
451 3564 530 3624 idem
543 3561 706 3620 exterrdunt
719 3560 774 3634 ipsi
788 3560 827 3616 ad
840 3560 913 3616 alias
924 3559 1002 3617 illius
1012 3563 1079 3618 reta·
1124 3566 1268 3627 duntaxat
1280 3564 1432 3627 obtulisse.
1448 3565 1542 3635 ldern,
1554 3563 1608 3624 lib.
1619 3565 1734 3636 ll‚aap.
1749 3579 1780 3634 v,
1790 3562 1830 3624 ait
1841 3561 1915 3625 etbe-

285 3647 323 3708 tis
348 3646 568 3722 generationes,
591 3645 755 3718 putantque
777 3646 868 3698 Eram
885 3641 1017 3718 aliasque
1037 3639 1079 3698 ie·
1122 3647 1181 3708 lem
1202 3665 1220 3706 a
1239 3652 1297 3708 Deo
1318 3648 1474 3721 prelatum
1488 3648 1595 3718 Caino,
1609 3663 1645 3704 ao
1660 3645 1744 3719 quoti
1757 3645 1917 3719 pinguiora

285 3731 382 3790 minas
405 3729 489 3790 initio
514 3726 619 3788 mundi
639 3740 755 3798 semper
767 3725 915 3800 peperisse
929 3725 1078 3796 gerninos,
1123 3732 1220 3805 gregis
1234 3731 1368 3801 offerret,
1382 3731 1456 3790 siout
1468 3730 1560 3790 David
1574 3729 1661 3789 docet
1674 3730 1795 3788 dicens:
1813 3729 1917 3796 asiani

284 3819 319 3874 ot
336 3812 472 3874 homines
492 3826 528 3870 eo
551 3809 635 3868 cilius
654 3807 930 3880 multiplicarentur.
946 3807 1002 3864 Sed
1015 3807 1079 3864 lime
1123 3816 1210 3888 adipe
1219 3819 1248 3875 et
1260 3813 1441 3887 pinguedine
1452 3812 1599 3886 repleatur
1607 3812 1708 3873 anime
1717 3827 1794 3884 rnen,
1806 3815 1844 3886 et,
1860 3813 1916 3876 llo-

284 3901 393 3956 temere
415 3899 445 3952 et
463 3895 527 3955 sina
548 3891 742 3952 fundamento
768 3893 957 3966 asseruntur;
986 3891 1079 3948 lloses
1122 3895 1289 3960 leaenarum
1309 3901 1394 3956 tuum
1407 3897 1518 3970 pingue
1532 3895 1603 3968 fiar3
1618 3895 1677 3957 hoo
1690 3894 1800 3956 doeens
1813 3910 1915 3966 accep.

285 3981 364 4039 enim
382 3977 431 4038 nic
449 3975 628 4054 compendio
649 3976 754 4048 ulitur,
777 3979 806 4034 el
823 3975 855 4031 in
868 3973 1079 4048 Verbopttiti't'i
1122 3983 1211 4040 tabiis
1226 3998 1288 4040 csse
1303 3981 1497 4050 sacrificium,
1517 3979 1601 4052 quod
1613 3979 1738 4052 pingue,
1753 3977 1916 4051 quodniti-

284 4060 489 4138 praesuppoliii
500 4066 529 4119 ei
541 4059 683 4120 subaudit
696 4058 821 4116 verbum
839 4061 971 4130 concepit.
988 4060 1079 4116 Nemo
1124 4064 1214 4136 dum,
1227 4069 1254 4124 et
1264 4065 1398 4138 quodam
1408 4063 1521 4137 pabulo
1532 4063 1603 4128 {idei
1614 4062 1839 4136 (indevotionis,
1850 4077 1916 4122 geg.

284 4145 364 4208 enim
377 4147 454 4220 parit
468 4145 526 4206 nisi
541 4162 611 4221 quae
624 4147 690 4202 ente
703 4141 845 4228 ccvucepit.
857 4141 979 4216 Spiritus
993 4143 1079 4198 Sanc·
1122 4147 1214 4220 bique
1226 4149 1347 4208 eoelestis
1359 4148 1498 4209 uberiora
1512 4145 1654 4211 alimonia
1664 4145 1830 4220 saginatum
1841 4147 1912 4208 estu

284 4236 332 4290 tus
346 4230 426 4292 enirn
438 4229 487 4292 hic
499 4244 561 4286 nou
572 4230 747 4301 conceptus,
758 4228 812 4284 sed
824 4229 927 4298 partus
941 4227 970 4282 et
979 4223 1080 4298 proles
1123 4233 1157 4288 lit
1169 4246 1234 4304 cap.
1250 4246 1278 4290 vr
1295 4250 1302 4288 s
1320 4252 1335 4284 u
1349 4233 1429 4289 Nova
1442 4229 1530 4302 igitur
1541 4229 1616 4288 fides
1627 4230 1850 4296 renovatorum,
1863 4241 1916 4290 vv*

283 4313 442 4374 hominum
455 4312 624 4392 primorum
637 4325 788 4366 recensere
800 4307 937 4366 intendit·
1122 4313 1201 4384 lida,
1211 4311 1388 4386 pubescens,
1399 4313 1611 4372 incrementum
1620 4309 1733 4368 virtutis
1743 4309 1913 4384 acquirensr

319 4401 405 4457 hant.
422 4425 460 4443 -.·
472 4394 617 4470 losephus
638 4397 667 4449 et
691 4392 834 4450 Eusebius
854 4391 922 4451 noer
939 4389 1079 4464 interpre·
1122 4410 1184 4454 non
1198 4396 1334 4466 remissa,
1347 4411 1410 4452 non
1423 4394 1508 4466 sessa,
1519 4409 1581 4450 non
1594 4393 1676 4453 senio
1690 4393 1824 4465 quodam
1837 4406 1916 4451 mars

283 4486 383 4542 tantur
405 4481 532 4541 luctum,
555 4476 641 4552 quasi
659 4455 727 4540 ¹72³
749 4478 847 4544 tiebat,
870 4475 902 4532 id
922 4477 965 4532 est
988 4471 1079 4544 Abel,
1122 4479 1203 4550 cirta,
1227 4483 1256 4536 et
1276 4478 1374 4551 vigore
1393 4478 1517 4550 ignara,
1531 4481 1600 4549 apta
1612 4474 1756 4538 sacrificio
1771 4479 1915 4548 esuque

284 4566 364 4626 idem
376 4565 413 4624 sil
425 4563 510 4641 quod
520 4543 589 4628 ttiit
602 4561 684 4628 Eiet,
698 4564 731 4616 ut
741 4561 974 4638 iteponatorpro
984 4557 1078 4628 oleplsr
1121 4561 1249 4636 pullulet
1273 4562 1406 4635 quodam
1428 4560 1533 4620 virenti
1551 4558 1682 4632 germine
1706 4557 1871 4634 sapientire,
1884 4560 1916 4622 ct

285 4649 357 4722 quia
376 4647 449 4708 hbet
470 4646 583 4722 primus
607 4642 779 4704 mortalium
802 4657 857 4698 sua
870 4643 965 4698 morta
978 4638 1079 4710 ingen·
1119 4645 1244 4718 juvenili
1265 4645 1372 4704 divine
1393 4642 1568 4716 cognitionis
1590 4641 1705 4700 terrore
1728 4639 1910 4704 subsensi

285 4737 345 4790 tem
358 4731 473 4788 loetum
486 4729 582 4787 attulit
594 4726 785 4804 parentibus,
805 4723 902 4800 inquit
921 4721 1078 4790 Eusebius,
1121 4727 1220 4789 annus
1233 4732 1276 4786 est
1289 4728 1352 4786 hoee
1365 4743 1425 4786 vox
1440 4743 1448 4785 ς
1652 4731 1655 4736 ’

218 4821 275 4868 anet
287 4813 340 4878 lib.
354 4815 386 4871 ill
406 4817 445 4870 lie
459 4817 581 4886 lhapar.
596 4827 662 4884 cap.
681 4826 720 4868 rr.
734 4809 841 4866 Verum
855 4805 974 4880 proprie
988 4801 1078 4874 hbcl,

165 4882 223 4932 Μ
242 4889 275 4929 ⁰⁸²
287 4897 349 4970 vei,
369 4899 402 4954 ut
420 4895 557 4954 hebraice
578 4894 683 4952 dieitur
698 4892 790 4956 liebel,
805 4888 951 4960 significat
965 4886 1077 4947 vairilo-

164 4947 274 5054 (ἔξω
287 4988 356 5048 tem.
380 4983 461 5042 Unde
485 4981 668 5041 Ecclesiastes
690 4978 749 5035 nit:
768 4953 836 5040 ¹7³³
849 4955 892 5042 ἦ)
911 4953 999 5038 &inii
1011 4953 1078 5040 ¹th
1123 4971 1204 5040 Caini
1218 4991 1256 5032 cx
1269 4975 1468 5037 adversantes
1482 4993 1490 5034 s

286 5067 358 5125 intel
379 5067 497 5128 bahalim
510 5067 550 5122 coi
570 5065 662 5122 hebel:
685 5061 831 5120 «vanitas
849 5060 1028 5128 vanitatum,
1049 5064 1078 5118 et

286 5149 388 5208 otnuia
409 5147 558 5214 vanitas.»
581 5145 699 5202 Videtur
721 5147 815 5202 mater
829 5147 887 5200 Eua
905 5141 1077 5216 praesagisse

284 5231 368 5294 Abeli
391 5230 515 5288 celerem
536 5242 653 5294 necem,
674 5230 726 5286 aut
747 5229 822 5284 certe
836 5240 950 5286 inanior
963 5240 995 5281 sc
1009 5240 1096 5304 corn¹
1158 5227 1244 5286 Docet
1261 5227 1290 5284 S.
1312 5226 1486 5288 Athanasius
1499 5227 1531 5284 in
1544 5227 1636 5298 illud,
1653 5229 1751 5289 Omnia
1769 5228 1837 5287 milii
1855 5231 1913 5293 tras

180 5303 187 5320 ’
284 5311 410 5392 posteris
424 5311 462 5368 ad
474 5314 600 5368 mortem
613 5309 704 5381 paulo
719 5312 786 5366 ante
800 5307 981 5379 damnatam,
991 5322 1078 5380 roca·
1123 5309 1184 5366 dita
1204 5313 1286 5378 sont,
1311 5307 1378 5374 Cain
1394 5314 1422 5368 el
1436 5309 1508 5372 Abel
1521 5326 1539 5366 a
1552 5317 1634 5390 patre
1648 5311 1760 5371 adamo
1775 5304 1912 5370 didicisse

1200 4847 1291 4898 merum
1303 4847 1388 4913 pingue
1401 4845 1472 4910 tabo,
1486 4809 1533 4900 utin¹
1545 4859 1644 4900 maanus
1656 4845 1796 4900 neutuna

1199 5093 1334 5146 menimis
1345 5105 1463 5160 maun,
1477 5109 1523 5148 non
1535 5097 1594 5152 tabo
1607 5096 1692 5162 pingas
1703 5107 1800 5149 aarum.
