4050 6018
637 205 1295 290 consenantinrxornn,m.xxvr.
1733 164 1819 275 asc·

151 323 229 400 reeta
238 335 293 396 per
306 319 432 380 cantos
444 320 625 402 dsdgnatur.
639 323 673 378 Et
682 323 848 380 notandum
862 324 946 398 quod
990 339 1164 397 ramicum,
1178 357 1209 368 -
1224 343 1252 397 p.
1267 326 1297 382 d.
1314 323 1508 398 «operias,»
1529 321 1562 381 id
1575 323 1618 380 est
1629 319 1788 398 replicabis

152 405 273 466 alatera
283 399 637 476 etsummitatejubentur
650 405 773 478 ansulae,
785 400 834 462 val
845 403 946 463 circuli
990 408 1134 467 cortinam
1152 423 1245 466 unam
1264 397 1304 466 ad
1321 405 1508 465 altitudinem
1527 403 1658 463 duorum
1673 403 1788 462 cubito·

151 489 183 546 in
197 488 317 546 cortinis
330 487 408 558 fleri,
423 487 494 562 quia
507 492 653 562 praecepta
664 487 805 560 coelestia,
820 489 848 544 et
861 485 947 546 intel·
989 507 1075 564 rum,
1089 495 1122 550 ut
1135 490 1175 550 ita
1189 491 1240 550 fiat
1255 489 1438 565 duplicatum
1453 488 1690 563 operimentum,
1703 485 1787 561 quod

152 570 245 630 lectus
257 569 411 645 spiritalis,
424 579 487 626 non
500 570 599 627 solum
614 567 701 628 debet
714 586 770 628 nos
782 587 900 628 sursum
914 569 946 630 in
990 571 1103 648 operiat
1116 573 1309 647 posteriorem
1326 573 1442 648 partem
1459 569 1642 630 tabernaculi
1663 569 1703 628 ad
1719 569 1783 626 nlti-

153 656 201 714 uei
213 669 348 714 amorem
362 654 561 728 suspendere,
584 653 637 712 sed
656 651 744 711 etiam
760 654 899 728 proximo
914 651 947 710 in
990 658 1124 716 tudinem
1135 658 1264 716 duorum
1279 657 1460 716 cubitorum.
1474 655 1517 714 lta
1530 651 1695 712 abulensis.

151 741 289 800 charitate
308 739 430 796 sociare.
450 739 484 794 ln
502 752 538 794 ao
558 738 638 794 anim
657 737 742 811 quod
761 737 946 796 conditorem
1025 741 1070 799 tt.
1085 743 1184 802 Facies
1197 758 1232 800 sr
1246 755 1446 799 orrnrnnnron
1458 752 1544 796 aaran
1565 749 1654 793 cnoro
1671 747 1707 792 ns
1722 751 1786 792 rai·
1798 725 1859 783 'vsrc
1871 743 1903 785 tt·

152 826 287 882 nostrum
300 821 468 894 diligimus,
482 819 569 896 quasi
581 835 635 894 per
646 821 813 894 superiores
826 817 946 878 ansulas
990 840 1211 883 clauserimus
1231 835 1395 883 turnicius
1401 841 1410 894 ;
1436 837 1470 878 ar
1490 835 1576 878 surra
1597 833 1653 876 noc
1673 830 1785 878 nonsuu

152 907 184 966 in
193 922 260 966 aare
272 906 453 980 pendemus;
466 904 498 960 in
513 920 548 962 eo
561 920 632 961 vero
642 903 726 977 quod
736 904 810 961 sicut
819 907 947 962 nosmet·
990 923 1075 968 mian
1092 924 1291 970 ornainsnrun
1308 923 1344 968 nr
1359 922 1501 966 riurnnus
1516 917 1658 962 renarras.
1673 935 1708 946 -
1719 907 1786 962 tec-

152 990 233 1064 ipsos
251 987 405 1064 proximos
425 1001 576 1057 amamus,
597 985 716 1046 ansulas
734 990 764 1044 at
782 983 909 1045 circulos
928 1004 947 1046 a
990 995 1055 1049 tum
1073 989 1122 1050 hic
1141 1009 1261 1050 rursum
1280 996 1403 1050 vocatur
1422 989 1639 1063 operimentum
1654 987 1786 1061 primum

153 1073 241 1132 latere
258 1070 419 1141 babemus,
444 1073 479 1126 ut
498 1069 617 1126 cortine
635 1067 832 1141 tabernaculi,
852 1067 948 1128 idest
988 1069 1373 1150 tabernaculi,putavelum
1384 1073 1487 1131 decem
1499 1072 1785 1146 cortinarum,quo‹i

153 1156 287 1214 fidelium
303 1154 411 1212 animm
427 1169 481 1226 por
498 1151 668 1210 charitatem
691 1149 856 1224 conjunctae
877 1151 945 1224 sint,
989 1155 1126 1216 hebraice
1141 1139 1342 1222 vocaturbrttt
1355 1155 1427 1222 clici,
1441 1153 1529 1212 idest
1542 1154 1784 1226 tabernaculum,

152 1243 181 1298 ct
194 1255 256 1297 non
266 1253 320 1312 per
333 1236 512 1294 discordiam
526 1234 626 1292 divisae
641 1231 689 1309 (1).
990 1239 1062 1313 quia
1074 1244 1136 1298 erat
1148 1239 1237 1298 totius
1249 1239 1432 1298 tabernaculi
1447 1238 1619 1312 proximum
1633 1241 1786 1309 tegumen·

87 1361 93 1373 .
120 1362 126 1374 .
188 1325 215 1380 o.
230 1325 329 1380 Frcrss
342 1334 377 1376 ar
386 1333 597 1388 palaemonem
607 1321 883 1394 cinnoma-puta
892 1320 947 1377 cir·
989 1325 1063 1380 tum.
1481 1345 1487 1356 ·

154 1406 266 1466 culares
276 1403 396 1473 fibulas,
407 1405 440 1458 ut
448 1402 512 1459 haec
521 1399 582 1459 duo
593 1401 773 1460 cortinarum
784 1403 946 1476 quinarum
1024 1403 1257 1472 Notazbuatuor
1265 1405 1349 1462 erant
1358 1399 1539 1477 operimenta
1547 1399 1609 1456 siva
1618 1401 1786 1472 tegumenta
1802 1403 1898 1476 cuatuor

153 1490 218 1548 vela
230 1503 284 1562 per
297 1476 759 1558 eosconjungietrursumsolvi
773 1490 801 1543 et
815 1485 947 1560 disjungi
989 1483 1181 1544 tabernaculi.
1199 1489 1322 1544 Primam
1340 1489 1403 1543 erat
1419 1484 1519 1541 velum
1539 1483 1640 1540 decem
1659 1485 1784 1544 eortina·
1815 1477 1883 1570 ‘'Wss'

153 1573 276 1650 possint,
289 1567 412 1645 quando
422 1565 671 1641 proficiscendum
685 1572 742 1638 ast;
757 1570 837 1628 unde
847 1572 947 1628 noster
989 1585 1057 1625 rum
1068 1585 1106 1626 cx
1118 1571 1227 1644 bysso,
1241 1587 1391 1644 purpura,
1404 1585 1491 1626 cocco
1511 1572 1540 1624 et
1552 1566 1731 1640 hyacintho,
1747 1571 1785 1629 de
1800 1538 1899 1631 affin:-

153 1659 296 1729 lntcrpres
315 1654 372 1710 bos
391 1650 517 1708 circulos
536 1665 613 1706 vers.
632 1653 664 1706 tt
685 1655 771 1710 vocat
788 1653 899 1724 titulos,
918 1657 947 1710 et
990 1668 1051 1724 quo
1065 1668 1140 1710 vers.
1154 1653 1342 1710 isnardum
1353 1655 1414 1709 erat
1425 1650 1590 1723 stragulum
1599 1667 1636 1708 ex
1647 1651 1785 1711 undecim
1824 1647 1876 1690 ⁰⁰¹¹·

153 1739 306 1798 {labrarum
323 1743 398 1818 ‘bap
411 1737 487 1792 tarsa
504 1732 649 1805 significat
666 1733 811 1792 circulum
824 1739 853 1792 et
865 1735 946 1794 fibu-
990 1736 1067 1808 sagis
1083 1733 1225 1807 cilicinis,
1238 1736 1287 1794 vel
1299 1733 1443 1808 caprinis,
1459 1734 1496 1791 de
1511 1749 1572 1808 quo
1586 1749 1661 1791 vers.
1676 1739 1702 1794 7.
1720 1739 1784 1795 Τεν-

153 1824 214 1881 lam
225 1822 414 1890 circularem,
428 1835 447 1874 a
458 1817 609 1876 curvitate.
990 1823 1059 1876 tiam
1076 1835 1113 1876 ex
1129 1819 1257 1894 pellibus
1274 1820 1398 1878 arietum
1417 1819 1582 1876 rubricatis.
1601 1821 1735 1886 Quartum
1749 1843 1785 1883 cx

189 1909 216 1962 7.
230 1908 377 1983 Facisssr
390 1916 596 1960 sacrementi
608 1901 945 1977 annania-Hebraico,
988 1902 1118 1976 pellibus
1133 1902 1283 1961 ianthinis.
1297 1909 1342 1962 An
1355 1906 1453 1959 autem
1467 1903 1530 1958 baec
1544 1901 1605 1959 duo
1620 1903 1724 1962 ultima
1738 1925 1785 1965 so·
1799 1903 1832 1946 Al
1847 1902 1903 1974 ,dm

152 1993 238 2060 socier
254 1995 282 2047 et
301 1990 421 2044 cortices
434 2003 448 2042 e
459 1988 528 2058 pilis
542 2002 689 2058 capenam
706 1988 832 2043 undecim
846 2007 855 2044 ε
875 2004 946 2047 nam
989 1986 1054 2044 lum
1066 1983 1248 2044 tabernaculi
1259 1991 1368 2044 tectum
1382 1986 1516 2056 texerint,
1527 1986 1569 2042 uti
1582 1987 1773 2050 voluntBeda
1811 1963 1889 2008 ⁰¹²¹¹²¹²

153 2089 169 2130 e
185 2069 255 2148 pilis
273 2085 431 2144 caprarum
449 2073 543 2125 vestes
561 2071 704 2126 contextae
725 2069 847 2128 cilicinae
869 2071 947 2129 dice·
990 2037 1786 2143 coeranusettipomanusnnveroettamlateratabers
1808 2035 1894 2130 effic.

151 2157 277 2228 bantur,
296 2157 334 2214 de
352 2154 463 2228 quibus
480 2168 546 2228 cap.
565 2167 636 2222 xxv,
655 2169 731 2211 vers
746 2157 774 2211 t.
795 2155 859 2214 llaec
875 2171 947 2228 saga
990 2153 1103 2225 naculi,
1117 2155 1261 2212 incertum
1275 2159 1332 2226 est:
1350 2171 1421 2211 nam
1440 2156 1524 2228 quod
1538 2170 1614 2211 vers.
1630 2159 1664 2213 ta
1678 2159 1784 2220 dicitur
1809 2151 1894 2192 ΨΜ

151 2241 213 2300 aire
226 2240 294 2298 vela
307 2239 414 2298 eodem
431 2237 524 2294 modo
541 2231 758 2308 jungebantur,
779 2241 809 2294 et
828 2254 946 2312 sparge·
989 2238 1200 2314 iilaoperuisse
1212 2244 1338 2312 tectum,
1348 2237 1391 2296 nil
1402 2235 1536 2312 lacitpro
1550 2239 1639 2296 Beda:
1653 2241 1693 2299 ibi
1705 2247 1783 2305 enim
1798 2211 1898 2315 ‘mi

152 2324 262 2382 bantur
277 2339 330 2398 per
352 2317 592 2389 tabernaculum,
610 2334 673 2392 quo
692 2321 728 2376 to
748 2320 884 2392 eortina,
903 2321 947 2380 uti
989 2326 1099 2382 tectum
1113 2323 1193 2382 idem
1210 2329 1254 2382 est
1269 2323 1354 2398 qnod
1365 2321 1598 2381 'tabernaculum
1614 2325 1693 2386 :hoe
1706 2331 1786 2388 eninr

154 2411 215 2469 dixi
227 2426 301 2468 vars.
316 2411 346 2467 3.
990 2405 1124 2479 undique
1135 2407 1299 2479 tegebatur,
1308 2412 1337 2465 et
1349 2424 1417 2481 quae
1430 2405 1504 2464 ratio
1518 2408 1574 2464 luit
1585 2409 1703 2482 tegendi
1719 2415 1786 2472 tecti

19 2498 139 2572 'cmpoto
187 2492 380 2569 tropologica
392 2494 421 2551 S.
431 2487 621 2562 augustinus,
631 2505 720 2546 serm.
731 2493 768 2547 lb
780 2493 812 2546 alr
824 2493 946 2548 Mutila:
989 2487 1111 2563 proprie
1128 2487 1198 2547 dicti
1219 2487 1300 2547 bisce
1320 2489 1441 2548 duobus
1459 2491 1664 2564 operimentis,
1681 2498 1787 2554 eadem

20 2571 706 2730 aaruaticinationis
724 2573 948 2732 italica
990 2569 1789 2720 attiliani?..iactantiaat

19 2689 141 2800 actm
153 2681 312 2820 licioffivc
330 2762 403 2821 sego
423 2744 540 2804 cilicino
554 2700 726 2819 plangitur’:
742 2743 802 2801 boe
818 2757 889 2815 ergo
902 2760 948 2802 sa·
990 2737 1071 2796 bule
1099 2741 1208 2798 auratae
1233 2699 1414 2796 foedarentur
1439 2742 1491 2796 aut
1517 2678 1786 2816 corrumperetrtuss.

36 2805 122 2852 ω’·
153 2849 225 2906 gum
236 2830 410 2906 symbolum
422 2826 673 2902 iuitpoenitentioe.
688 2826 892 2897 «Poenitentia,
903 2827 970 2892 in·,
991 2820 1072 2880 Unde
1093 2823 1122 2880 ct
1139 2819 1284 2896 iosephus
1298 2821 1338 2877 ait
1357 2821 1584 2880 tabernaculum
1602 2826 1653 2881 tali
1670 2830 1788 2904 colore,

154 2919 220 2993 quit
233 2917 374 2988 isidorus,
385 2915 437 2974 lib.
449 2916 482 2973 lit
497 2913 653 2970 desummo
665 2913 751 2977 Bono,
765 2915 809 2968 cst
821 2911 948 2970 medica·
991 2905 1088 2981 specie
1101 2907 1130 2962 et
1143 2903 1249 2962 decore
1265 2903 1355 2962 fuisse
1365 2908 1525 2962 venustum
1543 2907 1669 2965 exterius
1676 2952 1687 2982 ,
1701 2915 1734 2968 ut
1744 2911 1789 2970 in·

154 3006 287 3062 mentum
299 2998 445 3069 vulneris,
458 3012 525 3071 spes
537 2995 655 3066 salutis,
664 3009 719 3067 per
733 3009 826 3066 quam
836 2994 876 3051 ad
889 2995 947 3052 mi-
989 2996 1105 3052 tuentes
1115 2992 1301 3062 mirarentur,
1312 2993 1340 3047 et
1351 2989 1458 3048 coelum
1470 3006 1532 3047 esse
1543 2993 1690 3065 putarent,
1703 2997 1789 3070 quod

154 3085 344 3148 sericordlam
356 3085 546 3158 provocatur,
559 3094 628 3153 quae
646 3092 709 3136 non
728 3081 862 3152 tempore
875 3093 948 3152 pen·
990 3079 1038 3138 vel
1059 3077 1188 3137 maxime
1206 3076 1243 3133 de
1263 3077 1370 3150 quarto
1389 3074 1531 3147 operculo
1546 3071 1678 3133 ianthino
1695 3078 1788 3139 latera

154 3170 320 3243 etiamsed
341 3166 541 3242 profunditate
562 3163 658 3220 tuctus
682 3164 711 3218 ct
730 3161 945 3236 lacrymarum,
991 3161 1125 3234 cingente
1139 3163 1166 3218 et
1175 3157 1502 3232 tegenteaccipicndam
1510 3155 1636 3229 videtum
1651 3173 1721 3217 nam
1730 3166 1788 3219 tec·

155 3252 332 3329 quaomnia
353 3250 499 3310 cruciatur
523 3250 552 3306 et
574 3245 765 3304 mortificatur
787 3259 892 3303 caro.»
914 3247 948 3302 Et
990 3251 1055 3304 tum
1076 3241 1277 3312 tabernaculi,
1297 3253 1366 3298 cum
1385 3239 1511 3313 planum
1533 3241 1561 3295 et
1578 3241 1672 3298 altum
1693 3249 1786 3315 esset,

154 3342 238 3411 lingo
251 3335 430 3404 Victorinus,
443 3332 496 3390 lib.
509 3332 542 3388 lli
552 3333 591 3386 Da
603 3331 716 3399 nester.
726 3330 826 3385 Ecetra.
838 3348 846 3383 ε
860 3329 947 3386 at‘oe·
990 3327 1085 3388 videri
1098 3342 1159 3385 non
1172 3327 1296 3400 poterat.
1309 3319 1445 3381 Similiter
1457 3321 1559 3379 decem
1571 3325 1690 3382 cortinae
1699 3327 1789 3402 poly-

155 3422 290 3492 nitentia,
304 3421 362 3490 ait,
375 3417 481 3478 dicitur
501 3414 588 3488 quasi
600 3411 753 3485 punientia
770 3411 835 3486 (aut
846 3413 947 3486 potius
991 3413 1087 3484 miter,
1101 3427 1170 3470 cum
1184 3411 1281 3468 essent
1294 3407 1419 3477 infimas,
1434 3407 1462 3462 ct
1475 3421 1547 3476 sago
1563 3405 1681 3465 cilicino
1699 3409 1786 3469 undi-

154 3523 251 3585 pcenae
261 3501 421 3575 tenentia),
433 3514 470 3558 eo
484 3498 569 3573 quod
581 3497 645 3569 ipse
658 3496 750 3552 homo
764 3496 796 3550 in
810 3511 841 3552 so
854 3497 948 3570 poeni·
992 3511 1051 3570 qna
1064 3497 1244 3567 tegerentur,
1258 3489 1342 3548 nulla
1360 3489 1406 3546 sut
1423 3490 1506 3563 parta
1524 3487 1618 3546 videri
1638 3495 1785 3564 poterant.
1819 3526 1829 3546 .

155 3591 245 3651 tando
258 3587 362 3663 punit,
374 3583 461 3658 quod
474 3581 552 3638 male
563 3578 694 3636 admisit.
709 3577 774 3635 tria
786 3579 866 3634 enirn
880 3594 948 3653 quac
991 3584 1033 3639 lta
1045 3577 1218 3646 thelensis,
1230 3575 1332 3644 oaest.
1347 3575 1379 3631 Χ.

156 3680 225 3736 sunt
237 3675 269 3732 in
281 3669 470 3747 percussione
481 3664 619 3740 pectoris,
631 3663 662 3720 id
675 3665 718 3720 est
730 3663 843 3735 pectus,
856 3679 948 3722 sonus
1026 3657 1231 3731 tropologice,
1241 3654 1459 3727 operimentum
1470 3669 1506 3710 ex
1519 3649 1650 3728 pellibus
1661 3653 1787 3716 arictum
1800 3659 1905 3728 'cropen-

157 3767 186 3820 et
197 3775 314 3830 manus,
329 3749 589 3828 significantquod
602 3746 774 3822 poenitentia
786 3753 830 3804 est
842 3749 879 3807 de
890 3749 948 3820 bis,
992 3740 1147 3802 rubricatis
1164 3737 1309 3812 significat
1327 3736 1510 3810 apostolicos
1530 3737 1629 3808 viros,
1651 3739 1702 3812 qui
1722 3755 1788 3799 san·
1800 3733 1846 3826 {2¹2⁸
1853 3722 1907 3828 2¹²,ss-

158 3861 225 3919 quaa
237 3845 346 3910 mente,
356 3853 430 3896 voce
441 3839 470 3892 et
484 3849 573 3906 opera
583 3831 805 3905 peccavimus.»
993 3828 1082 3900 guina
1098 3843 1153 3882 sno
1167 3823 1325 3880 Ecclesiam
1345 3823 1541 3893 operuerunt,
1556 3821 1679 3895 ejusque
1696 3823 1787 3882 fldem
1801 3847 1907 3888 atterunt

191 3935 234 3988 An
256 3934 437 3986 cernimur
450 3931 561 3975 aaaron
581 3928 784 3986 sacrararum,
798 3919 950 3974 -tectum
993 3911 1207 3976 stabiliverunt,
1216 3908 1319 3961 eontra
1328 3917 1431 3959 omnes
1442 3903 1611 3974 ingruentes
1621 3903 1787 3965 infidelium
1815 3903 1895 3978 Meot-

157 4016 244 4073 vooat
257 4008 479 4081 tegumentum,
493 4005 567 4076 puta
582 3998 684 4055 velum
702 3997 804 4054 decem
821 3999 950 4056 cortina·
992 3991 1147 4068 procellas.
1162 3987 1195 4045 lli
1212 4003 1283 4058 ergo
1299 3985 1441 4042 rubricati
1455 3989 1538 4055 sunt,
1555 3987 1625 4060 quia
1644 3991 1787 4060 sangmno
1802 3977 1909 4072 ¹⁰2⁵&ssss

157 4114 226 4159 rum
259 4095 322 4168 J'arn
341 4090 473 4157 dictum,
491 4083 578 4159 quod
598 4080 714 4152 tegebat
729 4079 951 4138 tabernaculum
994 4093 1049 4134 suo
1058 4073 1149 4132 vitam
1160 4072 1290 4139 beatam,
1300 4073 1362 4124 tam
1372 4082 1456 4124 suam
1466 4081 1559 4140 quam
1568 4065 1702 4128 Ecclesia
1711 4087 1789 4131 eme
1802 4093 1853 4130 euna
1864 4089 1907 4133 vnn

157 4139 249 4243 insta}
257 4178 335 4237 geg,
420 4211 423 4218 .
994 4163 1073 4218 runt.
1085 4157 1210 4214 Narrant
1230 4151 1358 4209 historiae
1375 4151 1515 4207 Romana
1536 4151 1573 4208 de
1592 4151 1661 4210 caio
1680 4155 1789 4229 llario,
1820 4151 1888 4205 8³2⁰·-

30 4271 135 4330 urm.
194 4263 326 4341 Mysum,
343 4259 408 4316 haee
419 4269 492 4333 saga
503 4251 671 4324 significant
681 4252 798 4306 sanctos
811 4247 952 4322 predica·
995 4242 1079 4320 quod
1092 4243 1186 4298 castra
1196 4235 1368 4310 opposuerit
1380 4238 1482 4291 contra
1495 4233 1630 4291 Cimbros
1643 4239 1671 4292 et
1683 4239 1789 4298 'rento-

158 4356 252 4419 tores3
267 4345 348 4404 unda
363 4345 407 4398 tar
420 4338 531 4408 denos,
544 4335 576 4392 id
589 4338 632 4392 est
644 4335 680 4390 ³0
695 4330 806 4388 babent
819 4330 951 4402 cubitos,
995 4343 1048 4386 nes
1069 4323 1137 4384 loco
1154 4320 1260 4390 arido,
1274 4318 1420 4390 militique
1441 4317 1547 4374 sitienti
1563 4321 1592 4375 et
1609 4331 1719 4392 aquam
1737 4334 1791 4395 pe·

158 4435 213 4510 qut
222 4442 365 4490 numerus
378 4425 422 4482 est
433 4419 580 4494 perlectus
592 4436 599 4474 z
610 4417 662 4490 qui
675 4420 774 4472 nmen
788 4415 846 4472 sint
856 4413 954 4471 humi·
995 4408 1065 4469 tenti
1078 4405 1283 4465 demonstrans
1292 4415 1411 4458 amnem
1421 4399 1505 4472 Juxta
1513 4399 1628 4458 vallum
1636 4401 1790 4462 bostium:

157 4516 202 4576 les
232 4515 360 4590 quique,
378 4521 435 4565 ceu
455 4517 597 4562 numerus
619 4498 814 4568 undecimus,
835 4497 954 4555 necato·
999 4491 1130 4561 «istinc,
1147 4487 1261 4562 inquit,
1277 4483 1337 4558 peti
1355 4498 1374 4539 a
1393 4483 1480 4540 vobis
1499 4487 1598 4557 potest
1615 4490 1706 4560 potus
1723 4503 1792 4547 san·

158 4559 231 4674 gum
249 4592 433 4673 quandoque
456 4604 487 4645 se
509 4583 673 4657 transgredi
694 4580 850 4650 fateantur,
874 4579 955 4636 ideo-
997 4575 1086 4649 guine
1105 4569 1262 4641 venalis3r
1279 4581 1351 4625 mox
1368 4570 1527 4623 oraverunt
1544 4567 1669 4638 milites,
1688 4574 1722 4626 nt
1740 4583 1791 4630 eos

158 4699 218 4758 qua
241 4678 369 4740 cilicium
393 4677 422 4730 et
442 4668 602 4742 lugubrem
625 4665 803 4740 paenitentiae
827 4666 953 4733 statum,
997 4675 1034 4717 eo
1062 4653 1191 4714 duceret.
1211 4651 1293 4710 idem
1315 4650 1445 4708 Christus
1467 4647 1542 4705 dixit
1567 4647 1743 4722 martyribus
1763 4651 1792 4710 et

160 4768 234 4842 quin
244 4769 273 4824 et
288 4761 426 4820 habitum
445 4749 588 4822 subinde,
602 4751 693 4807 instar
706 4747 734 4805 S.
748 4745 867 4804 ioannis
882 4745 954 4819 Bap·
997 4739 1140 4800 aeclesiae.
1163 4735 1385 4810 operimentum
1400 4748 1472 4790 vero
1495 4731 1662 4789 ianthinum
1679 4731 1792 4804 signiti-

160 4851 234 4907 ristae
242 4887 253 4918 ,
271 4843 504 4919 amplectuntur,
523 4839 557 4892 ut
574 4835 616 4892 sic
637 4831 787 4907 populum
805 4828 846 4886 ad
861 4825 956 4902 poeni-
998 4827 1044 4882 cat
1060 4819 1204 4894 virgines,
1218 4818 1271 4892 qui
1286 4815 1385 4875 colore
1403 4815 1528 4886 calesti,
1545 4817 1655 4874 mortui
1670 4815 1793 4874 carniet

160 4932 282 4990 tentiam
294 4925 497 5001 permoveant.
511 4921 553 4977 lta
565 4917 654 4975 Beda.
998 4904 1132 4975 mundo,
1150 4899 1307 4960 mortalem
1327 4905 1442 4959 tantum
1459 4897 1568 4972 pellem
1591 4911 1691 4955 secum
1713 4897 1793 4957 dela·

39 5039 147 5086 vm.
197 5015 242 5072 ti.
263 5013 305 5069 iix
324 5019 482 5067 nsnmrara
498 5015 564 5060 asos
583 5011 701 5076 orarias
715 5008 888 5081 resaucient
907 5011 957 5053 rr·
998 4991 1085 5058 runt,
1100 4985 1200 5044 animo
1214 4985 1245 5042 in
1258 4982 1338 5043 coelis
1352 4981 1441 5040 defixi
1457 4997 1465 5038 r
1479 4981 1511 5038 hi
1528 4981 1559 5037 in
1577 4981 1704 5055 Ecclesia
1720 4981 1793 5064 emi-

292 5100 296 5108 '
677 5073 684 5090 ⁸
752 5072 757 5083 '
909 5073 931 5088 “
1000 5074 1088 5142 nent,
1110 5085 1237 5143 eamque
1260 5065 1372 5126 meritis
1398 5069 1426 5121 et
1446 5063 1629 5140 orationibus
1649 5067 1791 5123 tutantur.
1835 5103 1837 5118 2

999 5156 1081 5215 Unde
1094 5153 1223 5227 virgines
1239 5135 1378 5209 dicuntur
1389 5149 1476 5222 quasi
1486 5147 1593 5214 virtute
1607 5133 1755 5221 insignes,
1766 5151 1796 5205 et
1829 5173 1833 5183 ·

194 5204 227 5265 (i)
241 5201 313 5252 Vere.
329 5135 957 5254 t.=rsutoennrtequeou,eeo-ttmla.1bbra-
1057 5240 1063 5251 ,
1212 5237 1219 5249 .
1291 5235 1297 5247 .
1576 5230 1625 5244 ..
1788 5229 1794 5244 .

165 5263 559 5328 seminecessemineces,
575 5261 607 5310 aa
621 5253 716 5323 quibos
728 5265 793 5305 rara
808 5257 832 5305 a.
1003 5237 1118 5296 caelibes
1135 5253 1221 5314 quasi
1234 5235 1343 5296 coebtes
1350 5273 1361 5307 ,
1376 5230 1650 5360 etcoelobeab,*1d
1668 5236 1718 5311 est
1731 5229 1796 5288 coeb
