4236 6040
240 295 293 361 11ὶέ
746 299 1039 360 connumeratam
1059 297 1198 360 ttondit
1206 344 1215 370 ,
1235 317 1296 359 car.
1319 303 1362 360 111.

234 407 415 480 origarium.»
440 410 513 464 oeus
531 405 629 478 itaque
649 404 697 462 hie
717 405 789 462 liosi
807 406 924 465 nullam
939 407 1030 466 aliam
1075 409 1186 465 tionem
1198 412 1227 465 et
1238 408 1385 465 ustionem
1395 408 1458 480 ejus
1467 407 1650 482 impediebat
1662 405 1868 480 (subducendo
1890 424 1979 484 eumn

234 491 281 548 sui
302 490 429 565 speciem
443 487 593 558 exhibuit,
608 488 664 545 nisi
678 487 774 559 ignis;
789 488 820 546 io
834 505 930 565 eoque
946 491 1027 563 solo,
1074 506 1253 548 concursum
1270 496 1298 548 et
1312 490 1461 554 innexum
1479 490 1578 562 suum)
1587 506 1647 561 ,ne
1661 494 1760 560 ageret
1773 491 1804 544 in
1817 505 1869 545 ru·
1881 471 1989 577 &23⁰¹ss

233 574 294 630 sive
311 572 397 648 quasi
415 571 491 628 solio
512 586 585 642 sue,
600 571 661 629 sive
674 571 775 644 petius
788 573 875 644 quasi
889 573 1029 646 symbolo
1073 571 1164 640 bum,
1180 574 1228 630 vel
1247 574 1371 630 virentia
1388 575 1451 646 ejus
1472 573 1545 630 lolia
1565 574 1721 630 minimum
1736 571 1866 644 afflaret,
1890 545 1973 637 {aban

233 660 261 714 et
274 654 513 728 hieroglyphice,
525 669 587 728 quo
601 657 860 728 repraesentaretur
876 661 904 713 et
924 657 1029 714 adum·
1073 659 1124 711 aut
1143 657 1310 714 desiccaret.
1332 659 1390 714 lieo
1405 655 1484 713 enim
1497 673 1567 714 cum
1579 657 1647 728 igne
1665 656 1782 713 nolente
1796 671 1869 712 eon·
1881 653 1987 700 umet.

232 737 377 809 brarctar,
394 738 546 811 apparuit.
1072 753 1189 796 currere
1212 743 1245 796 ut
1266 744 1350 810 urat,
1369 755 1406 796 ne
1430 739 1561 798 infernus
1584 745 1664 798 totus
1684 740 1732 797 vel
1750 745 1869 813 stupam

267 823 298 880 lrr
311 835 425 880 ruiana
436 835 511 880 roais
523 837 560 880 ne
574 837 663 881 usuro
677 839 799 882 auna-
812 826 879 882 Erat
892 824 1029 882 beenon
1072 823 1237 894 adusserit;
1255 838 1326 879 nam
1347 827 1460 880 certum
1483 827 1527 880 est
1550 823 1626 881 illud
1649 824 1868 895 Theolegorum

232 905 343 982 species
352 906 400 963 vel
411 905 574 964 similitudo
587 907 674 979 ignia,
686 908 739 964 sed
753 923 840 966 verus
855 907 946 979 ignis3
956 907 1029 964 alio·
1072 907 1191 962 axioma
1205 924 1212 961 :
1225 907 1340 963 nullam
1355 921 1417 963 rem
1431 911 1559 964 creatam
1570 923 1659 981 posse
1674 907 1790 980 operari
1800 906 1868 964 abs-

232 991 285 1064 qui
302 989 381 1046 enim
396 988 536 1062 deceptus
555 989 658 1047 fuisset
671 992 779 1060 lloses,
798 992 907 1062 putans
924 1006 1029 1046 verum
1072 1004 1130 1062 que
1141 990 1247 1046 actuali
1258 991 1306 1047 uel
1318 1005 1463 1047 concursu
1473 1005 1542 1046 eum
1553 990 1662 1048 aliare.
1672 990 1765 1048 Simili
1775 989 1868 1048 mode

233 1073 424 1145 esseignem.
440 1075 473 1130 El
489 1075 573 1147 quod
591 1089 693 1148 queeso
712 1073 814 1132 inisset
834 1073 1028 1143 miraculum,
1072 1072 1147 1127 Deus
1168 1076 1225 1129 tras
1246 1087 1356 1144 pueros
1370 1071 1401 1127 in
1423 1073 1541 1129 lornace
1561 1071 1740 1146 Babylonica
1760 1073 1868 1131 illesos

233 1157 258 1214 si
273 1155 428 1215 simulatus
440 1155 489 1213 vel
502 1157 632 1214 larvatus
646 1156 723 1228 ignis
741 1173 802 1214 non
821 1155 1030 1214 combussisset
1072 1154 1213 1224 servavit,
1228 1160 1256 1211 et
1269 1155 1327 1213 hec
1341 1158 1402 1225 est,
1413 1155 1452 1212 ait
1463 1157 1491 1212 S.
1504 1156 1625 1214 Basilius
1639 1157 1867 1229 inPsot.xxr1u,

233 1239 365 1298 rubum?
381 1238 482 1314 potius
505 1239 683 1298 miraculum
704 1237 822 1311 luisset,
843 1238 867 1296 si
888 1238 1029 1295 combus-
1071 1237 1341 1308 quedaitl‘saltes:
1355 1241 1442 1295 «Vox
1455 1239 1869 1297 Dominiintercidentisilam·

235 1322 328 1380 sisset.
1072 1334 1152 1374 mam
1166 1319 1259 1391 iguis,
1273 1341 1287 1372 a
1303 1337 1371 1378 eum
1391 1321 1473 1394 apud
1487 1323 1567 1394 pios,
1588 1326 1662 1395 puta
1678 1325 1735 1378 tres
1758 1337 1867 1395 pueros

118 1425 222 1484 tantaru—
269 1408 342 1463 Nota
360 1422 368 1462 ε
390 1403 440 1462 ilic
457 1403 533 1478 ignis
546 1403 602 1462 luit
615 1406 779 1479 productus
792 1421 811 1462 a
825 1407 900 1474 beo,
915 1405 962 1462 vel
975 1419 1029 1477 po-
1069 1400 1131 1472 jam
1148 1403 1262 1474 dictos,
1277 1403 1319 1460 illi
1332 1403 1452 1460 lucendi
1465 1405 1525 1460 vim
1539 1405 1657 1476 tribuit,
1668 1421 1730 1463 nen
1743 1406 1865 1476 urendi3

117 1487 145 1560 ¹3⁰
181 1497 221 1556 '2⁰¹¹
235 1488 292 1547 tias
311 1487 350 1546 ab
372 1487 477 1560 angelo
501 1505 538 1545 ex
560 1504 646 1559 acre,
670 1488 764 1546 aliave
787 1489 910 1545 materia
931 1487 1029 1544 vicina
1071 1485 1154 1556 apud
1175 1486 1284 1559 impios
1298 1503 1368 1543 vero
1382 1491 1411 1543 et
1427 1488 1603 1559 damnatos,
1618 1489 1661 1545 illi
1681 1490 1787 1546 urendi
1805 1488 1867 1548 vim

117 1550 219 1654 3²23!
234 1573 329 1643 rubo;
351 1572 455 1645 illique
475 1574 603 1631 materiae
627 1573 786 1645 subjective
810 1571 942 1641 inhesit,
967 1587 1028 1628 non
1071 1567 1183 1637 tribuit,
1193 1585 1254 1625 non
1263 1569 1382 1626 lucendi
1396 1587 1402 1624 :
1414 1569 1490 1640 ignis
1499 1571 1577 1626 enim
1591 1570 1697 1628 interni
1710 1573 1866 1630 damnatos

117 1672 186 1720 bnstt.
235 1662 333 1714 autem
349 1656 426 1712 rubo
449 1674 456 1711 :
479 1657 503 1712 si
522 1657 601 1714 enim
616 1656 692 1728 ignis
707 1656 867 1727 subjective
882 1653 983 1710 luisset
996 1653 1028 1710 in
1071 1667 1133 1706 non
1144 1650 1307 1722 illuminat,
1319 1653 1371 1710 sad
1386 1653 1453 1724 urit,
1465 1653 1504 1710 ait
1515 1655 1542 1710 S.
1556 1654 1688 1710 Basilius.
1701 1656 1771 1712 llinc
1789 1659 1866 1712 recte

234 1739 333 1809 rub0‚
357 1740 452 1797 rubus
475 1739 577 1798 fuisset
601 1739 633 1797 in
659 1740 758 1811 ignem
787 1753 966 1808 conversus,
993 1753 1027 1794 ac
1071 1733 1867 1808 aill’bilorllubushieinseeremabilis,nonailamma

233 1823 359 1897 proinde
373 1826 529 1896 corruptus
543 1827 572 1880 et
585 1827 790 1895 consumptus.
805 1821 934 1892 angelus
943 1836 1026 1892 ergo,
1070 1816 1134 1887 uri,
1148 1819 1200 1874 sed
1213 1819 1313 1890 potius
1328 1820 1423 1891 ipsam
1438 1819 1591 1876 dammam
1611 1837 1695 1878 urere
1715 1830 1743 1878 et
1756 1839 1865 1881 eonsu-

233 1907 286 1980 qui
302 1907 338 1964 de
353 1921 435 1963 more
448 1905 504 1961 init
516 1904 565 1961 hic
579 1904 752 1962 administer
765 1903 825 1974 Dei,
835 1904 935 1975 ignem
947 1903 1027 1960 buno
1048 1909 1051 1918 “
1071 1915 1150 1956 merc
1160 1901 1316 1958 videbatur
1322 1921 1330 1972 ;
1343 1901 1544 1986 flammavere
1556 1919 1623 1976 quae
1636 1905 1710 1961 solet
1722 1921 1805 1962 urere
1816 1923 1866 1964 ru·

233 1989 402 2046 naturaliter
416 1987 594 2061 applicando
613 1987 707 2045 activa
725 1987 849 2060 passivis
871 1986 1027 2060 produxit,
1070 1981 1155 2052 burn,
1167 1984 1215 2040 bie
1229 2001 1289 2042 nen
1303 2001 1398 2056 urere,
1411 1986 1462 2042 sed
1472 1986 1571 2058 potius
1582 1987 1686 2043 arubo
1700 1987 1746 2045 uri
1756 1993 1784 2044 et
1795 2005 1865 2047 con-

231 2072 279 2128 vel
297 2071 415 2129 aliunde
434 2069 548 2140 attulit3
564 2085 694 2144 eumque
708 2069 845 2144 opposito
866 2069 1026 2142 sulphure,
1070 2065 1148 2123 sumi
1162 2067 1329 2125 videbatur.

232 2155 325 2212 aliave
341 2154 463 2212 materia
481 2157 509 2212 et
525 2152 628 2210 fomite
646 2153 719 2211 aluit
732 2157 760 2210 et
771 2152 861 2222 iovit;
877 2151 1026 2224 simulque
1106 2150 1235 2220 Queres,
1249 2150 1323 2223 quid
1337 2149 1511 2208 adlitteram
1521 2152 1664 2224 significet
1675 2154 1723 2212 bie
1733 2156 1823 2228 ignis,
1836 2161 1865 2214 et

232 2237 386 2312 impedivit
405 2253 443 2294 ne
466 2240 565 2309 ageret
579 2236 609 2293 iu
623 2235 749 2306 rubum,
764 2235 934 2292 inducendo
949 2234 1026 2294 rubo
1069 2231 1164 2289 rubus
1179 2233 1287 2290 ardens
1299 2236 1327 2290 et
1341 2233 1570 2291 incombustus?

231 2321 390 2394 liquorem,
403 2323 454 2377 aut
464 2334 587 2376 succum
598 2317 729 2392 aliquem
743 2318 891 2375 viscosum
906 2323 935 2376 et
947 2317 1029 2390 frigi·
1106 2316 1281 2388 despondeo
1304 2333 1311 2370 :
1333 2317 1382 2373 llic
1399 2317 1475 2387 iguis
1494 2317 1679 2387 significabat
1697 2325 1788 2380 Deum
1809 2339 1862 2398 per
1876 2338 1986 2383 nanneto

232 2404 406 2474 dissimum,
418 2401 471 2476 qui
490 2401 551 2473 igni
571 2400 617 2458 vel
630 2401 730 2475 potius
743 2401 871 2458 flammae
886 2401 967 2459 tenui
979 2417 1027 2458 re·
1068 2399 1223 2472 AEgyptios
1237 2397 1364 2469 rubum,
1376 2399 1408 2456 id
1422 2405 1465 2456 est
1477 2403 1609 2472 ludaeos,
1622 2403 1824 2464 incendentem
1834 2414 1862 2464 et
1877 2400 1986 2472 ⁵3⁰⁰⁵J¹l²

232 2487 359 2544 sisteret:
372 2501 434 2559 qua
447 2485 559 2541 ratione
574 2483 665 2556 aliqui
681 2483 905 2541 circumieranei
918 2487 1026 2557 putan-
1069 2481 1263 2552 affligentem,
1276 2483 1402 2542 sednon
1416 2491 1638 2542 consumentem
1654 2505 1662 2542 ε
1676 2489 1750 2562 quin
1762 2491 1861 2563 potius
1874 2459 1985 2564 {mx

230 2569 456 2626 tornaturaliter
465 2583 571 2623 marrus
581 2582 649 2622 suas
659 2566 816 2623 immittere
826 2566 855 2622 in
865 2565 1026 2638 plumbum
1068 2580 1121 2623 eos
1135 2567 1352 2640 splendidiores
1367 2572 1394 2625 et
1408 2567 1542 2626 fortiores
1557 2569 1730 2628 afficientem
1745 2591 1753 2628 z
1767 2573 1861 2630 rubus
1876 2580 1985 2627 aetnaei.

230 2652 440 2725 liquefactum,
459 2667 494 2707 eo
517 2651 601 2722 quod
623 2665 729 2706 marrus
753 2653 820 2707 ante
840 2649 957 2724 liquore
973 2649 1026 2709 tali
1068 2649 1148 2708 euim
1161 2648 1258 2708 frutex
1272 2650 1379 2708 debilis
1392 2656 1435 2709 est
1454 2657 1483 2709 et
1502 2654 1678 2725 senticosus,
1692 2660 1720 2713 et
1736 2656 1782 2714 vel
1796 2657 1861 2715 sole
1994 2655 1996 2658 ’

230 2736 283 2808 qui
297 2734 388 2792 calori
400 2732 516 2807 plumbi
530 2733 634 2806 liquati
648 2732 776 2803 resistat,
789 2731 949 2791 imbuerint
953 2753 962 2806 ;
975 2737 1027 2792 aut
1068 2737 1205 2790 contactu
1227 2733 1405 2805 vulnerans;
1425 2735 1475 2792 hic
1492 2741 1592 2794 aulem
1612 2738 1721 2794 illaesus
1741 2739 1779 2798 ab
1793 2740 1861 2812 igue

230 2818 261 2876 id
276 2817 343 2875 iecit
356 2816 479 2889 angelus
492 2816 551 2873 alio
567 2816 701 2874 modoet
719 2831 808 2874 causa
822 2818 959 2875 naturali.
975 2819 1027 2876 Fa·
1068 2816 1192 2887 mansit,
1206 2831 1302 2891 eoque
1322 2817 1377 2875 luit
1398 2820 1533 2892 superior
1549 2839 1556 2876 :
1572 2837 1640 2895 quae
1657 2839 1704 2879 res
1718 2823 1861 2896 signifieat

230 2901 315 2958 cilius
329 2904 429 2958 tamen
444 2899 501 2957 diei
514 2904 610 2973 potest
622 2903 713 2956 Deum
727 2900 775 2957 hic
790 2901 936 2959 actionem
948 2901 1026 2976 ignis
1067 2903 1241 2973 praesentem
1262 2899 1461 2960 infirmitatem
1484 2904 1673 2962 Hebraeorum
1690 2911 1861 2964 converten-

231 2985 434 3058 suspendisse,
449 2983 492 3040 uti
505 2999 576 3040 mex
590 2983 757 3058 explicabo.
1068 2982 1139 3039 dam
1153 2983 1184 3040 in
1198 2998 1342 3057 magnum
1352 2983 1456 3056 robur,
1467 2987 1611 3060 quodque
1621 2988 1676 3062 ipsi
1690 3004 1743 3061 per
1757 3005 1861 3061 graves

266 3074 306 3129 tir
317 3085 437 3130 vaomar
450 3084 526 3138 ouon
540 3086 628 3128 rurus
641 3086 785 3143 sanarer,
799 3087 835 3130 rr
848 3087 905 3131 ror
919 3087 1026 3133 couno·
1068 3070 1097 3124 0¹
1116 3066 1224 3124 mullus
1237 3066 1360 3140 plagae,
1375 3070 1460 3142 quasi
1481 3085 1535 3143 per
1548 3070 1648 3142 spinas
1667 3071 1752 3142 rubi,
1768 3087 1862 3146 punc·

231 3171 412 3216 tramea-
423 3155 541 3230 Proprie
553 3171 615 3213 nain
628 3155 750 3215 ardebat
763 3157 868 3228 rubus,
881 3159 934 3216 scd
945 3159 1026 3232 quis·
1067 3149 1126 3206 turi
1140 3153 1167 3206 θῐ
1179 3148 1266 3208 ἿθῙᾱθ
1277 3150 1458 3209 Wlsseffiltlli
1473 3157 1569 3210 essent
1580 3155 1746 3227 AEssyllfioea
1762 3173 1781 3212 a
1792 3156 1860 3228 ‘1¹15‘

230 3241 298 3315 quis
316 3255 384 3298 eum
397 3239 534 3310 vidisset,
551 3241 654 3297 ardere
669 3239 790 3298 dixisset
805 3258 812 3297 r
827 3243 931 3299 ardere
945 3241 1025 3299 enim
1067 3230 1124 3290 bus
1139 3235 1209 3290 lunc
1222 3233 1407 3292 vexabantur
1426 3235 1481 3308 (ait
1493 3235 1575 3293 Philo
1590 3241 1618 3293 et
1630 3238 1858 3310 Theodorctus).

231 3329 274 3382 est
292 3323 446 3382 flammam
466 3339 548 3380 exse
568 3339 724 3397 Spargere;
740 3323 835 3381 rubus
849 3339 919 3382 vel-0
938 3324 1024 3383 flam.
1067 3316 1170 3373 Rubus
1184 3332 1254 3388 ergo
1268 3317 1317 3375 hio
1334 3319 1430 3389 tacite,
1444 3319 1485 3375 ait
1502 3319 1594 3391 Philo,
1604 3323 1665 3378 idm
1676 3322 1802 3380 Hebraeis
1815 3321 1859 3380 af-

231 3423 312 3467 mam
326 3423 387 3465 non
397 3405 571 3481 spargebat,
581 3422 649 3464 eum
657 3406 714 3464 hoc
722 3407 797 3478 ignis
810 3406 847 3463 sit
857 3407 960 3478 solius,
971 3409 1025 3481 qui
1067 3397 1167 3471 fficlis,
1179 3417 1271 3474 quam
1282 3400 1425 3476 AEgyptiis
1434 3400 1649 3474 affligentibus,
1659 3406 1857 3464 inclamabat:

229 3491 341 3550 rubum
351 3505 413 3547 non
426 3491 605 3563 pervaserat,
617 3492 650 3546 ut
659 3493 734 3546 esset
743 3490 851 3561 ignitus
863 3507 871 3545 :
883 3491 935 3547 sed
946 3491 1024 3549 rubo
1069 3501 1085 3537 e
1098 3483 1189 3541 Nolite
1204 3484 1410 3556 succumbere,
1423 3501 1443 3542 o
1458 3485 1568 3543 llebraei
1579 3489 1586 3542 t
1599 3488 1662 3545 haec
1672 3493 1768 3546 vestra
1778 3491 1858 3548 infir-

229 3577 345 3632 tantum
355 3571 522 3642 contiguus,
533 3570 573 3626 ita
583 3569 718 3643 proxime
732 3586 830 3628 ramos
840 3575 868 3628 et
880 3572 952 3630 lolia
960 3574 1023 3644 eius
1066 3565 1172 3638 milas,
1195 3572 1239 3624 esi
1261 3567 1394 3642 potentie
1417 3585 1484 3644 quar
1508 3575 1621 3643 punget
1640 3576 1670 3629 ct
1691 3573 1859 3633 verberabit

229 3655 394 3725 ambiebat,
407 3657 439 3710 ut
457 3653 567 3724 ignitus
580 3652 716 3709 dammas
730 3669 849 3712 vomere
863 3655 1022 3715 videretur.
1065 3649 1217 3723 AEgyptios
1231 3667 1238 3706 :
1254 3650 1306 3725 qui
1321 3651 1418 3708 delere
1435 3653 1559 3726 cupiunt
1577 3670 1647 3727 ves,
1659 3655 1741 3714 inviti
1761 3674 1857 3718 serva·

228 3743 257 3801 s,
271 3738 420 3810 scriptura
432 3735 513 3792 enim
526 3749 619 3806 soepe,
634 3735 797 3807 praesertim
809 3736 840 3792 in
853 3737 1023 3808 phaenome.
1064 3731 1153 3804 bunt;
1172 3737 1216 3792 tet
1235 3734 1315 3791 mala
1334 3734 1416 3792 illaesi
1437 3737 1581 3807 evadetis,
1593 3743 1621 3794 et
1636 3755 1706 3796 cum
1727 3740 1856 3799 maxime

228 3823 276 3882 nis
293 3819 444 3895 rebusque
458 3815 687 3890 apparentibus,
701 3817 835 3891 loquitur
849 3819 886 3876 de
905 3820 940 3877 iis
961 3836 1022 3878 non
1063 3815 1172 3872 vastari
1186 3815 1374 3888 videbimini,
1388 3821 1458 3876 tunc
1472 3819 1600 3878 maxime
1614 3821 1750 3879 enitescet
1762 3824 1856 3894 gloria

229 3911 262 3964 ut
281 3905 313 3964 in
333 3919 365 3961 se
387 3917 405 3960 a
428 3904 512 3976 parte
530 3900 573 3957 rei
592 3903 678 3970 sunt,
694 3901 746 3956 sed
760 3905 849 3974 prout
862 3911 1021 3978 apparent,
1064 3901 1169 3956 vestra.
1184 3901 1241 3956 llos
1255 3916 1378 3975 queque
1391 3903 1536 3972 crudeles,
1548 3907 1576 3959 et
1590 3904 1651 3974 igni
1661 3905 1761 3963 voraci
1775 3907 1856 3963 simi-

228 3991 290 4050 sive
309 3991 400 4063 prout
415 3987 553 4046 homines
572 3985 664 4057 vulgo
684 3983 721 4042 de
743 3985 777 4041 iis
801 3990 919 4043 censent
933 3991 962 4043 et
974 3987 1021 4045 lo-
1064 3979 1121 4051 lec,
1137 3976 1346 4052 innocentiani
1354 4000 1544 4059 oppressores
1559 3987 1718 4061 (AEgyptii)
1724 4030 1735 4059 ,
1753 4005 1790 4046 ne
1811 3990 1855 4047 ni-

227 4078 372 4149 quuntur.
387 4073 429 4129 lla
441 4086 511 4141 erge
525 4069 573 4127 hie
588 4068 682 4129 rubus
695 4068 798 4126 ardere
812 4069 934 4140 dicitur,
950 4070 1021 4144 quia
1063 4064 1158 4121 mium
1175 4066 1313 4124 confidite
1327 4068 1440 4126 viribus
1453 4069 1574 4139 vestris3
1589 4069 1713 4140 cogitate
1727 4071 1854 4129 invictis-

228 4156 402 4216 hominibus
421 4169 487 4212 rem
507 4167 687 4226 causamque
709 4152 750 4208 rei
778 4157 918 4211 secretam
936 4154 1022 4226 igno·
1063 4147 1167 4218 Simas,
1179 4164 1253 4222 (luas
1264 4153 1384 4223 11111115,
1396 4167 1468 4226 01)θῦ
1480 4157 1590 4209 Vestras
1603 4153 1764 4227 aliquandO
1776 4156 1855 4212 (1010-

227 4239 379 4310 rantibus,
394 4235 496 4296 ardere
511 4235 680 4306 videbatur,
696 4249 858 4309 omnesque
869 4236 1018 4309 videntes,
1062 4235 1126 4287 tum
1148 4232 1182 4287 iri
1188 4249 1197 4301 ;
1218 4247 1284 4289 eece
1306 4232 1428 4292 damma
1449 4239 1552 4308 suapte
1572 4239 1677 4294 natura
1694 4253 1800 4309 urens,
1821 4242 1854 4296 ut

227 4339 298 4387 aum
309 4321 414 4384 ardere
429 4318 580 4378 dixissent.
598 4318 681 4376 Adde
699 4334 786 4392 posse
801 4333 863 4376 esse
877 4320 1021 4394 synecdo-
1061 4311 1177 4384 lignum
1199 4317 1309 4388 uritur;
1329 4317 1445 4389 lignum
1467 4331 1543 4376 vero
1558 4319 1734 4392 cremabile,
1749 4321 1809 4380 urit
1821 4320 1853 4380 in

227 4407 317 4480 ehem
331 4405 426 4466 rubus
438 4403 518 4462 enim
528 4399 633 4459 arsisse
642 4401 758 4473 dicitur,
773 4401 844 4474 quia
857 4415 926 4475 pers
939 4404 1019 4474 rubi,
1062 4399 1186 4454 modum
1201 4397 1286 4470 ignis.
1300 4419 1315 4452 v

226 4494 301 4567 puts
318 4486 392 4548 lolia
412 4486 492 4552 sicca
510 4483 593 4556 rubi,
614 4499 723 4558 aerque
745 4484 822 4542 rubo
843 4487 953 4544 mixtus
974 4503 1020 4546 ar·
1097 4481 1214 4548 Quaeres
1233 4483 1364 4550 8161111110»
1378 4486 1452 4557 quid
1468 4485 1517 4543 hit>
1536 4485 1630 4544 rubtlss
1646 4487 1754 4548 ardens
1767 4491 1796 4549 ei
1807 4488 1853 4548 in·

227 4572 348 4634 debant.
363 4567 466 4629 liubus
478 4567 557 4626 enim
565 4608 574 4639 ,
588 4583 672 4641 oeque
686 4583 721 4624 ac
734 4567 822 4637 silva,-
835 4573 958 4627 vocatur
974 4573 1019 4629 to·
1061 4561 1234 4620 combustus
1247 4566 1389 4637 significet
1402 4568 1581 4640 allegorice?

224 4659 292 4716 tum
310 4652 519 4728 complexum,
541 4654 614 4724 puta
636 4653 731 4708 tetum
753 4654 945 4722 aggregatum
967 4668 1019 4710 ve·
1096 4651 1271 4724 Respondes
1288 4653 1387 4724 :ignis
1404 4655 1435 4710 in
1452 4655 1546 4727 rubo,
1560 4659 1691 4718 estlleus
1704 4659 1850 4735 lucerne,
1863 4673 1975 4731 unqen-

225 4738 344 4816 priam,
361 4734 501 4793 lruticum
520 4737 549 4792 et
568 4732 726 4804 arborum,
741 4750 810 4792 cum
830 4749 896 4791 aere
920 4736 1018 4792 omni·
1061 4734 1122 4792 sive
1133 4735 1260 4792 Verbum
1272 4751 1341 4795 caro
1354 4736 1474 4797 lactum.
1490 4739 1593 4798 Rubus
1604 4743 1683 4800 enim
1696 4745 1850 4819 spinosus,
1863 4746 1900 4808 aa,
1915 4737 1976 4793 Ψ

225 4837 286 4898 que
296 4819 354 4879 alia
366 4817 503 4889 materie,
519 4832 585 4896 qupe
599 4817 642 4874 illi
655 4817 762 4874 inserta
775 4820 804 4874 et
816 4816 951 4874 immixta
963 4821 1016 4876 est.
1060 4829 1160 4890 asper,
1176 4817 1296 4876 humilis
1313 4824 1342 4877 et
1357 4820 1424 4877 vilis
1440 4821 1584 4894 significat
1598 4823 1702 4884 christi
1713 4809 1897 4902 humani-22,
1914 4797 1977 4905 522⁸,

225 4905 291 4962 tam
301 4905 401 4962 autem
413 4900 446 4958 iu
459 4901 515 4959 hec
529 4904 702 4971 aggregate,
718 4901 780 4956 esto
793 4913 864 4971 pars
874 4913 946 4970 uua,
961 4900 1018 4956 sci·
1060 4903 1149 4957 tatem
1159 4943 1168 4971 ,
1178 4916 1270 4975 quam
1284 4903 1347 4977 ipse
1367 4908 1471 4977 sponte
1489 4907 1590 4963 multis
1610 4911 1749 4967 {erumnis
1768 4918 1796 4970 et
1808 4913 1849 4972 la·
1864 4917 1976 4966 uenae.

225 4985 293 5044 licet
309 4984 386 5043 rami
401 4986 431 5042 et
450 4983 521 5041 lolia
536 4983 659 5054 viridia,
678 4998 740 5041 nen
755 4983 908 5052 arderent,
927 4983 1018 5040 altera
1059 4981 1184 5041 boribus
1207 4984 1389 5057 subiectam,
1402 5003 1579 5061 pauperem,
1594 4989 1738 5048 humilem
1755 4999 1784 5050 et
1800 4997 1851 5052 de-

224 5075 342 5139 tamen,
362 5071 436 5141 puta
457 5067 532 5126 aeris
548 5066 619 5124 hinc
639 5064 709 5122 inde
733 5063 877 5135 immixti,
896 5065 1018 5139 stipula·
1060 5064 1231 5141 spicebilem
1245 5067 1346 5124 salutis
1358 5073 1465 5126 nostre
1478 5086 1568 5130 causa
1581 5075 1709 5147 suscepit
1715 5094 1725 5147 3
1734 5077 1797 5147 jem
1812 5080 1852 5136 si-

225 5143 313 5222 rum,
332 5149 470 5224 stirpium
490 5153 519 5206 et
538 5147 679 5206 loliorum
702 5145 863 5218 siccorum,
881 5147 1015 5206 ardebat.
1059 5152 1108 5206 eut
1127 5150 1204 5222 ignis
1221 5150 1349 5222 rubum,
1362 5151 1403 5208 ita
1421 5152 1513 5210 deitas
1534 5155 1851 5232 humanitatemque

105 5243 164 5296 beo
171 5262 211 5296 aa·
224 5235 338 5294 illustre
353 5233 412 5292 hoo
424 5227 514 5288 luisse
527 5229 643 5287 videtur
658 5228 711 5287 [lei
722 5227 899 5287 miraculum
916 5247 924 5286 z
941 5232 1016 5287 Deus
1058 5245 1117 5304 que
1130 5232 1337 5290 mortalitatem
1352 5237 1381 5290 et
1395 5233 1595 5294 infirmitatem
1612 5254 1674 5297 non
1690 5241 1859 5318 oensump·“

105 5321 145 5359 ²¹
164 5323 212 5358 ⁶⁰¹*
224 5317 304 5379 enim
316 5313 366 5375 hio
378 5311 571 5374 conservabat
582 5311 659 5385 iguis
674 5311 866 5370 substantiam
873 5352 882 5386 ,
899 5312 951 5372 scd
968 5327 1015 5370 ac·
1057 5314 1104 5372 sit.
1127 5317 1206 5372 «Per
1226 5330 1400 5374 succensum
1419 5315 1546 5391 rubum,
1566 5320 1606 5378 ait
1625 5322 1653 5380 S.
1676 5325 1849 5398 Gregorius,
