4236 6040
747 353 989 415 contremere
1006 357 1041 414 nv
1058 338 1213 427 axoouu,
1232 368 1295 416 nr.
1314 355 1349 416 ιι.
1805 359 1864 418 aar

234 459 378 530 vivimus3
394 458 421 516 si
433 458 471 516 de
483 455 634 530 charitate,
646 457 685 516 de
697 456 910 531 misericordie,
926 461 964 518 de
973 476 1027 535 pa·
1068 461 1220 520 elementis
1240 476 1298 536 pro
1321 459 1478 536 cupiditate
1500 457 1634 534 turbaris
1658 461 1723 538 ipse
1746 462 1791 521 est
1809 477 1863 524 rex

233 541 344 613 tientia,
358 541 546 616 poenitentia,
558 545 625 612 etc,
642 539 806 612 cogitamus
821 559 830 598 ε
845 541 912 601 licet
926 543 1038 603 adhue
1068 543 1196 619 AEgypti,
1208 543 1261 619 qui
1274 547 1303 602 ta
1314 542 1414 603 iorum
1427 541 1547 620 pulsare
1559 544 1662 603 litibus
1672 543 1752 618 iacit,
1765 549 1794 605 et
1804 561 1862 622 pro

232 625 264 682 in
277 628 415 699 AEgypto,
429 625 461 683 id
474 629 518 682 est
530 625 562 683 in
574 640 672 694 came,
685 623 788 695 simus,
801 625 901 694 tamen
913 641 932 683 a
945 626 1026 685 cbri-
1067 627 1175 699 exiguo
1189 630 1274 685 terrm
1284 626 1391 700 cespite
1404 627 1592 702 propinquos
1601 627 1707 700 jurgiis
1724 627 1844 702 latigarc
1851 650 1861 702 ς

232 712 278 766 sto
291 724 361 781 rege
373 707 589 782 gubemamur3
603 711 632 765 et
643 707 706 782 ipse
718 707 793 780 regit
806 723 862 766 nos
874 707 906 766 in
919 708 983 767 luto
997 712 1026 767 ct
1066 709 1130 784 ipse
1147 714 1191 769 est
1210 710 1264 785 qui
1277 709 1332 767 tibi
1350 709 1509 785 persuadet
1525 710 1644 769 luxuria
1657 710 1780 770 castitati
1792 713 1862 772 insl-

231 790 341 862 laterc,
355 793 409 850 scd
421 807 484 850 non
496 790 654 864 consumit,
669 806 722 848 nce
735 805 791 849 nos
803 790 881 848 euris
891 791 1025 864 terrenis,
1067 793 1160 865 diari,
1182 794 1316 868 decipere
1338 793 1550 864 mnooantiam3
1577 794 1608 852 in
1631 793 1756 852 domum
1780 799 1861 854 tuam
1979 815 1983 822 ·

231 874 280 932 vel
289 875 388 932 nimiis
395 873 644 932 sollicitudinibus
654 874 748 932 atterit
758 877 787 931 et
797 873 944 946 affligit.Si
952 889 1023 932 vero
1066 889 1134 948 qum
1155 881 1224 933 sunt
1240 875 1337 948 foeda,
1356 874 1429 934 ioris
1446 891 1515 950 quae
1534 879 1604 934 suut
1621 877 1770 949 crudelia,
1781 877 1860 937 iutra

232 958 332 1016 anima
342 963 443 1016 nostra
455 958 575 1031 coepcrit
588 957 735 1014 declinare
748 972 766 1014 a
781 958 853 1026 Deo,
868 957 1024 1014 inhonesta
1065 958 1352 1032 conscientiamque
1369 962 1439 1016 sunt
1455 957 1611 1031 flagitiosa,
1629 961 1860 1021 committaro.Si

232 1041 344 1111 sectari,
359 1045 429 1099 tune
443 1041 544 1098 subdit
558 1039 635 1098 eolla
647 1043 774 1112 tyranno
789 1038 955 1112 (daemoni),
970 1039 1023 1113 qui
1065 1055 1135 1110 ergo
1152 1040 1226 1098 tales
1243 1040 1352 1098 videris
1374 1055 1436 1099 esse
1457 1044 1539 1098 actus
1558 1045 1641 1113 talos,
1655 1043 1729 1100 scito
1747 1047 1776 1101 ta
1797 1045 1860 1116 regi

231 1125 393 1199 alloquitur
405 1129 524 1197 gentem
537 1137 634 1193 suam,
645 1123 730 1182 idest
741 1122 874 1199 corporis
886 1122 1023 1197 volupta·
1064 1125 1182 1197 AEgypti
1195 1123 1331 1195 militare,
1346 1122 1378 1181 id
1391 1124 1435 1182 est
1441 1165 1452 1195 ,
1464 1137 1527 1181 non
1543 1123 1668 1197 Christi,
1679 1126 1733 1185 sed
1745 1125 1859 1186 diaboli

230 1211 288 1280 tes,
303 1213 337 1266 ut
351 1223 448 1266 mares
465 1207 657 1265 Hebraeorum
670 1205 825 1272 occidant,
839 1204 964 1262 laminas
977 1221 1023 1264 rc·
1064 1205 1170 1281 spiritu
1182 1206 1241 1277 agi.

196 1293 199 1299 '
230 1291 355 1349 servem.
371 1291 438 1348 Vult
453 1291 533 1348 enim
546 1287 685 1346 diabolus
697 1288 729 1345 in
742 1287 829 1347 nobis
842 1303 963 1345 sensum
975 1304 1023 1348 ra·
1098 1289 1260 1360 allegorice
1277 1287 1314 1346 ds
1332 1289 1379 1346 SS.
1396 1287 1605 1348 innocentibus
1624 1289 1664 1348 ab
1678 1291 1791 1352 Herode
1803 1307 1858 1354 ou-
1869 1312 1976 1370 allegat-

230 1374 420 1444 tionabilem,
440 1389 475 1430 ac
496 1374 589 1428 Deum
611 1371 759 1428 videntem
782 1371 971 1442 extinguere,
993 1374 1022 1429 et
1063 1369 1119 1441 sis,
1134 1386 1202 1445 quae
1215 1371 1302 1444 quasi
1318 1372 1447 1446 pretiosa
1463 1387 1556 1445 gram
1573 1373 1648 1431 dum
1661 1377 1724 1433 sata
1743 1381 1813 1434 sunt
1829 1381 1857 1435 et
1869 1386 1899 1418 ⁰0·

229 1473 297 1531 quas
311 1458 352 1516 ad
364 1453 633 1529 concupiscentiam
646 1452 742 1511 caruis
755 1453 916 1528 pertinent,-
929 1468 1022 1512 reser-
1063 1456 1209 1525 mortua,
1224 1469 1307 1526 seges
1329 1453 1424 1512 multa
1445 1454 1571 1513 surrexit
1594 1455 1728 1516 Ecclesia
1735 1499 1746 1530 ,
1767 1459 1857 1518 habet

227 1540 302 1598 vari.
315 1540 366 1597 llic
379 1553 450 1610 ergo
464 1537 578 1595 Pharao
592 1537 671 1608 cogit
682 1540 712 1592 te
723 1536 763 1594 ad
776 1551 868 1609 opera
881 1551 946 1608 sue,
959 1551 1021 1594 nou
1062 1538 1198 1612 Prosper,
1216 1537 1256 1596 Dc
1276 1539 1457 1595 Promlsaioec
1472 1543 1499 1596 et
1516 1537 1632 1611 predic.
1653 1541 1721 1610 Det,
1734 1545 1812 1615 part.
1827 1545 1855 1614 l,

227 1623 362 1695 justitia,
378 1622 431 1681 scd
451 1621 598 1696 iniquitati
616 1619 723 1678 servire
739 1637 747 1676 z
762 1619 825 1693 ipse
846 1618 932 1677 iaciat
950 1619 1021 1679 late-
1062 1635 1129 1694 cap.
1145 1633 1235 1676 xxxu.

228 1723 292 1766 rem
306 1706 363 1764 sibi
375 1706 491 1780 operari
505 1708 533 1762 et
543 1705 654 1774 lutum;
664 1703 727 1777 ipse
739 1705 768 1761 te
783 1701 839 1760 suh
853 1704 1019 1778 prepositis
1097 1703 1229 1777 Denique
1241 1702 1403 1775 aamegioe
1417 1707 1563 1780 Repertus
1578 1723 1588 1765 r
1601 1707 1701 1766 Crucis
1709 1749 1720 1781 ,
1733 1709 1792 1782 cit,
1806 1727 1856 1770 ve·
1867 1730 1975 1788 nagoga.

229 1790 375 1860 magistris
388 1791 417 1846 et
429 1787 683 1861 compulsoribus,
697 1785 736 1843 ad
754 1799 845 1859 opera
860 1789 977 1844 terrem
989 1791 1019 1845 ct
1061 1783 1134 1843 xillo
1154 1789 1182 1844 et
1199 1785 1389 1846 tribulatione
1395 1830 1406 1861 ,
1429 1787 1566 1850 tortiores
1587 1789 1681 1850 simus
1700 1792 1835 1854 damone
1845 1835 1856 1868 ,
1868 1799 1900 1835 ⁰⁸·
1931 1835 1933 1840 η

227 1871 512 1946 luxuriosaaplagis
524 1874 553 1930 ct
563 1869 736 1929 verberibus
748 1872 828 1940 aget,
839 1869 902 1943 ipse
913 1869 1018 1944 estqui
1059 1868 1201 1930 addimur
1217 1869 1349 1943 angelis,
1363 1871 1533 1949 egredimur
1550 1873 1588 1934 de
1604 1877 1701 1950 uma,
1713 1877 1787 1955 quia
1800 1894 1856 1939 οω-

227 1959 256 2016 1ο
272 1955 342 2016 lacit
358 1954 521 2016 decurrere
534 1951 863 2028 persecutum,maris
881 1965 917 2010 ao
933 1955 1017 2014 terra
1059 1951 1124 2012 lum
1138 1967 1194 2012 nos
1208 1957 1366 2032 exspectat.
1863 1973 1864 1976 ¹

741 2261 945 2367 CAPUT
987 2260 1336 2372 SECUNDUM.

833 2481 1040 2547 SYMOPSIS
1062 2482 1244 2548 clrlvls.

225 2668 313 2727 aaa
324 2670 458 2734 maur,
471 2664 789 2738 semesarumque
802 2667 830 2718 a
843 2620 1270 2734 enumeraturum.
1283 2661 1853 2746 emmerammenses,

456 2764 586 2836 meatque
596 2761 627 2818 ta
640 2759 773 2826 Modica,
786 2759 834 2816 ebt
847 2757 926 2815 ducit
936 2757 1098 2830 sennes,
1111 2762 1139 2816 ct
1150 2774 1185 2817 ea
1195 2773 1227 2816 co
1239 2761 1331 2832 gignit
1344 2757 1455 2820 dorsum
1468 2769 1494 2822 ct
1507 2765 1622 2824 Eltczcr.

270 2953 301 3020 1.
316 2949 474 3041 Egressum
486 2955 534 3016 est
546 2944 702 3038 posthaec
714 2943 767 3012 vir
782 2941 824 3010 de
843 2941 941 3010 doma
954 2939 1053 3025 Levi,
1067 2947 1100 3009 et
1117 2941 1239 3030 accepit
1251 2963 1389 3012 uxorem
1402 2945 1513 3036 stirpis
1525 2969 1605 3016 suae.
1622 2950 1654 3017 1.
1675 2949 1757 3030 Quae
1776 2974 1852 3020 con·

223 3059 319 3150 cepit,
332 3065 366 3128 et
378 3055 504 3148 peperit
515 3053 624 3122 filium
636 3058 692 3139 ,et
704 3047 818 3118 videns
831 3069 908 3116 eum
921 3045 1122 3135 elegantem,
1137 3045 1306 3116 abscondit
1322 3047 1429 3118 tribus
1448 3052 1626 3121 mensibus.
1647 3054 1680 3124 3.
1702 3055 1852 3148 Cumque

219 3165 289 3256 jam
301 3163 405 3233 celare
414 3182 482 3230 non
494 3167 614 3252 posset,
626 3153 766 3247 sumpsit
777 3151 934 3222 fiscellam
948 3152 1120 3243 scirpeam,
1135 3160 1168 3221 et
1180 3151 1292 3220 linivit
1304 3175 1377 3222 eam
1390 3153 1553 3224 bitumine
1566 3180 1603 3226 ac
1616 3159 1687 3250 pice
1704 3185 1712 3228 ε
1728 3163 1852 3252 posuit-
1948 3223 1951 3230 .

222 3291 287 3360 quc
299 3272 389 3338 intus
400 3265 617 3350 infantulum,
632 3269 665 3333 et
677 3259 828 3352 exposuit
846 3280 923 3328 eum
946 3258 982 3325 in
1000 3265 1127 3328 carecto
1147 3257 1228 3348 ripae
1247 3257 1407 3344 fluminis,
1422 3259 1455 3329 1.
1481 3269 1586 3332 stante
1605 3265 1719 3356 procul
1740 3289 1851 3336 sorore

222 3375 305 3469 ejus,
320 3383 352 3444 ct
364 3374 587 3444 considerante
600 3375 755 3440 eventum
768 3366 828 3435 rei.
843 3369 877 3435 5.
897 3363 977 3434 Ecce
990 3370 1101 3434 autem
1115 3362 1328 3433 descendebat
1345 3364 1417 3434 filia
1432 3365 1614 3438 Pharaonis
1632 3378 1668 3440 ut
1684 3371 1852 3442 lavaretur

222 3483 258 3552 iu
269 3482 421 3565 flumine,
435 3488 469 3548 et
480 3479 600 3571 puella
612 3475 684 3566 ejus
696 3472 932 3564 gradiebantur
948 3492 1007 3561 per
1018 3469 1219 3560 crepidinem
1233 3469 1330 3539 alvei.
1350 3471 1432 3552 Quae
1446 3493 1523 3540 cum
1541 3474 1676 3543 vidisset
1692 3475 1850 3547 fiscellam

221 3587 257 3657 in
270 3586 462 3678 papyrione,
477 3584 566 3654 misit
579 3603 681 3651 unam
693 3603 711 3649 e
724 3577 912 3648 famulabus
925 3576 1011 3660 suis,
1027 3585 1060 3645 et
1071 3574 1204 3644 allatam
1217 3575 1250 3644 6.
1266 3576 1432 3667 aperiens,
1447 3600 1649 3672 cernensque
1670 3584 1706 3649 in
1726 3603 1765 3652 ea
1777 3605 1851 3674 par-

220 3693 339 3762 vulum
354 3691 551 3780 vagientem,
562 3689 694 3756 miserta
706 3684 789 3775 ejus,
802 3684 849 3752 ait
864 3707 872 3750 ε
885 3682 931 3750 Dc
945 3681 1127 3750 infantibus
1139 3682 1355 3751 Hebraeorum
1369 3692 1417 3750 est
1427 3683 1491 3752 hic.
1509 3686 1540 3753 7.
1555 3685 1619 3754 Cui
1630 3708 1722 3786 soror
1731 3689 1847 3780 pueri:
1961 3726 1966 3735 ·

220 3799 292 3885 Vis,
307 3798 429 3888 inquit,
444 3804 482 3865 ut
495 3794 626 3877 vadam,
640 3801 674 3860 et
686 3813 797 3859 vocem
811 3788 872 3857 tibi
886 3787 1059 3856 mulierem
1071 3787 1259 3873 Hchraeam,
1274 3808 1350 3880 quae
1363 3788 1492 3856 nutrire
1505 3791 1606 3880 possit
1618 3789 1849 3862 infantulum‘.t

221 3904 253 3971 8.
268 3902 449 3994 Respondit
465 3927 473 3967 :
487 3899 591 3970 Vade.
608 3896 756 3966 Perrexit
775 3895 898 3987 pucMa,
920 3902 953 3962 el
970 3893 1099 3962 vomuit
1116 3900 1255 3961 matrem
1275 3915 1381 3960 suam.
1402 3893 1435 3961 9.
1457 3894 1510 3961 Ad
1530 3917 1632 3984 quam
1652 3896 1761 3965 locuta
1780 3898 1851 3966 filia

220 4007 400 4078 Pharaonis
415 4032 423 4072 :
440 4005 570 4096 Accipe,
585 4005 643 4088 ait,
658 4023 799 4094 puerum
812 4001 927 4086 istum,
942 4008 974 4067 et
986 3999 1076 4066 nutri
1090 3998 1194 4083 mihi;
1209 4020 1270 4086 ego
1282 3998 1368 4066 daho
1381 3998 1442 4064 tibi
1456 4001 1636 4068 mercedem
1650 4009 1755 4071 tuam.
1771 4003 1851 4072 Sus-

220 4115 304 4204 cepit
322 4111 454 4199 mulier,
469 4118 502 4179 et
521 4108 661 4178 nutrivit
681 4129 847 4199 puerum:
870 4105 1088 4195 adultumque
1109 4103 1243 4171 tradidit
1265 4101 1344 4171 filie
1366 4103 1559 4174 Pharaonis.
1586 4106 1639 4176 10.
1663 4109 1769 4190 Quem
1791 4110 1851 4179 illa
1978 4197 1981 4206 ¹

219 4219 385 4310 adoptavit
397 4220 434 4286 in
446 4217 556 4286 locum
576 4213 651 4298 filii,
665 4212 860 4303 vocavitque
872 4232 993 4278 nomen
1014 4209 1085 4302 ejus
1098 4209 1237 4300 Moyses,
1253 4207 1364 4276 dicens
1380 4233 1388 4276 :
1403 4209 1491 4290 Quia
1510 4211 1551 4280 de
1571 4233 1659 4304 aqua
1676 4215 1739 4283 tuli
1757 4238 1847 4285 cum.

222 4326 274 4394 11.
290 4327 330 4394 In
341 4324 457 4393 diebus
469 4322 538 4390 illis
550 4327 723 4412 postquam
742 4324 888 4386 creverat
903 4316 1043 4407 Moyses,
1062 4335 1212 4403 egressus
1223 4321 1272 4382 est
1283 4312 1326 4382 ad
1339 4313 1457 4384 iratres
1468 4339 1545 4385 suos
1565 4316 1738 4410 :viditque
1750 4321 1850 4390 afflie-

219 4431 341 4500 tionem
359 4450 492 4514 eomm,
515 4434 549 4496 et
569 4425 680 4494 vimm
703 4422 901 4515 AEgyptium
920 4421 1155 4513 percutientem
1172 4418 1350 4511 quemdam
1368 4421 1409 4490 de
1426 4421 1574 4492 Hehraeis
1591 4423 1749 4494 iratribus
1766 4427 1846 4498 suis.

221 4537 274 4604 12.
289 4535 440 4625 Cumque
452 4528 732 4621 circumspexisset
743 4529 809 4596 huc
820 4536 919 4616 atque
932 4527 1025 4611 illuc,
1040 4534 1073 4595 et
1085 4526 1218 4594 nullum
1234 4525 1345 4606 adesse
1358 4526 1504 4616 vidisset,
1519 4551 1709 4623 percussum
1724 4529 1851 4625 AEgyp-

218 4639 302 4708 tium
313 4637 482 4708 abscondit
490 4635 617 4704 sabulo.
632 4633 685 4704 13.
701 4633 743 4700 Et
755 4653 904 4722 egressus
916 4632 970 4701 die
982 4633 1085 4700 altero
1095 4631 1262 4723 conspexit
1273 4631 1357 4702 duos
1367 4633 1524 4704 Hebraeos
1534 4635 1691 4723 rixantes,
1701 4636 1851 4729 dixitque

218 4744 249 4813 ci
267 4745 327 4836 qui
347 4743 486 4812 iaciebat
504 4739 662 4831 injuriam
680 4763 687 4808 :
703 4738 812 4819 Quare
826 4737 972 4830 percutis
990 4737 1179 4828 proximum
1199 4741 1322 4806 tuum?
1345 4738 1399 4806 11.
1419 4739 1484 4821 Qui
1501 4741 1670 4833 respondit
1690 4767 1698 4810 :
1718 4741 1800 4823 Quis
1818 4752 1850 4812 te

217 4849 385 4918 constituit
403 4846 585 4939 principem
604 4851 637 4912 et
650 4842 796 4935 jadicem
818 4864 916 4935 super
934 4847 1018 4910 nos‘l
1038 4865 1121 4911 num
1139 4842 1283 4912 occidere
1300 4865 1353 4913 me
1370 4852 1408 4913 tu
1425 4845 1488 4931 vis,
1510 4847 1594 4915 sicut
1616 4847 1688 4918 heri
1697 4848 1851 4924 ‚occidisti

217 4953 440 5046 AEgyptiuml
453 4952 581 5021 Timuit
595 4949 734 5042 Moyses,
749 4957 782 5018 et
794 4950 840 5016 ait
856 4974 863 5016 :
880 4946 1052 5030 Quomodo
1065 4949 1174 5040 palam
1187 4947 1311 5016 factum
1327 4956 1376 5016 est
1392 4950 1531 5022 verbum
1544 4951 1655 5022 istud't
1676 4953 1729 5024 15.
1745 4953 1851 5024 Audi-

217 5062 330 5151 vitquc
347 5059 476 5128 Pharao
496 5079 680 5127 sermonem
699 5057 800 5140 hune,
821 5063 854 5123 et
870 5054 1038 5146 quaerebal
1056 5053 1200 5122 occidere
1217 5053 1370 5144 Moysen,
1390 5055 1449 5146 qui
1468 5056 1599 5148 fugiam
1618 5057 1658 5127 de
1676 5067 1849 5151 conspectu

215 5165 299 5256 ejus,
315 5171 462 5234 moratus
474 5172 523 5234 est
534 5165 572 5232 in
584 5171 672 5231 terra
680 5160 826 5246 Madian,
841 5166 874 5228 et
887 5159 970 5228 sedit
976 5161 1073 5251 juxta
1086 5167 1236 5252 puteum.
1249 5160 1303 5229 16.
1312 5159 1415 5229 Erant
1426 5169 1537 5233 autem
1548 5163 1705 5234 sacerdoti
1717 5165 1849 5234 Madian

216 5275 338 5361 septem
351 5268 444 5355 filiae,
459 5290 535 5360 quaa
548 5265 766 5342 veneruntad
782 5261 997 5334 hauriendam
1011 5283 1152 5357 aquam3
1171 5274 1204 5333 ct
1217 5265 1360 5357 impletis
1375 5267 1544 5338 canalibus
1561 5271 1725 5362 adaquare
1738 5270 1849 5361 cupie-

215 5372 296 5442 bant
307 5395 423 5464 greges
434 5373 537 5468 patris
549 5373 613 5442 sui.
632 5371 685 5440 17.
701 5371 928 5466 Supervenere
942 5382 1097 5464 pastores,
1115 5381 1148 5439 et
1161 5373 1325 5463 ejecerunt
1341 5394 1393 5442 eus
1411 5396 1418 5440 :
1434 5373 1640 5465 surrexitque
1657 5375 1802 5466 Moyses,
1817 5381 1850 5443 et
