4182 6044
682 302 975 372 cottuunrluntn
996 303 1148 374 hiabunt,
1167 317 1231 360 aar.
1251 305 1306 360 llll.
1757 309 1811 366 529

89 417 125 460 ιιι
173 405 275 478 priore
294 418 419 478 vespera
439 404 562 464 decima
582 409 696 480 quartae
717 405 794 478 diei,
817 424 857 465 an
876 412 973 482 poste·
1017 407 1142 466 seorsim
1162 407 1231 466 loco
1245 407 1335 467 unius
1349 408 1551 484 computatam
1568 409 1638 468 inde
1651 425 1723 470 mox
1736 409 1811 468 inci·

73 487 145 581 ⁸22⁰:
174 487 275 546 riorer
1015 489 1078 563 piat
1095 491 1211 549 decima
1228 491 1349 565 quinta,
1363 495 1474 566 etpost
1492 507 1559 550 eam
1576 491 1692 551 decima
1710 495 1809 564 sexta,

64 549 153 655 Qu„
210 569 308 642 Aliqui
322 570 461 628 neoterici
475 571 507 629 in
520 571 672 646 Hispania,
691 587 769 646 quos
788 571 854 629 tuse
867 570 973 630 refellit
1015 576 1045 629 et
1059 573 1099 630 ita
1113 578 1328 647 consequenter
1342 593 1348 630 :
1361 577 1432 632 tuno
1445 573 1524 633 enim
1538 578 1607 634 sunt
1620 579 1697 634 octo.

55 659 100 706 ater
127 663 160 711 ιι.
174 647 381 724 itineraiinv
389 655 429 710 ile
442 656 558 727 Templo,
569 671 634 728 cap.
647 670 692 728 ιιι,
705 655 888 713 otSuarezin
899 660 973 712 trac-
1052 659 1172 725 Quinto,
1186 658 1317 716 Christus
1338 659 1480 719 Dominus
1500 659 1615 717 decima
1636 659 1740 734 qrrinta
1762 658 1810 718 dle
1823 665 1911 720 numa

55 733 162 830 3⁹⁰⁰&
174 739 238 795 tatu
251 739 291 794 ne
309 737 486 794 Eactmr'sn'a
508 741 539 794 ic
560 754 653 808 azymo
673 741 853 812 crrrrficiecdc,
876 754 972 796 sense·
1015 741 1047 798 in
1057 741 1240 814 plenilunio,
1255 743 1287 800 id
1301 747 1360 811 est,
1375 743 1473 816 prime
1486 758 1661 818 azymorum
1674 742 1722 802 die
1735 741 1810 802 testo

61 816 159 891 rimor..
174 824 244 877 runt
266 835 378 892 agnam
398 819 548 880 immolari
571 822 709 880 debuisse
728 824 827 897 priore
849 837 973 895 vespera
1015 839 1121 897 passus
1139 829 1198 895 est,
1214 827 1248 880 ut
1264 824 1355 884 habet
1374 825 1542 882 communis
1559 828 1678 884 Petrum
1696 829 1811 886 maten·

56 906 163 952 usrau-
176 902 235 961 diei
249 904 372 962 decime
385 909 499 977 quarta
513 905 597 978 (quae
612 909 674 964 erat
685 908 832 980 posterior
848 918 972 979 vespera
1014 905 1056 963 tia
1072 925 1079 962 :
1095 907 1179 982 atqui
1199 912 1312 966 certum
1334 912 1378 966 est
1400 923 1437 966 ex
1460 909 1639 981 Evangelio,
1663 907 1812 970 ahrisam

56 971 162 1075 werf*
176 985 235 1045 diei
254 987 376 1046 decime
397 987 504 1058 tertia,
528 988 589 1044 sivo
610 989 826 1047 decimotertio
846 988 918 1046 luna
932 983 972 1044 ad
1014 988 1111 1063 pridie
1129 989 1278 1063 passionis
1298 991 1437 1048 ultimum
1458 990 1620 1050 celebrasse
1638 992 1762 1067 pascha,
1782 995 1813 1052 et

68 1093 147 1151 ,m
175 1066 360 1140 vesperam),
374 1081 436 1123 non
450 1071 550 1124 autem
562 1068 739 1140 posteriore,
753 1085 821 1142 quae
835 1071 897 1126 erat
911 1069 972 1140 pri·
1015 1073 1079 1144 ejus
1098 1073 1166 1131 loco
1187 1073 1346 1132 instituisse
1363 1074 1575 1132 Eucharistiam
1591 1093 1599 1131 ι
1614 1090 1685 1146 ergo
1697 1073 1729 1132 id
1743 1073 1813 1134 lecit

176 1147 430 1208 diesiveinitium
451 1149 697 1224 decimaquinta
718 1150 791 1222 diei,
813 1155 886 1225 puta
906 1149 971 1210 lasti
1016 1156 1132 1214 decima
1142 1161 1249 1231 quarta
1260 1156 1308 1213 die
1319 1157 1359 1214 ad
1371 1171 1525 1230 vesperam
1534 1157 1739 1230 posteriorem,
1749 1157 1811 1217 sira
1947 1163 1952 1198 ¹

175 1247 350 1306 azymorum
366 1250 373 1288 ε
387 1233 428 1292 ita
441 1237 475 1289 ut
488 1233 562 1290 inter
576 1234 694 1306 paschae
703 1250 858 1308 vesperam
874 1239 901 1290 et
911 1234 972 1308 pri·
1015 1239 1177 1296 secundam
1182 1258 1191 1310 3
1202 1238 1333 1298 Christus
1344 1243 1443 1297 autern
1454 1239 1580 1296 servarit
1588 1243 1705 1314 tempus
1716 1256 1735 1299 a
1745 1240 1810 1313 lege
2088 1281 2089 1288 .

173 1331 255 1372 mam
272 1315 353 1373 diem
367 1332 540 1389 azymorum
554 1317 667 1387 integer
683 1317 873 1376 intercesserit
891 1317 970 1390 dics,
1013 1320 1233 1395 praescriptum
1252 1337 1321 1393 ergo
1341 1320 1391 1379 lex
1409 1321 1588 1396 prescripsit
1606 1337 1731 1396 vespera
1746 1338 1809 1382 non
2088 1325 2089 1388 i

174 1415 236 1471 quo
247 1399 361 1456 liebraei
372 1415 409 1458 ex
418 1400 734 1474 AEgyptcegressisint,
745 1417 807 1474 quo
821 1416 860 1458 an
874 1416 971 1458 eome-
1014 1402 1123 1478 prima,
1138 1404 1193 1462 sed
1208 1404 1350 1475 secunda,
1363 1405 1582 1462 immolandum
1596 1420 1659 1463 essa
1671 1406 1773 1478 phase.
2088 1409 2089 1500 i

174 1481 271 1539 derint
285 1499 405 1557 azyma,
418 1483 564 1540 incertum
577 1491 630 1553 est,
644 1499 678 1540 ac
687 1485 813 1558 proinde
827 1483 971 1540 incertum
1049 1488 1142 1554 Secta,
1157 1486 1238 1544 idern
1253 1485 1377 1562 probari
1386 1490 1483 1561 potest
1496 1503 1533 1545 ex
1548 1491 1732 1546 Pentecoste:
1746 1489 1811 1548 hoeo
1842 1493 1912 1540 sora

174 1564 262 1622 etiam
282 1581 365 1638 esse,
384 1583 424 1624 an
445 1567 574 1624 Christus
595 1583 646 1624 cos
665 1583 792 1642 sequens
813 1566 844 1624 in
865 1583 970 1640 azymo
1014 1571 1095 1628 enim
1112 1569 1318 1630 celebrabatur
1337 1573 1373 1629 tte
1387 1570 1435 1629 die
1449 1585 1468 1628 a
1481 1571 1611 1629 secundo
1627 1571 1676 1628 dle
1693 1575 1722 1628 et
1735 1571 1809 1632 testo
2088 1543 2089 1600 ¹

175 1663 290 1720 agnum
318 1651 493 1723 coenaverit,
521 1654 549 1708 et
570 1650 601 1707 in
627 1667 732 1724 azymo
759 1650 970 1710 Eucharistiam
997 1656 1075 1710 tam
1088 1654 1215 1727 pascha,
1232 1670 1324 1728 quam
1337 1669 1513 1728 azymorum
1520 1673 1529 1726 3
1542 1653 1682 1728 pluribus
1695 1654 1727 1712 id
1739 1671 1810 1730 pro·

175 1730 347 1804 instituerit,
372 1749 411 1791 an
430 1749 501 1792 aero
523 1729 556 1791 in
582 1732 773 1808 fermentato,
800 1735 844 1794 uti
865 1732 971 1791 volunt
1013 1735 1066 1794 bat
1079 1735 1186 1796 ninere
1199 1737 1346 1796 etSuarez
1359 1754 1460 1812 supra.
1554 1795 1557 1802 .

175 1815 275 1872 Graeci.
1049 1821 1131 1878 Dices
1157 1838 1166 1879 a
1190 1822 1340 1896 Scriptura
1363 1825 1500 1880 numerat
1525 1821 1588 1880 dics
1609 1821 1714 1894 festos,
1736 1822 1809 1882 inci·
1828 1823 1922 1884 ΟΜ

93 1903 163 1952 auel-
210 1900 317 1956 Verum
329 1899 548 1958 hacsententia
565 1900 743 1974 planelalsa
757 1903 810 1959 est.
826 1899 971 1958 Probatur
1013 1903 1269 1979 piendoaprimn
1282 1908 1457 1979 vespera‚at
1471 1908 1551 1979 patet
1565 1906 1650 1964 lecit.
1664 1919 1745 1978 ιιιιι,
1760 1909 1806 1980 323
1819 1886 1899 1934 'm

55 1964 144 2076 'pm‘
174 1985 280 2055 pomo,
296 1983 368 2058 quia
381 1987 408 2040 e
422 1985 460 2042 ad
475 2001 613 2056 uesperam
626 1985 717 2042 finem
732 1984 790 2042 diei
809 1983 970 2057 significat,
1014 1987 1057 2044 sic
1069 1991 1207 2050 numerat
1224 1992 1254 2047 et
1272 1987 1335 2047 dies
1354 1987 1509 2046 creationis
1522 1988 1648 2060 mundi,
1662 2003 1731 2046 cum
1750 1990 1790 2048 ait
1796 2032 1808 2062 ,

176 2069 441 2144 nonprincipium3
452 2086 522 2142 ergo
534 2070 764 2145 decimaquarta
774 2070 845 2128 luna
854 2071 895 2128 ad
906 2085 971 2128 ves·
1016 2071 1081 2129 Gen.
1091 2088 1101 2129 ι
1112 2089 1120 2128 ι
1133 2075 1278 2132 «Factum
1290 2079 1335 2132 est
1342 2088 1466 2146 vespere
1474 2077 1504 2130 ct
1515 2089 1603 2132 mana
1613 2073 1675 2130 dies
1684 2087 1779 2130 unus:
1791 2093 1807 2130 c

176 2169 290 2226 peram,
305 2154 342 2212 de
357 2155 585 2228 decimaquarta
595 2155 715 2211 finiente
725 2154 757 2211 in
770 2153 898 2212 secunda
906 2169 971 2212 vcs-
1014 2171 1085 2226 ergo
1098 2155 1208 2230 pariter
1220 2155 1269 2214 hic
1280 2172 1405 2232 vespera
1417 2155 1534 2230 prima,
1545 2171 1609 2214 non
1620 2155 1751 2216 monada
1764 2155 1811 2214 in·

176 2253 259 2310 pera,
269 2254 332 2296 non
345 2239 526 2296 inchoantes
539 2239 638 2311 priore
645 2253 769 2312 vespera
781 2237 972 2311 intelligenda
1013 2237 1106 2312 telligi
1119 2238 1216 2298 debet.

177 2323 230 2378 est.
244 2322 424 2379 antecedens
439 2325 521 2395 patet
533 2321 625 2380 fieres.
643 2337 711 2394 ιιι,
725 2323 770 2395 te,
784 2323 876 2381 hodi
888 2335 970 2394 ιιιιι,
1049 2322 1225 2396 Respondeo
1238 2325 1339 2397 primo,
1353 2340 1430 2398 nego
1444 2321 1630 2383 antemdens.
1642 2321 1719 2381 Licet
1729 2322 1810 2382 enim
1821 2320 1927 2372 sacrm

177 2407 222 2476 it,
237 2407 325 2464 lecit.
340 2422 421 2479 ιιιιι,
435 2409 481 2465 32.
1015 2405 1078 2463 dies
1093 2405 1159 2464 testi
1171 2412 1241 2480 post
1254 2407 1352 2480 legem
1364 2407 1397 2466 in
1410 2407 1536 2466 Levitico
1549 2405 1669 2478 datam,
1681 2405 1803 2465 celebra·

56 2489 163 2540 mern.
212 2489 351 2557 &mcum
364 2493 447 2550 Num.
466 2506 575 2563 ιιιιιι,
592 2493 625 2562 3,
639 2491 779 2549 dicuntur
794 2481 972 2549 hebreice·
1013 2491 1117 2548 rentur
1133 2503 1290 2564 avespera
1306 2491 1339 2548 in
1356 2506 1527 2565 vesperam,
1545 2489 1693 2565 Scriptura
1710 2494 1811 2548 tamen

177 2572 255 2633 eima
268 2574 372 2648 quinta
382 2575 441 2645 die,
453 2579 482 2633 et
495 2575 588 2634 altera
600 2574 718 2649 paschae
731 2572 854 2649 proiecti
866 2572 904 2631 de
916 2576 971 2632 lta·
1015 2571 1079 2631 dies
1101 2571 1190 2631 etiam
1209 2572 1300 2631 festos
1317 2573 1382 2646 iam
1400 2573 1469 2632 inde
1489 2573 1529 2632 ab
1549 2573 1633 2632 initio
1651 2573 1758 2631 mandi
1767 2590 1811 2646 ,a

176 2674 283 2729 messe,
292 2657 326 2715 id
338 2663 391 2729 est,
405 2661 509 2718 exiisse
523 2664 696 2735 exAEgypto
703 2680 712 2734 3
724 2661 914 2737 ergopascba
926 2659 972 2718 in·
1013 2657 1147 2717 manain
1162 2673 1250 2715 manc
1270 2660 1424 2731 numerat,
1439 2658 1614 2732 primusque
1628 2655 1691 2714 dies
1704 2655 1811 2715 mundi

177 2740 294 2800 cidebat
315 2741 348 2798 in
364 2758 518 2817 vesperam
534 2745 854 2818 praecedentem,puta
868 2757 972 2801 secun·
1013 2740 1055 2799 ita
1072 2740 1261 2814 intelligitur,
1278 2745 1312 2800 ut
1330 2757 1452 2814 vespero
1468 2741 1588 2800 finiente
1609 2740 1748 2799 diurnam
1766 2738 1811 2799 lu·
1918 2795 1921 2804 ,

177 2824 247 2882 dam
256 2823 377 2882 decimae
384 2831 497 2900 qanta
509 2828 568 2886 diei
578 2845 586 2886 ε
597 2827 711 2900 alioqui
719 2825 798 2884 enim
807 2842 871 2885 non
880 2825 971 2886 altera
1015 2840 1095 2897 cem,
1108 2828 1138 2883 et
1148 2840 1235 2882 mane
1249 2823 1370 2884 finiente
1383 2828 1501 2883 noctem
1513 2824 1739 2899 precedentem,
1752 2823 1812 2880 iac·

176 2907 311 2980 paschas,
325 2909 379 2966 scd
398 2909 483 2968 teriia
499 2909 547 2968 die
564 2910 754 2984 apaschatc,
768 2907 971 2985 luissentpro·
1013 2911 1062 2968 tus
1075 2909 1112 2967 sit
1125 2908 1189 2966 dies
1202 2907 1318 2985 primns
1326 2950 1336 2980 ,
1348 2907 1392 2966 uti
1405 2907 1468 2966 dixi
1482 2907 1575 2965 fieres.
1590 2922 1611 2964 1.
1626 2907 1713 2964 Vides
1727 2921 1810 2978 ergo,

175 2990 241 3050 fecti
255 3007 291 3050 ex
303 2993 441 3051 Ramesse
454 2997 484 3052 et
497 2997 635 3068 AEgypto.
1014 2995 1044 3050 et
1059 2991 1117 3063 ibi,
1134 3006 1290 3064 vesperam
1303 2989 1397 3064 accipi
1414 3006 1478 3048 non
1495 2988 1696 3064 principium,
1711 2990 1764 3047 sed
1776 2989 1812 3047 fi·

112 3077 141 3125 ἰ
214 3081 319 3148 Tertio,
333 3081 397 3154 ipse
410 3081 539 3138 historia
554 3080 780 3139 contextushoc
796 3078 891 3156 capita
904 3093 971 3139 om·
1014 3089 1085 3133 nem
1097 3073 1165 3133 diei.
1180 3073 1356 3148 Respondeo
1370 3071 1675 3140 accucdo,etiamsiibi
1689 3086 1812 3146 vespera

175 3162 247 3221 nino
261 3164 409 3223 convincit
422 3165 559 3224 Hebraeos
578 3165 683 3223 eadem
698 3167 784 3223 nocte
795 3181 858 3239 qua
871 3178 971 3223 come-
1013 3157 1184 3234 pl'aefiddfills
1194 3157 1367 3233 accipienda
1378 3160 1462 3227 esset,
1475 3155 1545 3214 inde
1555 3159 1656 3213 lamen
1668 3169 1731 3212 noll
1742 3170 1811 3213 cou-

176 3246 284 3307 derunt
296 3264 425 3320 agnum,
438 3249 529 3305 tuisse
550 3264 684 3320 egressos
701 3265 738 3307 ex
756 3249 904 3322 AEgypto,
918 3263 972 3305 nc·
1015 3241 1118 3300 clades
1130 3241 1267 3303 eamdem
1279 3241 1326 3299 hic
1340 3239 1434 3314 accipi
1447 3238 1570 3309 deberc3
1583 3237 1666 3296 aliud
1678 3238 1759 3296 enim
1770 3241 1813 3297 est

175 3347 233 3405 que
250 3333 382 3406 potuisse
395 3331 473 3390 diem
487 3333 612 3404 interjici
628 3351 636 3390 ε
652 3349 722 3390 nam
737 3333 835 3390 statim
856 3330 896 3389 ab
918 3348 972 3390 esu
1015 3324 1112 3384 dicere
1125 3340 1144 3383 a
1155 3339 1281 3398 vespera
1293 3323 1422 3397 incipere
1434 3322 1527 3393 festa,
1539 3321 1623 3380 aliud
1634 3322 1727 3395 phase
1741 3321 1813 3380 inci·

147 3439 152 3446 ·
176 3416 244 3485 agni
263 3415 345 3473 caesis
367 3416 573 3490 primogenitis
591 3416 719 3490 AEgyptii
740 3419 900 3487 coegerunt
919 3413 971 3472 ile·
1014 3425 1084 3486 pere
1099 3410 1214 3469 decima
1226 3412 1334 3485 quarta
1347 3409 1394 3467 die
1408 3408 1448 3466 ad
1460 3422 1625 3480 vesperam.

137 3499 141 3505 ⁴
174 3496 272 3556 braeos
295 3501 411 3572 egredi,
423 3500 464 3558 ita
485 3504 518 3558 ut
536 3515 646 3573 panem
668 3515 795 3573 coquere
813 3498 886 3572 ipsis
909 3513 972 3557 non
1050 3499 1132 3558 Dices
1146 3498 1260 3558 secundo
1276 3518 1285 3554 ε
1301 3497 1446 3570 losephus
1459 3495 1508 3554 hic
1522 3495 1578 3567 ait,
1593 3494 1736 3566 instante,
1751 3493 1809 3566 vel,
1830 3490 1924 3598 (ἓξὲξ
2043 3555 2052 3570 ,

174 3579 284 3640 liceret.
298 3584 379 3642 Unde
397 3582 500 3642 subdit
516 3585 634 3642 lloses:
651 3583 744 3640 cilaec
757 3598 819 3641 nox
833 3580 973 3642 observa·
1014 3586 1048 3642 ut
1070 3581 1205 3640 Gelenius
1226 3580 1329 3651 vertit,
1352 3579 1539 3637 illucescente
1568 3576 1684 3636 decima
1705 3581 1811 3652 quarta
1823 3626 1849 3658 ax
1870 3613 1929 3660 ren·

174 3663 254 3722 bilis.
268 3684 283 3720 a
473 3725 477 3733 ,
1013 3665 1102 3738 luna,
1115 3665 1253 3723 llebraeos
1267 3661 1446 3722 sacrificasse
1460 3678 1572 3733 agnum
1586 3678 1593 3717 :
1608 3677 1679 3732 ergo
1692 3660 1725 3720 id
1736 3660 1811 3719 fece·
1824 3675 1874 3732 pac.

210 3749 324 3818 Quarto,
337 3749 486 3824 Scriptura
498 3753 614 3809 tantum
628 3753 766 3808 numerat
780 3752 893 3823 septem
907 3749 971 3807 dies
1014 3753 1085 3808 runt
1103 3763 1166 3806 non
1179 3747 1211 3806 in
1224 3748 1300 3819 fine,
1315 3746 1369 3804 sed
1388 3744 1418 3803 in
1438 3744 1539 3818 initio,
1552 3747 1626 3818 pata
1637 3743 1735 3818 prima
1747 3759 1811 3804 res-

174 3849 364 3908 azymcrum,
379 3851 489 3908 cosque
502 3834 652 3907 integros,
666 3832 801 3891 videlicet
819 3849 837 3890 a
856 3832 972 3891 decima
1014 3848 1088 3908 pera
1100 3832 1170 3890 diei.

173 3917 278 3991 quinta
287 3919 334 3975 die
345 3934 440 3991 usque
451 3919 492 3977 ad
499 3920 673 3990 vigesimam
682 3918 810 3991 primam
821 3917 860 3974 ad
869 3933 971 3990 vespa·
1050 3915 1225 3989 Respondeo
1241 3933 1249 3972 ι
1264 3915 1361 3972 Grmce
1384 3913 1416 3970 in
1432 3912 1561 3987 losepho
1584 3913 1628 3972 est
1648 3913 1761 3977 berica
1777 3912 1810 3974 ia
1824 3908 1929 3956 territur.

173 4016 250 4071 ram,
263 4001 304 4058 ita
316 4005 350 4056 ut
363 4003 477 4072 primas
494 4001 557 4058 dies
571 4001 702 4069 essetis,
717 4017 779 4073 quo
793 4016 889 4070 agnus
904 4015 971 4072 pas·
1015 4000 1141 4069 aoristo,
1155 4014 1217 4054 non
1231 3999 1335 4059 terreto-rr
1346 3995 1378 4052 in
1393 3995 1545 4068 praesenti,
1560 4011 1595 4053 ac
1608 3997 1734 4070 proinde
1746 4013 1813 4057 ver-

174 4083 266 4141 ohalis
278 4081 500 4140 immolabatur.
514 4084 556 4140 lta
569 4083 649 4138 enim
663 4082 704 4137 ait
716 4083 744 4136 S.
759 4083 889 4148 hlarcus,
903 4095 969 4152 cap.
1015 4083 1139 4138 undum
1158 4083 1202 4136 est
1222 4097 1229 4134 ε
1248 4080 1385 4147 astante,
1406 4082 1567 4150 presente,
1586 4079 1634 4138 vel
1650 4084 1811 4157 postquam
1983 4147 1988 4155 ,

173 4181 232 4236 ιιι,
242 4167 343 4223 versi
355 4182 362 4221 ι
373 4161 968 4238 cfiratpaschaetazymapostbiduumo
1015 4161 1111 4221 adluit
1125 4161 1240 4218 decima
1257 4163 1364 4234 quarta
1380 4159 1453 4216 dics.
1469 4160 1578 4218 Deinde
1592 4162 1705 4220 etiamsi
1718 4169 1811 4224 verte·
1886 4198 1891 4206 ·

174 4252 207 4307 Et
220 4248 386 4320 llatthaeus,
400 4264 466 4322 cap.
489 4263 572 4320 ιιιι,
587 4247 735 4317 ethaeas,
749 4259 828 4302 xxu:
850 4243 971 4301 «Primo
1015 4261 1062 4304 rcs
1078 4246 1226 4324 :instante
1245 4242 1359 4300 decima
1377 4247 1482 4316 quarta
1501 4242 1563 4314 dic,
1584 4243 1811 4316 intelligendum

175 4330 223 4390 die
242 4347 433 4405 azymorum,
451 4331 574 4405 quando
594 4330 706 4405 pascha
723 4326 939 4396 immolabant,
954 4346 969 4381 a
1015 4329 1047 4388 id
1060 4333 1135 4387 esset
1145 4328 1229 4401 juxta
1240 4327 1347 4398 legem,
1361 4327 1400 4384 ad
1413 4343 1567 4400 vesperam
1578 4331 1811 4403 secundamjam

174 4413 267 4489 idque
281 4429 418 4488 expresse
434 4414 539 4472 dicitur
552 4414 610 4470 hoc
625 4429 693 4486 cap.
708 4427 780 4469 ινιιι
794 4415 823 4468 et
834 4425 893 4467 ιιι.
909 4410 971 4465 lrno
1016 4414 1126 4473 dictam
1139 4429 1146 4468 :
1161 4427 1232 4468 narn
1245 4411 1283 4467 de
1296 4414 1394 4467 mente
1406 4410 1526 4484 tosephi
1540 4411 1667 4471 dubium
1679 4428 1743 4472 non
1756 4431 1812 4490 po.

175 4501 210 4556 ut
235 4497 399 4556 Talmudici
420 4500 540 4556 narrant
561 4500 644 4554 tract.
665 4495 804 4552 Pesachim
829 4494 884 4566 (de
906 4495 973 4548 Pas·
1015 4501 1072 4555 test
1093 4512 1155 4554 esse
1176 4493 1285 4567 legenti
1300 4492 1354 4551 lib.
1367 4495 1403 4551 lll
1413 4535 1424 4566 ,
1437 4510 1504 4569 cap.
1518 4509 1548 4554 ι.
1563 4495 1657 4556 ehem
1671 4496 1812 4571 objectio-

175 4581 276 4655 chata)
297 4586 383 4639 nocte
404 4581 473 4654 agni
491 4580 636 4638 immolati
653 4578 766 4636 Hebraei
785 4576 897 4634 lumine
927 4576 973 4634 lu·
1016 4596 1085 4638 nem
1099 4579 1214 4637 solvam
1226 4593 1303 4635 vers.
1318 4579 1365 4634 lfi.

175 4663 756 4733 oernaescrutabanturtermentum,nc
772 4661 847 4734 quid
864 4659 972 4733 clusin
1052 4664 1121 4720 Dico
1143 4678 1215 4735 ergo
1234 4662 1313 4719 hanc
1331 4675 1486 4736 vesperam
1507 4660 1598 4722 luisse
1616 4663 1813 4738 posteriorem

175 4749 269 4808 domo
282 4751 456 4808 remaneret.
469 4748 558 4822 Atqui
569 4748 656 4820 juxta
667 4746 799 4820 priorem
812 4743 973 4800 neoterica·
1017 4746 1139 4804 decimae
1150 4749 1263 4820 quartae
1275 4745 1365 4816 lunae,
1376 4744 1437 4804 sive
1447 4744 1678 4820 decimaquarta
1690 4747 1738 4806 dic
1748 4749 1813 4820 jam

174 4848 243 4891 rum
263 4833 386 4892 illorum
405 4832 597 4902 sententiam,
611 4821 819 4903 non'septem,
834 4826 886 4883 sed
906 4830 973 4884 octo
1017 4829 1187 4900 desinente,
1201 4829 1317 4886 decima
1334 4829 1440 4903 quinta
1452 4828 1628 4902 inchoante,
1638 4830 1678 4890 ita
1691 4833 1812 4892 atritas

172 4911 272 4973 forent
286 4916 349 4973 dies
360 4931 546 4990 azymorum,
558 4917 587 4972 et
597 4913 667 4985 agni
677 4911 842 4970 immolatio
856 4925 918 4966 non
930 4909 974 4965 in·
1016 4912 1065 4971 hic
1076 4912 1145 4984 agni
1159 4911 1241 4970 ficret
1253 4911 1363 4985 partim
1378 4911 1624 4988 decimaquarta,
1639 4914 1748 4990 partim
1762 4918 1813 4975 de.

175 4998 286 5058 cideret
297 4998 330 5056 in
339 4999 472 5072 primum
485 4997 564 5056 diem
576 5011 767 5070 azymorum,
783 4993 836 5052 sed
849 5005 911 5050 uno
925 4990 973 5049 die
1017 4997 1095 5055 cima
1106 4995 1210 5071 quinta
1223 4995 1271 5053 die
1278 5013 1289 5068 ς
1304 4995 1470 5053 immolatio
1481 4995 1563 5055 enim
1575 4998 1644 5069 agni
1657 4997 1748 5057 fiebat
1762 5001 1813 5058 de-

175 5087 385 5157 praecurrere13
398 5083 456 5140 hoc
467 5085 567 5139 autem
580 5083 729 5154 repugnat
739 5077 905 5152 scripturae.
1018 5081 1095 5140 cirne
1114 5083 1238 5156 quarta,
1255 5078 1398 5138 comestio
1420 5094 1492 5138 vero
1513 5081 1635 5155 praecise
1651 5081 1742 5142 fiebat
1759 5083 1813 5142 de·

212 5171 294 5230 ilices
305 5171 470 5246 :losephus
483 5172 621 5229 numerat
633 5173 700 5226 octo
712 5166 775 5225 dies
787 5181 973 5240 azymorum.
1017 5165 1096 5224 eima
1113 5164 1217 5238 quinta
1234 5163 1293 5222 die.
1309 5165 1437 5238 Vespera
1454 5163 1520 5223 hoec
1538 5164 1618 5223 enim
1639 5171 1702 5226 erat
1720 5165 1814 5227 confl-

211 5257 408 5330 Respondes:
422 5254 569 5329 losephua
579 5254 659 5312 diem
671 5251 806 5327 incipite
821 5265 920 5320 mane,
933 5249 975 5310 ita
1018 5249 1103 5308 nium
1116 5245 1238 5306 decime
1252 5251 1366 5323 quanm
1381 5251 1411 5306 et
1423 5247 1546 5308 decime
1563 5248 1675 5324 quinta
1694 5249 1751 5310 dic'

176 5340 211 5398 nt
224 5337 458 5417 decimaquinta
471 5337 535 5398 dies
547 5336 588 5397 ad
600 5351 754 5412 vesperam
766 5333 856 5407 tnta,
868 5331 934 5392 sola
946 5335 976 5393 et
1018 5347 1080 5393 una
1089 5330 1136 5394 sui
1145 5334 1230 5406 para
1241 5331 1281 5398 ad
1292 5330 1438 5397 decimam
1448 5335 1601 5410 quartam,
1610 5332 1702 5397 altera
1713 5349 1742 5395 a<

362 5449 384 5491 ¹·
1066 5441 1109 5450 ,ἢ
1170 5438 1230 5482 Ἃ
1601 5433 1637 5489 3,
