4018 5976
243 328 321 394 ate.
534 344 539 380 :
739 333 980 391 continuamus
997 291 1204 406 ru‘axonuu,
1221 345 1285 396 cir.
1303 337 1378 398 xxx.
2005 317 2007 406 l

240 437 499 512 inderegrediens
511 435 552 496 ad
564 437 701 496 Sanctum
716 440 744 494 et
756 438 847 496 altare
861 439 1037 512 thymiama·
1080 439 1877 516 quoquesisibiinnumeretceeliebebereucccntn
2005 415 2007 480 ἶ

245 527 295 597 tis,
309 523 351 582 ibi
364 523 540 596 precabatur
551 537 608 595 pro
620 521 747 594 peccatis
759 521 831 590 suis,
845 524 934 595 atque
946 523 1039 594 tinge-
1081 524 1263 596 significatur
1275 525 1403 598 tributo,
1417 509 1503 602 quod
1513 525 1628 599 templo
1640 526 1840 600 pendebam,
2003 481 2007 570 i

246 607 300 667 bnt
312 621 425 666 cornua
437 605 537 663 altaris
550 605 703 676 sanguine,
714 620 805 678 quem
815 604 926 663 larebat
938 621 1039 664 secum
1116 607 1254 679 Secundo,
1265 613 1299 665 ut
1312 609 1430 667 doceret
1442 609 1591 666 neminem
1605 609 1653 667 sui
1664 610 1787 684 capitis,
1801 625 1877 667 suae·
1888 617 1968 666 aaa*

246 690 417 761 invaseulo,
427 705 489 765 quo
499 689 587 746 etiam
596 690 659 761 jam
669 694 831 762 asperserat
839 691 942 748 Sancta
955 705 1038 748 sano·
1080 706 1140 764 que
1157 691 1223 749 vita
1241 707 1305 750 esse
1326 691 1500 762 dominum,
1513 691 1567 750 sed
1585 707 1690 751 omnes
1708 707 1807 750 unum
1823 692 1876 750 lra-

242 780 356 846 ,torum,
369 777 454 832 beati.
465 785 530 846 cap.
540 788 599 843 xvi,
612 775 657 842 ia,
668 777 698 829 ei
709 772 968 847 hocestquodhic
977 773 1036 830 aii:
1080 773 1151 832 bere
1165 775 1333 844 dominum,
1347 775 1568 846 scilicetlieum,
1580 774 1679 849 inquit
1690 777 1718 833 S.
1734 774 1876 848 cyrillus,

247 857 485 934 «Deprecabitur
502 858 534 914 in
550 857 693 928 sauguine
714 856 761 928 (id
774 861 834 925 est,
848 871 902 930 per
919 855 1038 926 sangui·
1079 855 1134 914 lib.
1148 859 1170 914 ll
1182 862 1214 915 ta
1225 861 1317 925 tona,
1327 874 1393 931 cap.
1407 872 1474 916 xcn.

245 957 329 1014 nem,
343 943 392 1001 vel
403 941 546 1014 tingendo
560 955 672 998 cornua
689 939 788 998 altaris
801 941 944 1012 sauguine
958 941 1036 1012 ejus,
1118 942 1223 1008 Tertio,
1237 944 1272 998 ut
1280 957 1334 1014 per
1345 943 1404 1000 boc
1416 941 1579 1016 temporale
1590 940 1807 1014 significaram
1817 943 1877 1018 spi-
1887 951 1954 998 nau
2005 947 2007 958 ⁴

245 1023 700 1099 seilicetanimaiis‚putavituli
713 1023 854 1096 cihirci),
868 1023 952 1097 quod
967 1024 1037 1095 iani·
1080 1023 1163 1082 ritnle
1186 1024 1330 1082 tributum
1353 1025 1426 1097 legis
1448 1041 1551 1095 nove,
1574 1024 1658 1099 quod
1681 1029 1726 1083 est
1747 1026 1875 1086 adorare

119 1125 123 1154 t
243 1111 327 1184 mal)
349 1109 483 1170 oblatum
505 1112 549 1167 est
565 1122 623 1183 pro
642 1111 774 1180 peccato.
798 1126 813 1162 u
838 1106 938 1164 Piebat
957 1107 1037 1163 eninr
1080 1109 1173 1165 Deum
1188 1108 1219 1164 in
1232 1109 1336 1180 spiritu
1350 1113 1379 1166 et
1391 1109 1529 1178 veritate,
1544 1108 1629 1182 quod
1642 1106 1801 1182 quilibetn
1815 1111 1875 1170 lieo

243 1195 310 1254 limo
325 1193 425 1254 alteris
443 1190 577 1250 lustratio
593 1205 649 1265 per
665 1189 818 1262 sanguinis
835 1188 1037 1263 aspersionem
1079 1196 1262 1262 numeratus,
1274 1191 1307 1248 id
1320 1195 1364 1249 est
1374 1191 1564 1263 Christianus,
1574 1189 1618 1248 illi
1630 1190 1761 1264 pendere
1774 1191 1874 1252 debet.

242 1277 370 1349 adhoc,
383 1281 417 1334 ut
434 1291 489 1350 per
501 1289 569 1333 eam
587 1273 753 1347 expiaretur
770 1271 880 1342 altare,
893 1277 1037 1344 tanquam
1079 1273 1124 1332 lta
1134 1275 1162 1332 S.
1178 1275 1315 1348 cyrillus.

118 1347 121 1365 '
243 1362 372 1438 peccatis
389 1361 479 1419 icius
495 1355 603 1433 populi
620 1356 651 1413 in
668 1355 753 1426 cujus
769 1353 871 1413 medio
889 1357 967 1423 erat,
982 1369 1038 1428 per
1115 1357 1309 1430 vespasianus
1334 1358 1496 1432 Imperator
1513 1355 1594 1415 idem
1614 1359 1745 1434 pretium
1766 1360 1875 1422 iudaeis

120 1497 123 1526 ,
243 1449 341 1506 ioiunr
353 1457 467 1503 annum
478 1438 644 1499 commissis
656 1437 900 1507 contaminatum,
909 1437 1037 1510 ideoque
1080 1439 1201 1498 devietis
1214 1440 1338 1498 indixit:
1355 1439 1566 1514 «Stipendium
1574 1457 1584 1512 3
1598 1441 1696 1516 inquit
1707 1442 1873 1516 Iosephus,

120 1535 122 1546 ’
243 1528 431 1588 lustrandum
449 1528 480 1582 et
490 1519 743 1582 reconciliandum
754 1520 812 1578 bac
824 1519 995 1578 lustratione
1009 1523 1038 1577 et
1079 1523 1133 1582 lib.
1150 1526 1194 1581 vti
1208 1527 1296 1591 Beitt,
1309 1539 1375 1600 cap.
1388 1540 1486 1595 srva,
1499 1524 1608 1583 iudaeis
1625 1524 1813 1601 ubicumque
1825 1527 1876 1586 de·

243 1613 422 1688 expiatione.
1079 1610 1197 1679 gerent,
1211 1607 1333 1678 indixit,
1346 1607 1493 1682 binasque
1508 1607 1665 1668 drachmas
1684 1609 1812 1684 singulis
1825 1625 1876 1668 an·

277 1701 480 1764 berniciam,
493 1694 614 1766 -puta
626 1693 723 1749 Aaron
735 1687 868 1764 pontifex
881 1691 982 1746 ileum
1079 1689 1126 1747 nis
1146 1689 1259 1749 deterre
1278 1691 1311 1748 in
1329 1691 1506 1765 capitolium
1524 1691 1630 1764 jussit,
1643 1691 1685 1751 ita
1701 1696 1737 1750 ut
1750 1692 1875 1752 antehae

135 1776 171 1816 ι’·
190 1781 192 1788 “
240 1801 243 1806 ·
275 1781 405 1840 Smenos
418 1789 581 1837 sermones
593 1788 659 1832 sarr
671 1776 800 1842 bouum,
814 1801 850 1816 ·-
864 1789 892 1844 q.
906 1772 936 1828 d.
950 1773 1037 1831 Sane·
1079 1773 1289 1849 Hierosolyma
1300 1775 1413 1849 templo
1425 1776 1634 1851 pendebant.»

241 1864 372 1926 tissimm
384 1863 439 1921 erit
451 1862 501 1918 bio
517 1859 592 1918 ritus
605 1855 780 1932 expiationis
795 1873 802 1912 :
818 1853 1036 1914 sanctissimum
1114 1857 1281 1930 anagogice
1301 1858 1398 1929 Beda,
1411 1857 1465 1916 lib.
1484 1859 1517 1915 ill
1535 1860 1575 1916 lie
1590 1860 1701 1918 aetem.
1715 1873 1783 1936 cap.
1799 1877 1873 1921 xm:

241 1949 332 2010 stiam
351 1945 406 2004 erit
425 1944 536 2013 aliare,
553 1940 638 2016 quod
655 1939 698 1998 sie
714 1938 862 2010 expiatum
877 1941 939 1995 iam
957 1935 1037 1993 eninr
1078 1941 1217 2014 Summa,
1232 1941 1289 2012 eit,
1301 1941 1433 2000 filiorum
1451 1941 1539 2000 israel
1557 1941 1705 2012 significat
1721 1959 1875 2004 summam

242 2031 285 2092 ad
297 2029 408 2101 utare,
420 2043 513 2104 quam
526 2025 566 2084 ad
578 2026 668 2082 ritum
681 2021 857 2097 expiationis
869 2019 971 2078 referri
983 2033 1037 2094 po·
1080 2024 1214 2082 omnium
1227 2024 1406 2094 electorum,
1417 2025 1470 2098 qni
1479 2025 1575 2098 pretio
1585 2025 1688 2083 decem
1699 2023 1874 2102 obolomnr,

241 2119 300 2177 test
309 2115 645 2174 secrctamsecretam.
660 2109 701 2164 lta
712 2105 878 2164 abulensis.
1078 2106 1111 2166 id
1123 2110 1182 2179 esi,
1197 2107 1401 2168 observatione
1419 2108 1573 2182 Decalogi,
1588 2107 1738 2168 redimunt
1757 2110 1875 2170 animm

278 2195 495 2260 Notarllehroei
507 2189 776 2264 exaggerationem,
788 2186 836 2246 nel
847 2186 976 2259 madum
988 2201 1036 2244 su·
1079 2205 1165 2261 suas,
1184 2193 1213 2249 et
1229 2194 1378 2248 merentur
1397 2189 1553 2249 denarium
1571 2189 1640 2250 vitae
1654 2194 1789 2265 eternae,
1808 2209 1874 2253 res·

239 2283 420 2364 perlativum
442 2279 612 2354 exprimunt
631 2289 686 2350 per
705 2287 817 2334 nomen
838 2273 1035 2344 abstractum,
1078 2289 1164 2348 pere,
1177 2272 1211 2331 id
1224 2271 1381 2348 estin-fine
1393 2272 1478 2346 nita,
1492 2273 1710 2348 accipiendum.

242 2370 290 2429 vel
303 2384 357 2445 per
368 2367 539 2426 concretum
551 2359 750 2433 geminatum,
763 2361 809 2428 ut,
824 2355 965 2416 Smoiiias
977 2359 1034 2422 est,
1099 2359 1158 2415 it.
1178 2359 1237 2416 tion
1254 2361 1347 2416 rursu
1364 2371 1448 2415 nisu
1465 2371 1550 2416 osan
1569 2371 1617 2426 cnr
1631 2371 1753 2418 namsia·
1767 2375 1808 2420 sn
1819 2375 1872 2422 no·
1884 2379 1970 2425 aaa

241 2453 440 2518 salsensium
452 2449 623 2506 sannionum
635 2445 694 2512 est,
707 2439 797 2500 idest
816 2439 1036 2498 mncnssimum
1077 2454 1151 2511 usn,
1170 2451 1304 2500 numius
1329 2455 1401 2499 sicu
1421 2455 1510 2500 inxrs
1530 2455 1681 2500 unusual!
1702 2459 1819 2504 mnu,
1837 2475 1873 2490 ..

240 2541 295 2598 est.
1081 2523 1210 2582 «Omnis
1227 2523 1281 2598 qui
1292 2523 1396 2582 transit
1409 2523 1451 2583 ad
1462 2539 1591 2596 nomen,
1602 2544 1617 2582 ι
1630 2525 1771 2586 hebraice
1783 2533 1872 2588 omme

124 2621 228 2670 amn.
277 2623 323 2681 ib.
338 2622 458 2690 Qnmno
471 2626 589 2675 marna
602 2621 720 2672 smus!
733 2607 883 2684 (hebraice
896 2613 989 2680 eaput,
1002 2608 1035 2667 id
1077 2610 1128 2680 qai
1145 2611 1247 2666 arcadi
1264 2607 1303 2665 ad
1318 2613 1491 2676 ιιιιιιιιιαιοι,
1504 2607 1537 2666 id
1554 2611 1614 2680 est,
1627 2610 1730 2672 omnis
1747 2613 1802 2686 qiu
1817 2628 1873 2671 na-

242 2705 408 2779 estcapita,
422 2701 512 2760 idest
530 2712 680 2756 summam
692 2691 838 2768 capitum)
851 2706 983 2752 sinicius
995 2693 1035 2750 ls-
1076 2694 1218 2762 meretur,
1228 2690 1290 2750 sive
1301 2692 1384 2764 cuius
1395 2705 1506 2750 nomen
1517 2695 1694 2762 recensetur,
1706 2698 1782 2768 puta
1795 2711 1816 2754 a
1831 2697 1875 2754 vi-

211 2844 216 2852 .
242 2805 315 2850 sinn
327 2801 417 2846 inxrs
431 2796 584 2853 sursunt,
596 2793 708 2840 aarum
721 2791 831 2835 sununs
846 2789 968 2834 runrruu
979 2789 1034 2834 ruo
1077 2775 1190 2849 gesimo
1210 2791 1290 2836 anno
1303 2779 1333 2834 et
1345 2790 1453 2850 supra,
1466 2780 1500 2834 ni
1515 2779 1597 2851 patei
1613 2792 1702 2836 versu
1716 2780 1770 2851 ιι,
1782 2779 1825 2838 ab
1837 2797 1874 2840 ea

242 2887 380 2935 emanans
392 2883 451 2929 snrs
468 2870 581 2926 bouum
596 2881 604 2921 ι
618 2877 656 2921 ar
667 2875 725 2921 non
740 2875 806 2919 narr
823 2874 914 2919 rarae
931 2874 961 2918 ua
973 2875 1033 2932 ars,
1077 2857 1156 2916 enirn
1169 2863 1253 2918 atate
1265 2857 1461 2918 censebantur
1473 2862 1503 2918 et
1516 2859 1753 2920 numerabantur
1764 2862 1872 2937 ludaei,

240 2973 298 3020 auu
310 2967 430 3015 marim
443 2962 646 3019 sesmaria·
656 2962 684 3018 p.
698 2946 728 3004 d.
746 2943 864 3014 Quoties
874 2958 1034 3002 numerum
1076 2943 1163 3016 quasi
1176 2942 1237 3018 apti
1250 2940 1513 3000 adbeliumunde
1524 2946 1625 3002 noster
1635 2945 1794 3020 interpres,
1803 2962 1870 3022 cap.

241 3041 331 3100 inibis
346 3035 472 3114 populi,
486 3047 549 3091 non
566 3046 604 3089 ex
621 3027 749 3088 vanitate
762 3027 811 3084 vel
823 3025 963 3100 superbia
978 3025 1034 3101 (uti
1076 3039 1196 3098 xrsvrn,
1208 3029 1264 3098 ib,
1277 3027 1332 3084 ubi
1342 3025 1475 3101 primum
1486 3026 1733 3102 populi-censum
1750 3045 1875 3090 mame-

241 3125 308 3184 iecit
319 3121 412 3181 David
418 3159 429 3191 ,
444 3113 666 3190 cujusproinde
679 3108 844 3169 numeratio
856 3110 917 3166 sire
929 3125 1034 3168 census
1076 3116 1140 3183 rat,
1153 3113 1282 3187 pretium
1300 3112 1358 3172 hoo
1374 3127 1480 3171 census
1493 3113 1629 3172 oblatum
1642 3113 1714 3174 dicit
1753 3125 1772 3165 a
1807 3131 1873 3174 sex-

241 3206 347 3284 populi
366 3203 423 3262 iuit
441 3203 610 3276 peccatum,
624 3195 811 3268 graviterque
829 3207 849 3250 a
868 3195 928 3251 lieo
943 3193 1033 3267 pani·
1076 3195 1168 3256 centis
1181 3196 1314 3255 millibus
1334 3203 1515 3268 ormotomm,
1528 3195 1597 3254 licei
1615 3199 1642 3251 τι
1654 3202 1827 3258 marmorum
1840 3199 1873 3258 in

240 3298 305 3351 iarn
314 3293 337 3364 ),
349 3288 403 3347 sed
414 3285 464 3343 vel
475 3299 525 3342 me
534 3281 668 3354 jubente,
681 3279 729 3336 vel
739 3277 868 3352 publice
880 3277 1035 3336 necessita·
1075 3279 1197 3338 ilabraeo
1205 3295 1267 3338 non
1275 3279 1420 3339 habeatur
1431 3297 1439 3337 ι
1451 3283 1528 3338 recte
1536 3278 1617 3337 enim
1625 3279 1771 3340 intellexit
1782 3283 1874 3342 luter·

239 3376 293 3446 tis,
307 3369 469 3439 attributi,
484 3365 571 3436 belli,
585 3363 679 3422 aliave
687 3363 769 3434 justa
782 3361 819 3418 de
831 3373 934 3418 causa:
948 3361 1033 3420 toties
1075 3367 1327 3437 preseostantum
1339 3362 1461 3434 censeri,
1470 3363 1524 3437 qui
1535 3361 1765 3424 armisierendis
1773 3369 1873 3428 essent

241 3455 351 3531 singuli
364 3452 509 3512 numerati
521 3449 653 3526 pendent
665 3445 793 3520 pretium
806 3458 863 3517 pro
877 3442 1033 3502 animabus
1075 3445 1192 3518 idonei,·
1202 3463 1237 3506 ac
1250 3449 1463 3522 consequenter
1473 3450 1571 3504 essent
1583 3447 1689 3504 armati
1698 3447 1730 3504 in
1738 3448 1871 3508 exercitu

241 3543 320 3609 suis,
334 3553 397 3611 quo
409 3535 519 3594 scilicet
534 3531 681 3599 animam,
695 3528 727 3610 id
741 3530 784 3584 est
802 3527 894 3585 vitam
916 3543 1035 3588 suamc
1075 3527 1151 3600 hoc,
1165 3534 1194 3588 et
1205 3530 1266 3588 acie
1279 3529 1478 3588 Hebraeorum.

240 3627 301 3682 lieo
313 3620 400 3694 quasi
412 3617 573 3684 redimant,
588 3619 622 3672 ut
631 3611 767 3669 videlieet
778 3611 853 3668 neus
866 3624 917 3668 eos
930 3610 962 3666 in
973 3611 1034 3670 vita
1111 3615 1248 3672 liutmun
1261 3627 1341 3672 sicu.
1351 3613 1482 3670 -Stetas
1493 3615 1614 3673 moneta
1625 3612 1682 3672 tuit
1695 3614 1770 3674 olim
1781 3617 1872 3677 usita-
1915 3634 1973 3676 sae

241 3706 402 3772 conservet,
415 3714 470 3758 nec
480 3699 522 3755 eis
533 3701 646 3771 pestem
656 3695 813 3768 plagnmve
824 3692 913 3749 abam
926 3692 1035 3752 immit-
1075 3695 1188 3754 tissima
1205 3695 1347 3767 Hebraeis,
1361 3711 1430 3769 qua
1449 3701 1478 3754 et
1496 3701 1584 3756 stater
1602 3696 1772 3772 dicebainr3
1786 3703 1872 3758 actus
1883 3691 1951 3748 aaut

122 3787 150 3832 ¹¹¹
163 3798 227 3860 enea
242 3793 298 3858 iat,
312 3801 350 3845 ex
367 3786 423 3842 hac
439 3781 528 3856 quasi
544 3780 609 3850 lege
627 3781 656 3834 et
672 3775 811 3834 condicio
826 3792 833 3830 :
847 3790 918 3832 nam
933 3776 959 3832 si
971 3791 1033 3835 non
1074 3778 1212 3838 hebraice
1234 3779 1343 3836 dicitur
1358 3761 1428 3862 'ipit
1449 3781 1548 3849 reclei,
1569 3779 1602 3838 id
1622 3783 1666 3838 esi
1683 3796 1870 3856 appensum,

123 3852 228 3954 Ρ-[ωοῇζ
241 3869 400 3931 redemeris
410 3870 487 3936 ta,o
506 3863 642 3932 liebrare,¹
659 3859 773 3934 pretio,
786 3873 855 3918 oum
874 3859 1032 3918 recensitus
1074 3863 1281 3936 ponderatum.
1298 3843 1560 3944 ltadixenimbpn
1571 3863 1645 3921 sotei
1657 3866 1830 3939 appendere
1842 3873 1872 3926 et

122 3921 1033 4026 effrataeus,nominasteqansiprevaricatoremnujusle
1073 3947 1240 4020 ponderare
1261 3945 1414 4019 significat.
1436 3946 1523 4005 Prisci
1540 3945 1620 4005 enim
1641 3948 1755 4020 ludaei,
1775 3949 1819 4008 uti
1842 3953 1873 4008 et

123 4045 137 4079 ⁸
176 4031 416 4113 ⁰0⁰·gisetpaeu
429 4025 1032 4109 plegaaiiquapuniet,uiiiecittempore
1074 4031 1214 4101 Romani,
1230 4031 1338 4089 rudem
1354 4045 1484 4088 massam
1501 4029 1585 4103 aeris,
1603 4032 1718 4104 argenti
1736 4032 1788 4092 vel
1803 4034 1872 4092 auri

182 4123 188 4138 ”
240 4121 376 4191 Doridis,
386 4133 456 4178 cum
466 4115 573 4173 scilicet
585 4113 635 4170 illc
647 4109 791 4169 recensuit
803 4108 966 4183 populum,
978 4125 1032 4168 nec
1074 4114 1115 4172 ad
1127 4117 1239 4172 cerium
1256 4115 1394 4189 pondus,
1410 4115 1473 4172 vice
1488 4115 1575 4189 pretii
1587 4118 1617 4174 ei
1628 4116 1765 4190 pecuniae
1784 4115 1874 4177 adhi-

237 4212 340 4266 tamen
360 4215 484 4260 censum
500 4197 539 4255 ab
559 4209 596 4253 eo
614 4193 663 4251 hic
683 4191 887 4266 prescriptum
909 4193 1029 4266 accepit.
1074 4195 1206 4256 bebant:
1224 4205 1328 4272 postea
1346 4198 1435 4256 eiiam
1454 4197 1667 4270 consignarunt
1685 4199 1874 4259 conflarunt·

240 4295 418 4362 Quanquam
435 4283 477 4340 ibi
490 4285 519 4337 et
531 4279 606 4347 alia,
621 4276 757 4334 videlicet
770 4275 930 4348 superbier,
944 4275 1031 4333 luerit
1073 4295 1132 4353 que
1145 4281 1301 4354 pecuniam
1315 4281 1472 4353 signatam,
1486 4281 1539 4339 sed
1552 4295 1644 4357 quam
1654 4283 1737 4354 justo
1750 4298 1874 4360 semper

238 4375 345 4446 culpa,
359 4369 476 4439 utijem
490 4361 562 4420 dixi.
577 4362 637 4420 lice
654 4375 725 4431 ergo
746 4374 852 4416 census
869 4357 981 4432 pretio,
994 4375 1031 4418 ex
1072 4363 1275 4434 appenderent
1291 4363 1434 4436 pondere.
1449 4365 1490 4421 iia
1503 4367 1624 4422 testatur
1644 4364 1757 4425 Plinius
1766 4367 1873 4437 ,libro
1896 4389 1968 4442 aig.

237 4454 369 4528 legebar
379 4453 408 4508 et
418 4445 504 4522 quasi
516 4448 604 4518 paeto
616 4457 686 4500 cum
701 4445 769 4510 ileo,
784 4441 968 4498 redimebant
979 4445 1031 4500 lle·
1073 4447 1499 4519 xxiiii,eap.1u,itomanos
1516 4447 1649 4520 primum
1665 4453 1792 4520 argento
1810 4451 1875 4526 sig·
1911 4453 1952 4492 ιι·

235 4537 311 4597 brai
329 4547 415 4592 suem
435 4530 543 4599 vitam,
556 4531 590 4584 ut
604 4529 717 4600 pestem
735 4524 867 4597 aliasque
883 4523 1031 4584 lethiferas
1072 4533 1142 4586 nato
1156 4529 1198 4586 nti
1212 4528 1333 4602 coepisse
1347 4533 1416 4603 post
1433 4530 1579 4602 Pyrrhum
1596 4531 1769 4606 devictum,
1784 4537 1875 4611 qarod
1895 4508 1970 4626 ζῇ

236 4624 341 4698 plagas
354 4615 522 4683 evaderent,
532 4613 563 4669 in
571 4625 647 4684 quas
657 4608 847 4665 incurrebant
857 4607 888 4677 ii,
901 4607 953 4681 qui
964 4623 1031 4682 pre·
1071 4611 1128 4670 init
1142 4627 1221 4670 anno
1239 4613 1322 4671 Urbis
1342 4615 1410 4683 585,
1424 4613 1552 4688 ideoque
1571 4619 1639 4674 ante
1656 4615 1792 4691 primam
1806 4619 1977 4686 bagmam

236 4708 312 4766 tium
324 4703 383 4761 hoe
394 4713 500 4758 census
513 4698 572 4754 lieo
585 4691 736 4764 eitemplc
751 4689 971 4748 subtrahebant.
986 4692 1031 4748 Sic
1072 4695 1136 4752 lum
1157 4695 1299 4753 Punicum
1309 4715 1319 4768 ;
1340 4712 1464 4754 aureum
1487 4697 1596 4756 deinde
1618 4713 1783 4759 nummum
1800 4709 1874 4778 post

237 4795 266 4847 ei
278 4786 367 4848 hodie
380 4783 433 4858 qui
447 4781 577 4839 decimas
592 4775 774 4833 suffurantur
787 4773 898 4845 templo
916 4779 945 4832 et
959 4777 1028 4849 Deo,
1072 4794 1167 4836 annos
1178 4781 1213 4837 62
1225 4795 1330 4835 cusum
1340 4778 1441 4837 fuisse,

238 4875 270 4932 in
281 4883 385 4945 graves
394 4881 455 4925 non
464 4878 533 4922 raro
543 4859 678 4918 incidunt
687 4855 791 4929 plagas
801 4860 830 4911 et
840 4855 1028 4932 calamitates,
1107 4864 1155 4920 AEs
1167 4876 1238 4919 vero
1250 4862 1333 4936 prins
1345 4863 1495 4934 signatum
1507 4868 1560 4936 esi,
1574 4863 1684 4925 seilicet
1697 4869 1782 4943 apud
1793 4873 1870 4947 pris-
1882 4883 1953 4929 rm

239 4955 350 5030 quibus
362 4948 601 5023 dPPPPPPPPPffll
614 4940 663 4998 vel
672 4941 896 4997 PPPSUPPPlUP·
1071 4961 1124 5006 cos
1134 4947 1292 5017 aSaiurno,
1304 4949 1386 5022 apud
1395 4948 1538 5007 Latinosa
1547 4953 1643 5007 Numa
1651 4953 1812 5027 Pompilio,
1823 4973 1871 5014 sc-

120 5041 227 5088 nerni-
274 5039 373 5098 Voluit
385 5040 460 5094 Deus
477 5035 508 5092 in
521 5045 612 5090 censu
624 5028 753 5103 pretium
765 5027 823 5082 hoc
835 5026 893 5083 sibi
903 5043 922 5082 a
933 5028 1030 5101 quoli-
1071 5033 1171 5090 cundo
1185 5048 1252 5104 rege
1260 5035 1409 5103 Romano,
1424 5034 1476 5108 qui
1487 5034 1573 5104 illud,
1587 5033 1770 5108 imaginibus
1784 5045 1870 5100 nota.

121 5113 156 5212 ξ’
178 5115 227 5150 “⁸¹⁶
239 5127 290 5185 bet
307 5123 427 5180 liebraeo
447 5120 540 5187 solvi,
553 5119 663 5189 primo,
676 5114 716 5172 ad
734 5111 809 5179 hoc,
827 5115 861 5168 ut
877 5112 984 5170 seirent
1000 5118 1030 5173 et
1070 5117 1128 5186 vit,
1147 5119 1176 5171 ct
1196 5115 1283 5172 titulo
1301 5116 1430 5173 nominis
1450 5117 1496 5173 sai
1513 5116 1659 5193 inscripsit
1664 5162 1675 5192 ,
1695 5120 1831 5196 indeque
1849 5140 1870 5182 a

146 5193 154 5210 ⁰
208 5245 210 5250 ,
239 5206 441 5268 meminissent
453 5203 565 5261 Hebraei
578 5199 662 5256 illam
675 5195 780 5271 populi
793 5193 839 5250 sui
852 5194 1029 5268 multiplica·
1070 5199 1165 5256 Numa
1183 5213 1308 5268 numus,
1326 5197 1387 5255 sive
1400 5213 1542 5256 nummus
1555 5214 1666 5259 nomen
1681 5207 1810 5280 accepit,
1825 5207 1870 5264 aii

238 5291 351 5350 tionem
369 5301 432 5344 esse
450 5301 469 5342 a
484 5287 560 5354 beo,
575 5287 605 5340 et
620 5297 658 5338 ex
676 5275 872 5353 promissione
892 5279 1027 5350 patribus
1069 5275 1209 5351 isidorus,
1219 5281 1274 5338 lib.
1285 5281 1352 5350 livi,
1365 5297 1432 5353 cap.
1447 5296 1516 5349 xvir,
1538 5283 1687 5343 cedrenus
1699 5288 1869 5365 etiipiphg.

237 5373 332 5444 iacta;
346 5371 497 5442 mumque
510 5379 613 5425 curam
625 5362 732 5440 populi
750 5362 796 5420 sui
813 5378 926 5436 gerere,
941 5380 1026 5424 eum·
1068 5369 1151 5438 nius,
1165 5369 1217 5426 lib.
1234 5373 1273 5427 ite
1286 5367 1412 5432 Pande„
1424 5363 1455 5421 in
1469 5364 1538 5422 fine.
