4088 6032
713 372 890 433 succurunt
907 373 1028 432 SACRAE
1044 371 1249 432 sostratae.
1778 383 1797 440 9

162 473 304 546 «Priora,
317 474 369 546 att,
382 489 451 550 qna
464 473 605 549 scripsisti
619 474 651 532 tn
661 475 763 549 palam
774 492 864 551 pone,
878 479 906 536 et
917 477 959 536 le·
1004 478 1143 537 disertam
1155 479 1250 550 magis
1269 493 1305 536 aa
1316 475 1427 538 eumd
1447 475 1629 552 facundiam,
1645 483 1731 558 quasi
1745 498 1797 543 ua-

159 561 233 630 gant
246 557 330 630 digni
345 562 375 616 et
384 557 521 630 indigni:
536 558 716 618 noumimos
729 563 828 618 autem
841 563 958 635 septua-
1001 562 1139 634 tirralem,
1155 563 1303 638 nobisque
1321 565 1510 637 congenitam
1523 567 1760 640 spondebimus?

159 641 243 714 ginta
266 641 473 712 mnsarvabis,
493 647 527 700 ut
543 641 644 700 tradas
658 658 709 701 eos
723 643 906 718 sapientibus
919 645 957 702 de
1037 649 1127 707 llulto
1140 649 1223 708 aliter
1236 650 1452 708 Ecclesiasticus
1469 651 1632 725 sapientem
1649 655 1794 728 pingens,
1854 660 1888 706 ιι·

158 724 277 798 populo
289 729 343 783 tuo
351 744 360 796 ;
378 726 411 783 in
423 725 470 784 his
484 726 565 784 anim
579 730 623 784 est
643 741 722 784 vena
740 725 914 800 intellectus,
929 731 958 786 et
1001 729 1183 788 indefessum
1191 731 1254 802 ejus
1265 731 1398 788 shrdium
1408 747 1478 790 cum
1485 732 1536 807 pia
1547 748 1634 806 preca
1643 735 1793 808 deposcit:

160 811 312 884 sapientiae
332 811 419 882 iuns,
438 817 468 869 et
479 811 607 870 scientias
619 812 743 884 ilumon,
763 813 954 872 etfaciam.»
1004 814 1210 886 «sapientiam
1228 815 1364 872 omnium
1384 815 1575 890 antiquorum
1597 819 1732 892 exquiret
1749 836 1796 879 sa-

197 896 293 963 Quare
307 897 400 952 Dosse
412 895 585 966 identidem,
597 896 629 953 in
642 897 869 956 Deuteronomio
882 912 958 971 prm·
1000 896 1096 970 pians,
1110 902 1139 955 et
1151 898 1184 955 in
1198 898 1350 972 Prophetis
1362 898 1430 970 (vel,
1441 904 1475 957 ut
1488 901 1703 961 aracushabet
1714 903 1793 975 inus,

159 978 273 1052 mrum,
287 994 376 1037 omna
388 979 495 1053 populi
508 978 685 1052 ambiguum
702 983 731 1037 at
743 979 861 1038 difficile
880 981 957 1038 circa
1001 983 1032 1036 ic
1040 983 1202 1054 prophetiis)
1211 981 1339 1053 vacabit,
1350 982 1550 1041 nmradonem
1562 985 1665 1058 (maaca
1673 983 1792 1060 διήγησιν,

160 1062 259 1135 legem
281 1062 449 1135 judicium,
470 1062 510 1120 ad
531 1062 697 1121 secerdotes
720 1061 822 1120 relemi
843 1063 954 1132 voluitr
1001 1068 1215 1131 cremationem,
1232 1067 1467 1138 eoploaoticcem)
1481 1066 1614 1126 virorem
1627 1070 1793 1130 nominato·

160 1161 249 1216 uam,
262 1149 296 1203 ut
308 1146 350 1203 eit
362 1145 530 1216 Dalachias,
546 1160 581 1214 rr,
597 1147 615 1201 7
634 1163 641 1201 :
663 1145 782 1204 etubia
793 1146 955 1204 sacerdotis
1001 1163 1069 1207 rum
1079 1149 1275 1219 conservabit,
1288 1153 1316 1206 et
1329 1150 1654 1224 inversutias,ocumec,
1665 1155 1793 1229 parabo-

160 1232 330 1290 custodient
339 1231 502 1301 werham,
518 1230 652 1302 etlegem
662 1230 954 1306 (dubiautiqnelegis
1001 1231 1098 1290 larum
1111 1233 1200 1291 simul
1214 1231 1357 1302 introibit,
1372 1233 1488 1292 occulta
1501 1235 1729 1308 proverbiorum
1740 1253 1792 1296 ex·

159 1315 325 1389 dequibus
338 1314 537 1388 estqueestio,
558 1313 599 1371 ait
612 1315 640 1371 S.
656 1314 836 1387 Bernartius)
857 1317 955 1389 requi·
1000 1316 1107 1388 quiret,
1121 1321 1150 1374 et
1166 1317 1197 1374 in
1213 1315 1395 1374 absconditis
1409 1317 1621 1391 parabolarum
1638 1335 1792 1380 conversa-

156 1403 226 1459 rent
238 1415 276 1458 ex
293 1415 344 1457 ore
360 1399 433 1470 ejus.
449 1418 463 1450 n
477 1400 543 1466 Qua
554 1398 592 1456 de
606 1412 697 1455 cause
707 1403 736 1455 et
746 1399 878 1456 studium
891 1399 954 1470 ejus
999 1397 1080 1456 bitur
1087 1417 1097 1470 ;
1111 1400 1222 1473 aperiet
1233 1415 1364 1458 ossuum
1373 1399 1562 1471 inoratione,
1574 1405 1667 1477 etpro
1679 1404 1791 1464 delictis

155 1482 362 1543 sacerdotibus
383 1480 526 1539 Dominus
546 1481 578 1539 in
594 1482 714 1538 leutico
734 1480 885 1552 indicens,
902 1497 954 1539 eos
1000 1483 1061 1539 suis
1075 1483 1289 1557 deprecabitur.
1304 1483 1334 1542 si
1353 1483 1433 1542 enim
1446 1484 1589 1542 Dominus
1601 1501 1728 1558 magnus
1738 1504 1792 1548 vo·

155 1583 225 1642 cap.
242 1581 263 1624 x
275 1566 356 1624 hisce
374 1564 533 1638 compellat
548 1581 555 1619 ε
573 1565 637 1621 rtlt
653 1564 788 1622 habeatis
803 1565 954 1624 scientiam
998 1564 1095 1636 luerit,
1110 1567 1215 1640 spiritu
1226 1566 1426 1638 intelligentias
1439 1567 1566 1642 replebit
1577 1567 1673 1641 illum,
1685 1574 1714 1628 et
1726 1572 1790 1646 ipse

154 1647 790 1721 discernendiintersanctumetproienum‚
805 1647 954 1721 interpol·
998 1653 1141 1723 tanquam
1163 1649 1273 1709 imbres
1295 1650 1390 1708 mittet
1409 1648 1530 1724 eloquia
1547 1650 1696 1725 sapientie
1716 1669 1789 1728 suar,

152 1736 255 1795 lotum
261 1733 457 1804 et'muudum,
468 1730 657 1805 doceatisque
665 1729 744 1788 tilios
753 1730 841 1788 lsrael
851 1732 954 1792 omnia
997 1731 1060 1806 ipse
1073 1733 1174 1807 polam
1186 1733 1272 1791 iaciat
1283 1732 1471 1806 disciplinam
1479 1733 1621 1793 docuiuoe
1634 1747 1707 1806 sure,
1719 1739 1749 1795 et
1758 1737 1791 1796 iu

152 1819 289 1892 hgitima
301 1833 388 1887 mea,
405 1831 473 1890 quta
491 1815 609 1873 locutus
623 1818 667 1872 est
680 1813 822 1872 Dominus
843 1816 883 1872 ad
900 1830 952 1874 cos
996 1815 1061 1889 lega
1074 1817 1241 1876 testamenti
1255 1815 1371 1875 Domini
1381 1814 1600 1888 gloriabitur.»

151 1919 210 1978 per
222 1917 348 1960 manum
358 1900 455 1957 blesis.
470 1919 486 1952 e
502 1902 595 1971 litque
610 1901 644 1955 ut
656 1897 746 1970 hujus
756 1913 835 1954 oure
848 1897 952 1956 admo
1031 1903 1146 1959 Veteres
1158 1903 1330 1961 ludaeorum
1343 1899 1471 1959 Rabbini
1483 1901 1539 1960 toti
1552 1903 1680 1961 arentin
1699 1905 1789 1964 sacris

151 1989 238 2044 neret
250 1984 421 2059 pontificem
434 1982 483 2040 vel
497 1981 636 2052 maxime,
651 1981 682 2038 in
695 1980 838 2055 pectorali
853 1983 952 2055 ponti·
995 1985 1122 2056 litteris;
1143 1985 1272 2059 indeque
1295 1993 1415 2049 alvan
1437 1986 1587 2058 sophetim,
1599 1992 1748 2060 γριμμιτιῑς
1760 1993 1790 2048 et

151 2068 249 2127 dualis
265 2068 313 2125 sui
335 2067 500 2125 doctrinam
520 2069 549 2122 et
569 2065 738 2136 veritatem,
758 2064 827 2134 vel,
847 2067 880 2122 ut
900 2066 952 2124 be-
995 2069 1102 2126 Scribas
1117 2072 1186 2126 sunt
1203 2067 1273 2127 dieti
1282 2087 1292 2140 ;
1305 2072 1376 2142 post
1389 2067 1538 2128 Christum
1551 2082 1621 2128 vero
1635 2085 1725 2130 nemo
1738 2087 1788 2132 ue-

151 2153 255 2211 braioe
268 2155 322 2224 ast,
338 2159 455 2214 oviis
467 2158 558 2214 otiare
570 2153 642 2207 eurr
654 2153 827 2216 vetammtm,
840 2147 952 2208 illumi·
994 2153 1048 2212 scit
1059 2151 1665 2227 hebreorumttabbinosnonaliudquam
1672 2167 1788 2216 sacram

152 2237 307 2296 nationem
324 2240 354 2293 et
373 2235 584 2308 integritatem,
597 2233 659 2291 duo
679 2232 747 2290 vita
760 2231 950 2292 sacerdotalis
994 2237 1174 2312 scripturam
1187 2249 1319 2307 versare,
1333 2238 1438 2295 catera
1455 2251 1577 2295 amusos
1591 2251 1664 2294 esse.
1677 2237 1788 2298 Scitum

153 2321 276 2391 decora
288 2319 373 2378 eorda
386 2321 488 2377 notata
495 2313 642 2392 symbolis
653 2321 777 2389 gestare,
789 2331 950 2391 coramque
993 2323 1038 2380 cst
1050 2320 1126 2380 illud
1135 2319 1275 2390 ltabbini,
1285 2319 1339 2394 qui
1352 2334 1371 2376 a
1383 2322 1491 2394 nepote
1500 2319 1689 2378 mientiarum
1696 2320 1786 2382 avido

155 2421 275 2480 semper
287 2403 394 2462 intueri
406 2403 510 2462 voluit.
525 2402 582 2460 Sed
591 2401 669 2461 ulha
680 2401 848 2460 eudemus.
993 2408 1130 2477 rogatur,
1148 2417 1222 2460 uum
1241 2402 1299 2460 sibi
1321 2400 1434 2469 liceret,
1447 2406 1500 2460 aut
1518 2402 1669 2474 suaderet,
1681 2405 1786 2464 Graecis

191 2489 340 2564 Propheta
351 2487 470 2560 regius,
483 2501 593 2560 magna
606 2485 785 2559 scriptorum
797 2499 951 2546 sacrorum
993 2489 1082 2548 etiam
1090 2486 1391 2560 auctoribusoporam
1400 2485 1483 2556 dare,
1496 2485 1607 2544 ironice
1620 2489 1786 2562 respondit,

154 2589 238 2649 pers,
252 2572 403 2641 divinum,
417 2571 556 2646 inquam,
569 2568 647 2628 illud
659 2569 783 2643 Spiritus
795 2569 890 2628 Sancti
903 2585 950 2630 or·
992 2573 1091 2644 licere,
1104 2572 1196 2631 modo
1210 2571 1243 2630 id
1255 2585 1309 2628 uao
1322 2568 1499 2640 disiecerat,
1513 2583 1568 2627 nec
1579 2573 1664 2629 nocte
1675 2588 1683 2626 r
1696 2572 1787 2647 scrip-

154 2673 288 2733 gannm,
306 2671 356 2714 aas
375 2656 408 2713 iu
419 2655 456 2713 iis
469 2654 541 2728 ipsis
558 2652 701 2712 sublimes
716 2657 746 2712 et
765 2666 888 2711 arcanas
905 2657 949 2711 te·
991 2661 1057 2714 turn
1070 2656 1152 2714 enim
1164 2669 1238 2726 esse,
1249 2653 1281 2711 in
1295 2653 1360 2726 lege
1373 2651 1491 2711 Domini
1503 2651 1711 2712 meditandum
1722 2671 1785 2714 esse

153 2742 264 2801 nebras
279 2753 443 2814 agnoscam
450 2781 461 2812 ,
475 2737 652 2797 creberrima
665 2735 731 2796 aliis
746 2735 872 2809 aliisque
884 2751 951 2793 ver-
993 2739 1041 2800 dia
1054 2755 1090 2798 ac
1103 2743 1198 2798 noem.

152 2825 201 2884 bis
214 2827 292 2896 orat,
304 2827 351 2882 Pa.
364 2837 451 2882 crvrrr
464 2841 472 2878 r
485 2820 615 2881 allevata
623 2819 727 2880 oculos
737 2834 832 2889 meos,
842 2823 871 2876 et
879 2835 949 2878 con·
1027 2825 1072 2883 sd
1084 2838 1198 2883 novum
1212 2837 1373 2898 pergamus
1385 2822 1458 2881 novi
1475 2820 1595 2881 toederis
1607 2823 1784 2884 instrumen-

152 2908 292 2968 siderabo
306 2906 456 2966 mirabilia
464 2905 502 2963 da
509 2905 574 2978 lage
586 2908 671 2975 tua,r
685 2902 738 2962 ubi
747 2903 884 2962 hebraice
894 2907 947 2975 est,
990 2911 1057 2968 tum
1070 2926 1078 2966 r
1092 2909 1122 2967 S.
1137 2910 1237 2966 Petrus
1250 2923 1319 2966 uum
1332 2905 1525 2982 epistolarum
1539 2908 1567 2964 s.
1583 2907 1666 2966 Pauli
1678 2911 1783 2967 memi.

153 3001 331 3064 mma„
342 2971 380 3056 ιι
392 2993 439 3063 aar
453 2993 515 3047 eas
527 2990 662 3058 semera,
672 2986 843 3046 reveresco
853 2986 948 3045 ecura
991 2992 1093 3063 nisset,
1106 2989 1270 3064 subjungit,
1288 2990 1320 3047 in
1337 2989 1373 3046 us
1389 2989 1529 3064 miscam
1543 3004 1605 3046 essa
1621 3008 1637 3044 e
1654 2991 1784 3050 urscia

151 3079 227 3136 meis
241 3077 386 3152 (velamen
394 3073 528 3146 caliginis
537 3071 669 3145 scilicet),
679 3077 709 3130 et
721 3071 800 3130 clara
810 3070 949 3131 intuebor
990 3073 1156 3146 intaDeotu,
1177 3089 1246 3150 quae
1264 3072 1376 3131 indocti
1397 3076 1427 3130 et
1442 3071 1594 3130 instabiles
1610 3073 1783 3149 depravant,
1905 3145 1907 3148 ¹

151 3161 304 3219 mirabilia
316 3159 392 3231 legis
404 3161 475 3216 tue.
491 3157 548 3214 «Si
560 3160 660 3215 tantus
672 3156 838 3229 propheta,
851 3155 949 3230 inquit
991 3161 1103 3218 sicutet
1115 3162 1234 3218 uatem
1244 3159 1417 3233 Scripturas,
1427 3158 1468 3216 ad
1478 3173 1564 3215 suam
1575 3159 1709 3232 ipsorum
1718 3175 1784 3236 per·

151 3248 179 3303 S.
194 3246 391 3318 Hieronymus
401 3242 440 3299 od
452 3242 609 3305 Petelinum,
621 3237 759 3298 tenebras
773 3238 948 3312 ignorantiae
991 3243 1145 3316 ditionem,
1158 3262 1173 3299 r
1189 3246 1271 3316 epist.
1287 3243 1320 3314 11,
1334 3258 1400 3316 cap.
1415 3257 1465 3314 ¹¹¹3
1479 3247 1509 3300 et
1525 3243 1654 3302 anterius
1668 3261 1733 3320 cap.
1748 3262 1759 3303 r
1774 3265 1783 3304 z

150 3328 319 3398 emetur,
332 3341 395 3401 qno
407 3341 463 3383 nos
482 3329 570 3400 putas
583 3323 743 3398 parvulos,
757 3327 787 3380 et
799 3337 876 3396 pene
889 3324 948 3382 lac·
993 3329 1122 3386 romnis
1136 3327 1294 3404 prophetia
1308 3327 1462 3401 Scriptura
1475 3327 1598 3400 propria
1611 3328 1784 3402 interpreta-

150 3417 247 3470 tantss
258 3410 382 3469 inscitie
394 3413 487 3468 nocta
495 3407 696 3467 circumdari?
713 3405 773 3465 ilco
786 3409 887 3465 autern
899 3423 948 3466 va·
988 3411 1069 3471 tione
1083 3426 1144 3471 non
1156 3411 1191 3470 tit
1196 3431 1206 3484 3
1221 3410 1377 3469 nonenim
1389 3409 1541 3468 voluntate
1553 3411 1783 3472 humanaallata

148 3497 252 3555 lamen
263 3511 328 3554 non
341 3493 440 3552 solum
452 3494 485 3550 in
498 3491 573 3551 iacis
585 3491 682 3561 llosis,
697 3490 751 3550 sed
763 3493 793 3548 et
809 3490 842 3548 in
854 3493 948 3550 Dvan·
990 3500 1034 3556 est
1049 3494 1214 3570 aliquando
1233 3494 1401 3569 prophetia,
1425 3495 1478 3552 sed
1495 3494 1604 3568 Spiritu
1620 3496 1725 3554 Sancto
1738 3497 1783 3553 in-

149 3579 263 3652 gelistis
285 3583 315 3637 et
336 3576 483 3651 apostolis
499 3577 632 3651 positum
647 3577 707 3646 est3
726 3577 755 3632 et
768 3573 825 3632 nisi
847 3579 949 3650 aperta
990 3579 1091 3656 spicati
1104 3581 1196 3641 locuti
1208 3583 1277 3638 sunt
1290 3579 1382 3636 sancti
1399 3578 1449 3636 Dei
1463 3578 1640 3638 homiues.»

148 3665 260 3726 fuerint
272 3663 411 3720 ”nivem
424 3675 493 3734 <luae
511 3660 620 3733 scrilmi
633 3662 713 3729 Slmb
724 3657 764 3715 Pb
782 3672 819 3715 0⁰
831 3659 885 3732 (tui
896 3659 948 3718 ha·
1025 3665 1094 3739 Ejus
1100 3679 1259 3739 germanus
1265 3663 1365 3721 officio
1374 3665 1402 3720 et
1410 3662 1544 3736 martyrii
1555 3663 1667 3734 laurea,
1674 3665 1702 3722 S·
1711 3667 1783 3724 Pau-

148 3748 329 3806 belelmm
347 3744 457 3815 David,
478 3744 532 3818 qul
548 3742 644 3817 &Diffi
663 3743 693 3800 0²
714 3755 803 3800 ss⁰ffl⁰
825 3742 947 3814 Plfludib
989 3750 1053 3821 lus,
1078 3764 1141 3810 non
1163 3748 1305 3808 naturalis
1325 3747 1436 3820 ingenii
1458 3747 1552 3817 ures,
1578 3749 1631 3805 scd
1650 3749 1784 3821 ejusdam

148 3831 264 3890 mnudit
276 3834 306 3888 et
319 3845 408 3888 nemo
418 3829 523 3902 aperit,
536 3825 621 3884 utillo
638 3824 699 3884 alio
712 3827 860 3884 reserante
873 3840 947 3900 pan-
989 3833 1114 3908 Spiritus
1133 3833 1297 3907 gratimum
1322 3831 1483 3889 divisiones
1508 3835 1677 3905 nuncupat,
1699 3835 1784 3907 quod

149 3917 301 3975 deutur.»
992 3935 1008 3972 r
1029 3916 1079 3976 alii
1102 3931 1156 3991 par
1177 3915 1422 3989 Spiritumldetur
1441 3929 1538 3972 sermo
1559 3914 1719 3988 sapienties,
1733 3915 1784 3975 alii

184 3999 276 4058 Audit
286 3997 425 4056 ieremias
437 4012 503 4071 cap.
515 4013 528 4054 r
542 4013 550 4054 ι
566 3995 770 4070 «Priusquam
787 3999 817 4054 te
832 3994 946 4056 torma·
989 4015 1088 4059 sermo
1101 3999 1241 4070 scientio,
1254 3998 1338 4055 alteri
1348 3997 1434 4068 fides,
1448 3998 1499 4056 ulii
1510 3998 1782 4071 gratiasanitatum,

146 4101 215 4144 rem
226 4084 260 4142 in
270 4087 367 4153 utera
380 4083 453 4140 novi
464 4085 502 4150 te,
516 4086 545 4139 et
557 4083 718 4154 autequam
730 4081 825 4138 exires
834 4081 872 4138 de
881 4081 948 4140 vul·
989 4085 1040 4144 alii
1053 4084 1187 4159 operatio
1202 4084 1356 4153 virtutum,
1371 4082 1421 4138 alii
1434 4082 1603 4155 prophetia,
1613 4082 1663 4140 alii
1677 4083 1785 4140 diacre

145 4185 199 4239 va,
212 4165 394 4226 sanctificavi
402 4168 481 4236 te,et
493 4164 671 4239 prophetam
682 4163 864 4235 ingentibus
878 4165 946 4223 dadi
988 4165 1030 4226 tio
1044 4167 1213 4243 spirituum,
1221 4165 1271 4223 alii
1280 4180 1389 4238 genera
1400 4165 1582 4237 linguarum,
1593 4165 1643 4222 alii
1655 4166 1784 4241 denique

146 4256 194 4324 te;
211 4271 227 4305 ι
242 4255 272 4308 et
283 4255 384 4308 tamur
397 4249 545 4308 exclamat
559 4266 567 4304 ι
583 4252 708 4319 adae,
722 4247 845 4305 Domina
859 4249 945 4319 Deus,
988 4251 1190 4325 interpretatio
1203 4265 1411 4318 sermonum»
1427 4253 1438 4307 l
1452 4250 1574 4307 Conciti.
1589 4265 1642 4321 xrr,
1656 4251 1784 4326 ideoque

146 4351 216 4394 eona
226 4334 327 4392 nescio
340 4333 436 4406 loqui,
447 4332 520 4406 quia
531 4347 607 4406 puer
620 4346 676 4403 ego
690 4345 795 4389 sum.»
988 4336 1123 4411 posuisse
1139 4337 1230 4392 Deum
1246 4333 1277 4390 in
1298 4333 1425 4391 licclesia
1442 4335 1590 4407 quosdam
1609 4335 1782 4407 Apostolos,

183 4419 290 4490 lasiae,
312 4433 379 4492 cap.
401 4431 447 4487 vr,
470 4415 623 4489 Seraphim
642 4414 682 4472 ad
704 4428 735 4470 se
754 4413 946 4473 advolantem
990 4419 1064 4479 alios
1077 4419 1249 4494 Prophetas,
1261 4417 1336 4476 alios
1351 4420 1498 4476 Doctores.
1509 4418 1683 4492 illibi-vcro,
1698 4435 1728 4477 se
1743 4420 1783 4478 ad

147 4504 281 4578 aspexit,
294 4500 471 4575 calamoque
484 4499 577 4571 ignito
587 4513 622 4556 os
633 4496 862 4556 vaticinaturum
875 4498 946 4557 ada·
988 4505 1081 4579 pedes
1092 4501 1258 4562 Gamalielis
1272 4501 1368 4573 legem
1378 4501 1517 4559 edoctum
1526 4495 1695 4574 'gloriatum
1710 4502 1782 4561 alibi

147 4589 323 4663 parientem.
965 4607 970 4616 ·
989 4590 1122 4646 Pastores
1135 4590 1164 4644 et
1175 4586 1338 4660 Episcopos
1350 4588 1460 4656 monet,
1475 4588 1509 4642 ut
1519 4601 1550 4644 se
1564 4590 1701 4659 praestent
1712 4601 1782 4658 ope-

182 4669 317 4729 Ezechiel
322 4685 332 4741 3
356 4681 423 4742 cap.
446 4681 480 4738 n,
495 4665 619 4724 intuitus
638 4665 767 4740 speciem
784 4665 947 4740 qtrudrifldi
988 4671 1083 4730 rarios
1093 4669 1327 4740 inconfusibiles,
1339 4673 1415 4726 recte
1428 4672 1584 4726 tractantes
1593 4669 1719 4727 verbum
1732 4684 1781 4726 ve·

148 4753 298 4824 mimalis,
317 4751 479 4824 gloriasque
494 4749 628 4820 Domini,
642 4763 757 4823 pronus
769 4747 849 4806 cadit
861 4749 893 4806 in
904 4749 946 4808 ia·
988 4755 1092 4826 citatis,
1105 4758 1139 4810 ut
1156 4754 1272 4827 possint
1291 4752 1441 4810 exhortari
1463 4753 1495 4809 in
1509 4753 1643 4811 doctrina
1656 4767 1739 4824 sana,
1753 4757 1781 4810 et

148 4840 234 4909 amm,
251 4840 427 4910 erectusque
444 4849 464 4892 u
486 4831 592 4909 spiritu
607 4832 684 4905 silet,
698 4832 772 4890 dum
784 4831 894 4906 pariter
912 4847 946 4890 os
988 4854 1040 4900 eos
1059 4839 1113 4913 qui
1135 4837 1339 4896 contradr'cunt
1360 4853 1501 4910 nrguere3
1518 4838 1571 4895 sed
1589 4838 1664 4913 quid
1683 4854 1781 4898 mora-

148 4922 351 4996 eipandatur.
987 4921 1079 4984 muri

181 5007 286 5068 Daniel
304 5021 355 5080 vir,
369 5009 398 5077 8,
411 5003 540 5063 verbum
560 5004 611 5062 Dei
624 5005 656 5062 in
674 5004 764 5063 corde
784 5010 945 5077 censervat,
1022 5007 1186 5066 Audiamus
1213 5006 1360 5065 Christum
1385 5025 1393 5064 r
1421 5026 1437 5062 r
1461 5008 1647 5080 Scrutamini,
1671 5007 1779 5082 inquit,

150 5093 201 5152 sed
214 5089 448 5164 cogimionibus
467 5088 679 5161 conturbatur,
691 5093 720 5146 et
736 5087 825 5146 iacies
844 5089 870 5147 ei
888 5091 945 5148 im·
987 5091 1187 5166 scripturam»
1203 5091 1279 5164 quin
1290 5106 1362 5148 vero
1375 5090 1476 5148 dotem
1487 5093 1577 5162 hanc,
1591 5093 1635 5149 uti
1652 5094 1681 5151 ct
1693 5092 1780 5150 thau

151 5180 279 5235 nrumtur
286 5215 297 5246 ,
312 5177 472 5248 stupetque
485 5173 526 5231 ad
542 5172 704 5244 visionem,
722 5187 757 5230 eo
772 5173 857 5248 quod
871 5173 947 5231 desit
987 5176 1182 5248 maturgiam,
1196 5174 1468 5248 miraculorumque
1483 5175 1710 5245 omnigenorum
1727 5191 1782 5249 po-

151 5261 291 5334 interpres
297 5277 307 5331 ;
333 5262 361 5315 et
382 5271 438 5316 nos
460 5256 635 5315 eorumdem
650 5255 858 5315 vaticiniorum
869 5277 878 5329 ;
894 5273 947 5331 pa·
986 5263 1137 5331 testatem
1160 5259 1295 5318 Ecclesia
1319 5274 1380 5314 sues
1401 5260 1576 5316 testamento
1597 5259 1781 5331 consignavit

152 5340 332 5413 rubetarum,
346 5339 550 5413 aeuigmatum,
567 5345 596 5398 at
609 5339 818 5414 symbolorum
835 5339 947 5400 facilia-
987 5343 1257 5419 Christus‚quando
1267 5342 1298 5398 in
1310 5342 1418 5398 ooelum
1428 5357 1602 5401 ascensurus
1616 5342 1781 5399 valedicens

153 5439 212 5481 mm
224 5425 298 5499 ipsis
317 5439 424 5483 eorum
437 5421 632 5496 scriptoribus
645 5423 880 5499 intelligentiam,
895 5431 946 5485 aut
988 5431 1146 5504 Apostolis,
1167 5425 1282 5504 aperuit
1302 5424 1360 5482 illis
1379 5439 1511 5498 sensum,
1533 5430 1567 5483 ut
1588 5424 1781 5498 intelligerent
