4100 6024
696 281 871 410 mollivit
887 349 1008 410 ΒΑΜ
1025 351 1230 416 stammas.
1745 364 1776 420 tt

141 453 301 532 quidpiam
321 451 547 514 umumdtur.
570 455 662 514 Porro
684 459 816 516 anonim
838 456 941 528 ignota
982 457 1089 518 bondis
1112 477 1279 537 occupans,
1299 461 1413 538 qulbus
1432 467 1463 522 at
1480 455 1589 524 abeam
1603 467 1633 524 et
1648 477 1780 540 praesens

141 541 245 613 u'gna,
264 540 307 600 alt
323 539 520 611 Augustinus,
543 553 611 612 cap.
625 554 655 596 ιι
672 542 941 613 etxn1,mugnum
983 558 1052 601 cum
1066 547 1253 604 iconoclastis
1276 547 1508 620 imperatoribus
1520 549 1712 611 conamina
1725 549 1781 612 Co·

138 623 308 686 medium
325 625 372 682 est
389 621 560 694 tinguavum
579 621 750 694 cognitio.»
772 625 844 682 suut
860 624 941 684 enim
982 643 1150 702 pronymo,
1165 634 1194 687 et
1204 631 1299 688 Leone
1313 635 1430 704 isauro,
1444 631 1514 691 lorti
1525 647 1621 704 egone
1634 636 1664 694 ot
1676 631 1778 694 duello

140 708 285 784 vadam
302 705 411 776 verba,
430 721 500 781 qtrts
518 706 551 763 in
567 721 658 766 usum
674 707 796 766 utedus
811 707 939 780 lingum,
983 726 1173 783 congressus,
1186 712 1660 788 herminjugutavit,etpetmete
1669 721 1778 779 emota

137 808 196 868 per
214 791 485 866 interpretationem
508 791 633 848 mensim
654 805 718 850 nen
742 798 887 866 possunt3
912 796 942 850 st
981 792 1052 854 fidei
1066 797 1198 870 trophea
1208 799 1322 855 oeternoe
1337 798 1487 856 memoriae
1500 799 1691 860 consecravit.

138 880 174 936 ut
194 875 383 944 dominnm
410 874 448 931 slt
468 874 627 948 interpres,
648 889 703 934 nec
725 889 853 934 ssensu
871 891 941 936 suc
1018 881 1060 936 lix
1074 880 1194 952 anglie,
1208 881 1280 938 audi
1293 880 1496 940 venerabilem
1513 882 1621 942 aedem
1642 883 1776 944 indisto-
1835 899 1869 942 rr.

137 959 215 1018 toris
234 959 340 1018 devius
362 957 496 1052 memet,
509 973 578 1032 qum
591 957 630 1016 sit
641 957 709 1032 ipse
721 958 866 1019 mutantia
877 974 941 1020 nou
980 967 1028 1021 rio
1039 964 1213 1034 duplicares
1225 967 1321 1037 stigo,
1331 965 1387 1036 eit,
1400 968 1549 1039 septennis
1562 967 1776 1028 monasterium
1787 957 1897 1066 §333³

138 1046 281 1116 apparet,
299 1041 358 1100 nisi
376 1041 409 1099 in
422 1057 459 1102 aa
471 1039 576 1113 lingua
589 1040 776 1114 impicietur,
790 1057 883 1116 quam
896 1043 942 1102 iu-
981 1048 1146 1120 ingrsesus,
1160 1049 1203 1108 ibi
1215 1053 1278 1108 tcta
1290 1049 1351 1108 vite
1359 1065 1480 1110 omnem
1490 1051 1669 1112 meditandis
1682 1053 1776 1126 Scrip-
1786 1079 1833 1126 p„
1851 1085 1896 1124 m,

137 1129 326 1199 terprstatur.
354 1123 513 1184 lateralia
539 1124 599 1184 boo
621 1122 707 1184 affert
732 1125 904 1199 exemplum
930 1144 938 1183 ε
980 1131 1055 1190 turis
1068 1147 1192 1206 operam
1209 1132 1292 1204 dedi,
1312 1133 1721 1206 atqueinterobservantiam
1731 1136 1776 1198 di·
1815 1141 1865 1208 tut

141 1232 159 1268 ι
171 1211 280 1284 spuria
291 1208 469 1270 vimlamiaa
482 1207 673 1268 nuntiabunt
684 1209 798 1270 radiosa
818 1211 938 1280 altas,s
982 1215 1114 1288 sciplinm
1135 1216 1277 1288 regularis
1300 1221 1330 1274 et
1350 1217 1558 1291 quotidianam
1579 1217 1719 1280 canendi
1744 1220 1777 1282 tu
1795 1214 1890 1310 ,3¹42

137 1291 266 1367 εφίω.
281 1307 322 1364 tv,
336 1295 370 1365 ³3
392 1293 527 1364 graedimt
546 1291 627 1352 enim
639 1292 798 1366 interpres,
813 1293 941 1368 etquasi
982 1299 1105 1358 ecelmia
1119 1313 1236 1371 curam,
1251 1315 1367 1373 semper
1385 1305 1436 1360 aut
1450 1301 1578 1372 disome,
1590 1307 1641 1362 sut
1654 1302 1776 1374 doure,
1822 1275 1860 1368 uf.

140 1380 262 1450 epium
273 1379 439 1450 mutusve,
452 1377 486 1436 id
498 1375 677 1436 estavitulc
689 1376 879 1447 vitulamina,
890 1378 942 1436 de·
982 1385 1035 1441 aut
1053 1380 1181 1442 scribere
1198 1383 1285 1441 dulce
1305 1383 1439 1442 babuit
1456 1385 1526 1443 ilinc
1539 1384 1572 1444 in
1584 1401 1688 1444 omnes
1700 1397 1777 1460 pene

141 1461 242 1534 ductu
265 1465 421 1535 lutatium
440 1461 784 1532 antsmsuntstclcnes,
798 1461 859 1520 sive
872 1477 942 1536 pro·
983 1480 1073 1524 serre
1091 1466 1247 1540 scripture
1268 1466 1377 1537 libros,
1391 1467 1477 1528 uode
1487 1473 1778 1530 ertantsommenta·
1866 1539 1869 1546 ¹

140 1547 287 1622 paginas,
305 1550 335 1604 et
351 1543 423 1608 novi
444 1544 556 1604 sttrouli
577 1557 615 1602 ex
638 1544 746 1604 arbore
765 1545 896 1618 prtecisi,
913 1548 942 1604 et
981 1548 1042 1622 rie,
1056 1550 1191 1622 adeoque
1205 1565 1260 1608 neo
1272 1549 1380 1610 morbo
1394 1550 1459 1623 ipse
1473 1550 1582 1612 destitit
1597 1570 1604 1607 r
1620 1551 1694 1624 quin
1706 1566 1778 1614 varo

140 1631 175 1689 in
188 1635 270 1689 terra
294 1627 431 1705 plantati.
452 1629 529 1688 Sene
551 1643 645 1702 quam
668 1627 804 1688 metreta
821 1627 941 1686 Grecis·
982 1633 1087 1690 ultima
1105 1631 1274 1692 infirmitate
1293 1632 1325 1690 in
1348 1633 1507 1705 Evangelio
1519 1634 1547 1692 S.
1562 1629 1681 1692 ioannis
1694 1633 1779 1694 labo·

141 1730 204 1790 qne
215 1712 375 1774 idiotismis
382 1711 476 1772 Latini
489 1710 643 1772 abundant
650 1711 768 1772 codices
779 1713 865 1782 sacri,
876 1713 942 1772 luce
982 1716 1074 1790 ravit,
1088 1721 1117 1774 ei
1129 1731 1205 1789 pene
1218 1719 1350 1776 ammam
1362 1732 1468 1788 egens,
1483 1721 1517 1778 ut
1532 1717 1715 1788 absolveret,
1730 1733 1778 1782 ao·

141 1803 188 1858 est
199 1797 325 1868 medus,
338 1801 372 1855 ut
384 1811 448 1854 non
462 1793 527 1854 sine
540 1809 629 1854 cause
647 1795 728 1854 idem
743 1796 941 1867 Augustinus,
983 1799 1040 1856 cito
1050 1799 1166 1860 scriba:
1179 1799 1320 1872 «Accipe,
1332 1800 1382 1870 sit,
1397 1800 1557 1872 calamum,
1567 1805 1597 1858 et
1608 1799 1778 1862 festinanter

140 1884 164 1939 ll
177 1885 302 1940 listmm.
323 1894 353 1952 v,
371 1883 425 1951 et,
446 1883 560 1953 septem
574 1878 697 1948 libellis,
712 1880 765 1954 qui
779 1879 942 1938 etiamnum
983 1882 1093 1952 scribe,
1107 1902 1122 1940 r
1138 1886 1167 1942 et
1178 1883 1317 1942 tandem:
1333 1886 1449 1953 «Bene,
1459 1883 1573 1957 inquit,
1586 1898 1779 1946 construamu-

140 1971 259 2037 extent,
279 1965 425 2026 tormrrlns
437 1962 593 2040 pbrsslum
607 1978 697 2020 sacres
710 1963 865 2035 scripture
879 1963 942 2022 eol·
982 1970 1047 2024 tum
1056 1970 1112 2037 est3
1124 1986 1138 2020 s
1149 1970 1179 2034 ct
1192 1980 1344 2038 cycnaeurn
1358 1979 1468 2026 cousus
1484 1984 1491 2024 r
1507 1966 1629 2024 utilonis
1643 1967 1732 2038 Petri,
1745 1971 1776 2028 et

139 2051 250 2123 leg'sss
271 2065 304 2108 se
325 2047 583 2117 memoret.de
600 2046 730 2106 unitatur
750 2049 943 2119 cstpestmo-
982 2050 1071 2120 Filio,
1083 2055 1113 2108 et
1124 2049 1244 2123 Spiritui
1256 2051 1378 2120 Sancto,
1392 2069 1407 2104 a
1423 2049 1624 2122 placidissime
1642 2050 1778 2124 spiritum

142 2135 219 2194 dum
234 2133 395 2192 eumenus
414 2130 618 2203 Lugdunensis
634 2130 688 2189 llb.
708 2132 749 2190 lis
760 2131 865 2188 Formis
885 2135 942 2202 epi·
982 2133 1079 2192 emisit
1099 2149 1155 2207 pro
1179 2131 1249 2192 iidei
1276 2131 1379 2192 lairere
1400 2132 1449 2192 liei
1471 2133 1585 2194 visione
1606 2132 1776 2205 beandum,

140 2220 309 2285 munem,
323 2218 354 2273 et
364 2219 435 2289 post
446 2229 516 2272 eum
529 2214 621 2273 bocca
634 2214 725 2274 etiam
738 2213 848 2272 seculo
859 2229 942 2274 com·
982 2229 1063 2276 anno
1076 2233 1095 2274 u
1106 2221 1194 2290 partu
1208 2215 1334 2286 Virginis
1349 2217 1412 2276 731.

140 2301 245 2380 plnres
255 2299 318 2360 alii.
1018 2304 1181 2362 venerabili
1201 2305 1286 2362 uedre
1307 2301 1431 2377 equalis
1447 2301 1504 2361 luit
1516 2303 1654 2374 dminus,
1668 2303 1716 2364 vei
1728 2304 1776 2363 tl·
1821 2313 1897 2362 uest

176 2381 563 2456 §.augustinoccneautits⁸
571 2381 940 2456 numerumnunerum
982 2387 1087 2446 cuinus
1106 2389 1241 2458 Flaccus,
1263 2387 1316 2461 qui
1328 2386 1424 2446 Caroli
1444 2386 1539 2457 Magni
1551 2387 1599 2446 vel
1612 2387 1837 2462 praeoptarit*

141 2471 175 2528 in
190 2468 330 2528 Ganmim
342 2467 476 2526 scribens
480 2507 490 2538 ,
504 2467 575 2526 tom.
589 2468 643 2538 tl,
664 2481 763 2539 neque
777 2465 940 2538 syllabam,
981 2469 1050 2541 tuit,
1064 2472 1111 2529 rel
1124 2472 1225 2545 potius
1237 2469 1409 2540 familiarior
1423 2470 1472 2530 bie
1492 2469 1613 2532 Eboraci
1625 2471 1657 2530 iu
1670 2472 1776 2542 tagus

141 2568 242 2627 nutius
253 2553 409 2627 apiculum
422 2563 486 2609 0⁸⁸0
503 2551 536 2607 in
555 2550 646 2610 Μὴ
660 2550 791 2621 litteus,
809 2550 842 2608 iu
855 2551 940 2623 cuitu
982 2571 1080 2616 meros
1093 2555 1211 2616 Litteras
1224 2555 1325 2629 palam
1338 2553 1464 2615 docebat
1474 2574 1485 2622 t
1497 2555 1578 2614 unde
1592 2554 1632 2612 nd
1645 2569 1714 2616 eum
1725 2570 1777 2614 eu·

139 2632 760 2712 pmtundisnoniateatrrandisquispiem
772 2634 940 2705 meremus,
982 2637 1127 2700 mendum
1148 2655 1186 2700 ex
1199 2639 1290 2700 trista
1307 2640 1335 2700 s.
1351 2638 1504 2711 Ludgenu
1522 2637 1688 2698 morarum
1707 2651 1778 2696 eon-

140 2721 331 2782 nondubitat
343 2735 473 2780 merere
483 2737 492 2778 r
503 2734 538 2778 ec
549 2718 677 2794 proinde
691 2717 779 2778 nobis
791 2731 868 2791 opus
877 2731 941 2778 essa
982 2724 1084 2795 cessit,
1098 2727 1272 2798 tantumque
1285 2721 1424 2797 proiecit,
1439 2725 1473 2780 ut
1484 2722 1523 2782 ad
1537 2735 1608 2778 suos
1625 2735 1777 2792 reversus,

140 2806 244 2866 divina
256 2805 361 2878 gretia,
375 2810 404 2863 et
415 2808 450 2862 nt
459 2804 568 2879 Spiritu
577 2805 683 2864 Sancm
694 2803 868 2873 cobuetrati,
878 2802 941 2862 elo·
981 2807 1143 2868 Frisiorum
1161 2807 1289 2883 apostoli
1304 2821 1415 2868 nomen
1433 2804 1580 2864 meruerit.
1595 2805 1691 2864 Testes
1708 2807 1778 2862 sunt

141 2891 330 2966 qubdivins
343 2889 498 2948 adeamus.
981 2891 1392 2962 Annalesuneim,etauetor
1407 2887 1660 2960 VituS.Ludcert.

176 2975 314 3050 amplius
326 2973 415 3034 audet
428 2973 584 3046 Gregorius
594 2973 757 3044 demutet
768 2970 942 3030 Pontifexet
1016 2977 1105 3052 Apud
1125 2976 1242 3049 Belgas,
1262 2976 1292 3036 S.
1312 2971 1478 3036 bonifacius
1496 2989 1566 3032 oum
1579 2971 1656 3042 suis,
1671 2972 1775 3030 christi
1788 2984 1810 3032 s.
1830 2985 1896 3060 equ.

140 3062 250 3118 iterim
266 3077 275 3116 s
290 3062 335 3117 tet
347 3058 429 3117 enim
441 3061 564 3130 umque
577 3054 694 3126 abdita,
710 3053 743 3114 in
761 3054 941 3116 Ezechielem
981 3059 1078 3132 legam
1096 3073 1284 3134 propagans,
1294 3058 1404 3132 iugiter
1420 3057 1514 3116 saneti
1528 3057 1679 3128 Evangelii
1693 3057 1775 3114 codi—
1792 3045 1870 3152 ΕΜ

141 3145 367 3215 commentam,
388 3142 421 3200 in
443 3139 552 3200 sancus
577 3137 782 3198 voluminibus
807 3140 942 3212 agnoscit
981 3160 1046 3204 cem
1066 3160 1168 3204 seeum
1180 3142 1350 3214 deferebat,
1363 3141 1440 3204 adeo
1453 3144 1486 3198 ut
1505 3155 1575 3200 eum
1587 3139 1684 3198 necin
1697 3156 1775 3198 mer
1813 3120 1890 3216 {ff

141 3226 298 3300 mysteria,
318 3230 353 3283 ut
364 3228 510 3284 asseveret
522 3223 662 3299 wem
681 3222 857 3283 mortalibus
870 3239 941 3282 nec-
980 3227 1059 3301 tyrle
1081 3227 1242 3298 dimiserim
1269 3225 1344 3300 quiin
1370 3239 1440 3284 vero
1460 3239 1530 3282 cum
1550 3236 1630 3282 anno
1658 3223 1774 3281 bomini
1786 3229 1891 3280 niuem

141 3310 217 3369 dnm
229 3315 379 3380 munta,
397 3307 649 3367 wbsooelestibus
661 3311 762 3382 patere
776 3306 938 3382 spiritibus.
981 3315 1035 3371 ree
1055 3312 1087 3372 in
1106 3312 1170 3384 ejus
1190 3314 1280 3386 caput
1300 3307 1382 3370 Frisii
1405 3323 1506 3366 ensem
1526 3306 1696 3376 vibrarent,
1709 3307 1772 3379 ipse
1805 3303 1879 3396 ’ξέ

138 3393 314 3454 ltirabimur
321 3393 385 3466 iam
398 3392 586 3465 (tragurium,
598 3391 807 3463 augustinum,
813 3390 940 3450 Ambru-
979 3395 1062 3455 bunc
1074 3395 1225 3466 codicem,
1239 3392 1325 3468 quasi
1337 3390 1520 3464 spiritualem
1534 3390 1673 3464 elypeum
1691 3391 1772 3461 obje-

11 3527 16 3535 .
139 3479 235 3550 uum,
248 3478 427 3549 Eusebium,
446 3476 618 3548 origenem,
638 3475 866 3548 Hieronymum,
878 3478 940 3549 Cy·-
980 3480 1032 3550 cit,
1047 3484 1077 3538 et
1089 3478 1196 3538 illustri
1210 3475 1371 3546 miraculo,
1389 3475 1457 3534 licet
1469 3489 1538 3532 ense
1551 3477 1638 3532 acute
1648 3489 1702 3547 per
1713 3489 1775 3532 me·

138 3560 292 3633 autumer
302 3561 475 3619 universum
483 3564 655 3618 sanctorum
666 3562 784 3618 Petrum
797 3559 937 3629 eborum,
980 3561 1065 3622 dium
1078 3568 1173 3622 sectus
1187 3561 1225 3620 alt
1236 3559 1329 3630 liber,
1340 3554 1424 3618 nulla
1436 3564 1538 3618 mmcn
1555 3557 1652 3616 littera
1664 3572 1701 3616 ea
1712 3571 1774 3618 seo-

138 3648 202 3704 tam
223 3645 359 3719 impense
380 3643 471 3702 saeris
491 3643 577 3702 libris
597 3646 698 3700 noctes
721 3644 750 3700 et
771 3641 834 3700 dies
856 3641 938 3700 insu·
979 3647 1059 3705 dona
1073 3647 1186 3705 abolita
1199 3650 1253 3704 ast.

139 3727 428 3789 murmuremus
440 3743 493 3785 aee
505 3727 537 3784 in
550 3727 607 3784 uae
619 3725 776 3798 disciplina
788 3723 940 3798 principes
1014 3731 1102 3804 Apud
1116 3732 1244 3790 Francos
1257 3732 1319 3789 Res
1339 3731 1368 3787 et
1386 3730 1548 3802 imperator
1560 3725 1682 3786 carolus
1697 3729 1776 3799 lieg-
1828 3743 1877 3812 aa·

139 3813 331 3887 spumans
349 3809 558 3880 consenuisse,
580 3823 634 3867 nac
654 3807 747 3867 alium
761 3808 939 3868 eesatudic·
979 3827 1056 3883 nus,
1081 3815 1143 3872 imo
1163 3813 1384 3883 termeuimns,
1397 3812 1563 3872 eruditione
1576 3810 1699 3882 seilicet,
1712 3812 1775 3885 pie·
1804 3801 1877 3906 Ψ

137 3911 209 3956 mm
228 3896 355 3966 borum,
374 3910 467 3968 quum
486 3894 553 3950 vitae
574 3891 666 3949 linem
683 3890 810 3952 fecisset
823 3890 939 3951 Mirabi·
979 3901 1038 3956 tate
1054 3901 1083 3956 et
1096 3897 1184 3955 laude
1196 3896 1317 3966 bellice,
1334 3911 1485 3954 sacrarum
1497 3896 1671 3954 Litterarum
1689 3895 1774 3952 sebo-
1794 3864 1908 3970 „fflffi

138 3993 210 4038 Μ
231 3978 445 4052 ffiffiflymum
458 3976 597 4048 Gt⁰80fl⁰
614 3974 794 4036 Νᾶῑῑῦῠῑθῐῑθ
808 3977 837 4033 01
849 3974 939 4048 Didi·
980 3979 1025 4040 las
1044 3985 1109 4040 tum
1128 3980 1215 4051 alibi,
1236 3985 1300 4038 tum
1322 3979 1437 4038 Parisiis
1451 3979 1545 4053 (adeo
1559 3984 1643 4036 vetus
1656 3979 1774 4037 estbmo
1787 3989 1812 4036 t.
1826 3987 1895 4046 sedp-

138 4077 208 4134 mo,
221 4061 414 4122 Ambrosium
427 4060 544 4132 Basilio,
557 4059 755 4131 augustinum
769 4057 938 4128 Ambrosio,
981 4065 1143 4134 academia,
1153 4079 1221 4138 qum
1231 4063 1412 4122 colomensis
1421 4067 1465 4120 est
1473 4066 1578 4132 meter,
1587 4062 1775 4124 Levaniensis
1811 4054 1877 4096 ω’·

138 4146 386 4218 Chrysestcmum
396 4143 538 4215 Eusebio,
551 4143 688 4218 abosum
701 4140 763 4200 ruis
777 4145 940 4215 brampto-
981 4148 1067 4221 evin)
1082 4147 1214 4204 instituit.
1228 4147 1304 4216 Quin
1318 4151 1347 4202 et
1359 4144 1481 4204 Carolus
1493 4144 1574 4218 ipse,
1591 4145 1776 4216 agichardus

138 4311 245 4382 Μὴ
269 4311 388 4370 ⁸0h0102
400 4323 551 4370 murtrum
565 4309 739 4368 [cistertium
753 4309 887 4368 eltutus?
899 4309 939 4368 Du
983 4316 1172 4386 ligentissime
1188 4312 1365 4371 emendavit.
1377 4313 1460 4370 Adeo
1473 4327 1544 4370 vero
1558 4311 1648 4372 sacris
1664 4311 1778 4372 Litteris

137 4395 339 4458 uexandum
348 4396 497 4465 enimmor
506 4395 665 4452 Doctorum
678 4395 706 4452 et
715 4393 876 4452 Prmsulum
886 4409 941 4468 pa·
985 4400 1101 4458 deditus
1113 4398 1183 4469 tuit,
1197 4401 1231 4454 ut
1243 4398 1286 4454 ais
1299 4396 1475 4454 immortuus
1487 4395 1534 4454 eit.
1548 4399 1657 4454 Auctor
1670 4400 1714 4454 est
1725 4399 1782 4456 Te·'
1825 4419 1832 4425 ·

137 4485 236 4551 mute,
258 4479 372 4541 nemini
394 4476 522 4536 dubium
539 4480 584 4538 est
604 4476 663 4536 rete
676 4475 787 4536 ceteris
801 4480 847 4534 sat
858 4476 940 4534 evin·
983 4499 1079 4557 genus
1092 4483 1123 4539 in
1140 4485 1205 4538 Vtro
1216 4481 1357 4550 indocte,
1368 4480 1508 4537 carolum
1521 4477 1578 4537 sub
1593 4478 1718 4549 obitum,
1728 4495 1779 4540 co-

139 4567 338 4626 cuntPntrmn
346 4564 578 4633 lucubrationes,
588 4576 658 4636 qum
666 4561 768 4622 multis
778 4565 940 4636 antequam
981 4571 1087 4625 renato
1107 4564 1284 4639 tquugreni
1296 4563 1446 4622 Ludovico
1459 4561 1538 4633 lilio,
1552 4566 1648 4621 totum
1662 4578 1693 4620 se
1708 4577 1777 4622 ore·

138 4649 302 4722 lbeelogia
321 4647 497 4708 sebclestica
516 4645 659 4708 methodo
681 4645 863 4715 mederetur,
886 4660 941 4704 see·
981 4648 1130 4719 tionibus,
1147 4647 1342 4723 eleemosynis
1361 4651 1389 4706 et
1411 4646 1501 4707 sacris
1518 4645 1629 4706 Litteris
1643 4645 1777 4718 dedisse,

140 4733 215 4792 calis
226 4731 405 4802 subereta,
417 4745 495 4806 pene
507 4729 541 4790 in
551 4730 613 4790 boc
632 4732 825 4801 argumento,
838 4727 872 4786 iu
882 4727 940 4789 hau
982 4733 1091 4792 scilicet
1099 4737 1227 4807 quatuor
1241 4730 1399 4804 Evangelia
1411 4730 1451 4790 ad
1463 4731 1559 4790 Grecos
1569 4733 1598 4788 et
1611 4729 1685 4802 Syru
1697 4745 1778 4802 egre-

140 4817 512 4878 unamaterisversantur.
982 4817 1029 4890 gie
1053 4816 1181 4876 correxit
1201 4831 1292 4888 agens
1311 4829 1388 4889 pene
1412 4813 1567 4873 animem:
1586 4813 1692 4872 merito
1704 4829 1778 4884 crgo

30 4911 132 4960 he
174 4903 518 4977 comtuminopoucltm
531 4901 646 4962 celebre
658 4899 940 4960 luitmonestcrium
983 4900 1080 4960 Caroli
1101 4900 1196 4958 codex
1214 4897 1351 4971 religioso
1372 4897 1566 4972 tumerent,
1579 4897 1688 4970 utipse
1700 4897 1777 4970 vidi,

38 4975 121 5083 ἦ
142 4988 226 5064 quod
238 4988 279 5048 ab
291 4993 430 5058 auctore,
450 4992 479 5044 et
497 5003 516 5045 a
536 5001 688 5046 sacrarum
701 4982 888 5056 Litterarum,
905 4997 940 5042 ac
983 4989 1166 5054 asservetur..

141 5073 207 5133 vos
219 5071 405 5146 perlecticris
413 5069 523 5142 studio,
534 5070 630 5130 Stadii
639 5081 750 5128 nomen
758 5068 883 5140 accepit,
892 5067 941 5126 cul
1019 5071 1114 5138 Quare
1128 5067 1213 5141 quod
1226 5066 1257 5124 in
1270 5067 1401 5126 Concilio
1417 5064 1600 5126 Lateruncnsl
1614 5065 1671 5124 sub
1691 5069 1779 5128 inno-

39 5155 260 5231 receptatus
272 5157 302 5214 S.
317 5155 399 5214 Plato
412 5171 422 5212 r
436 5159 504 5229 post
523 5170 615 5229 quem
628 5153 801 5214 Theodorus
812 5152 941 5224 studita,
983 5152 1079 5212 centio
1092 5153 1141 5223 lit,
1151 5152 1188 5211 de
1201 5151 1342 5210 cathedra
1355 5163 1506 5210 sacrarum
1523 5149 1697 5236 Litterarum
1710 5167 1777 5212 san-

1 5292 2 5298 ,
26 5229 200 5333 ἓῧῦεώ
218 5253 335 5300 annum
354 5237 472 5298 Domim
485 5239 554 5307 800,
565 5241 611 5296 tot
623 5235 736 5310 ingenii
748 5237 796 5295 sui
808 5240 838 5294 et
849 5235 942 5310 picta-
984 5236 1075 5294 citum
1089 5237 1145 5302 est,
1160 5249 1222 5295 nou
1235 5249 1329 5305 nova,
1341 5235 1395 5294 sed
1406 5237 1533 5292 veterem
1546 5232 1694 5292 innovans
1708 5250 1779 5294 con·

1 5322 3 5342 ³
144 5324 229 5394 u's,e
249 5324 344 5384 sacris
361 5322 476 5382 Litteris
496 5321 616 5395 reliquit
635 5324 846 5391 monumenta,
868 5335 940 5382 euos
984 5318 1170 5378 suetudinem
1183 5317 1367 5392 firmansque
1386 5317 1525 5377 babentia
1538 5321 1582 5376 est
1595 5318 1717 5376 sanctio.
1731 5317 1779 5376 Ni·

145 5405 306 5483 tlissipuLos
316 5405 941 5470 mrsutuummcnsohommmdesui-
984 5406 1110 5476 mirum,
1131 5400 1221 5462 simili
1240 5403 1302 5462 tam
1324 5400 1429 5462 nadab
1449 5399 1778 5476 emcprovidtrettrt·
