4088 6032
309 267 346 324 ³
823 285 1272 354 commentariensem,
1290 296 1352 343 ep.
1369 289 1393 347 rt

307 373 881 467 *nilmlltiontnetproduotionem
893 392 1083 463 desumant
1157 390 1360 465 tropologice,
1392 393 1543 469 tripliciter
1573 398 1810 473 ocnampitnde
1840 407 1910 463 sunt
1924 411 2033 486 temto-

308 468 406 533 none
424 465 586 542 bonores,
602 474 635 533 id
652 480 696 535 est
713 477 850 536 natabunt
867 475 982 546 mnndi,
995 475 1082 533 bitte·
1120 476 1265 532 matura.
1285 477 1393 544 ramo,
1406 478 1625 577 considerando
1642 483 1718 556 quid
1734 483 1793 542 sint
1805 500 1843 545 ex
1860 502 1907 558 se,
1922 479 2034 590 igsspucfft

307 537 386 604 litim
403 550 621 617 aeditualem
639 560 744 620 similia
759 577 824 636 quea
835 576 870 619 ex
886 562 967 617 lesus
979 563 1008 616 et
1019 559 1080 615 ibe·
1118 555 1258 615 nimirum
1271 557 1359 628 nihil,
1374 562 1446 636 quia
1465 578 1501 621 ex
1515 563 1610 622 mbrlo
1627 563 1711 623 factm
1728 571 1816 640 sunt,
1828 572 1858 628 et
1870 584 1907 629 ex
1918 600 2033 639 emtum-

308 623 405 690 chios
417 650 473 710 pro
486 653 518 697 se
531 640 600 700 citat
612 644 738 704 oleaster
762 645 803 703 nii
812 644 943 717 probant.
955 640 995 699 ibi
1003 639 1078 696 eninr
1117 653 1148 697 sc
1164 640 1197 697 in
1216 640 1279 699 dies
1297 647 1459 716 mutantur,
1472 649 1501 703 et
1518 647 1558 706 ad
1572 646 1699 707 nibilum
1712 650 1847 710 tendunt.
1862 652 1908 711 Se·
1919 666 1967 698 rum
1988 668 2032 702 eoa

309 710 379 772 ΜΝ
392 733 455 780 nott
468 723 618 798 diodero,
632 728 683 788 sed
697 686 839 787 snticidere
852 732 879 784 et
891 727 1028 782 dmnuere
1040 720 1076 778 ei·
1116 724 1212 795 mado,
1227 726 1444 786 considerando
1452 727 1528 803 quid
1537 729 1596 826 sint
1608 746 1646 789 ex
1657 731 1738 791 dono
1749 735 1887 831 creatoris
1895 778 1905 809 ,
1930 717 2022 824 ‘2ss22

309 798 441 870 mificat
453 809 586 869 ostentm
599 829 731 872 nnnmex
740 813 775 870 itt
786 811 922 883 motuni
930 803 1074 863 sononia
1115 806 1224 865 scilieet
1233 808 1331 880 bonae,
1342 811 1485 884 pulchro,
1494 811 1614 907 stabtles
1626 818 1655 872 et
1667 820 1793 889 aterna,
1806 821 1906 893 itaque

310 881 531 957 signififfijoms
544 894 591 967 (p),
1056 959 1058 963 ¹
1115 889 1229 963 opificis
1242 892 1289 950 sui
1306 893 1456 953 imitentur
1471 895 1667 956 stabilitatem.
1692 902 1797 968 Tertio,
1821 904 1906 976 quod

1114 974 1189 1031 liena
1203 975 1239 1033 iis
1250 981 1350 1035 ulatur
1364 978 1403 1036 ad
1416 979 1574 1038 bominum
1591 982 1774 1055 punitionem
1789 988 1818 1042 et
1830 1000 1906 1058 prae·

342 1044 380 1109 (¹)
393 1046 513 1113 &melem
526 1057 585 1110 rete
599 1047 679 1100 s0r¹11⁸
690 1045 754 1111 ΡΜ
763 1041 899 1109 pendae.
907 1037 972 1102 1²⁰⁶?
971 1053 985 1090 '
995 1039 1072 1104 ‘5⁸⁰¹'
1112 1058 1294 1119 mintionem.
1309 1063 1354 1120 Sie
1368 1064 1507 1122 eudimus
1528 1081 1649 1122 omnem
1662 1072 1827 1126 creaturam
1840 1070 1904 1128 heco

312 1114 385 1181 litai,
399 1120 441 1169 sed
452 1134 466 1170 e
477 1119 553 1169 sonna
568 1117 632 1180 pinel
649 1114 813 1180 primigeniam
821 1111 902 1190 'hujus
910 1107 978 1159 verbi
988 1113 1070 1190 notio·
1112 1142 1168 1199 tria
1180 1143 1267 1201 nobis
1281 1144 1488 1204 inclamantem
1505 1167 1513 1205 ἶ
1527 1149 1637 1219 Accipe,
1652 1151 1744 1221 redde,
1758 1153 1841 1223 mm
1855 1168 1904 1210 aa·

311 1199 369 1237 nem
383 1192 495 1254 colligere
513 1201 605 1238 necnee
620 1193 725 1237 nonest.
742 1185 802 1231 «De
818 1194 867 1242 tpsa
880 1193 904 1228 vt
923 1192 952 1228 ac
966 1187 1069 1233 notione

1131 1225 1136 1236 '
1313 1229 1319 1239 '
1525 1230 1659 1289 dbitum
1698 1232 1728 1289 in
1751 1250 1766 1291 e
1788 1252 1824 1291 su
1867 1237 1901 1294 li·

310 1249 1069 1384 restitissent-,ticetiarn:
1111 1226 1391 1371 tibitibi
1407 1230 1652 1386 illiniat,
1665 1249 1782 1374 titia
1797 1252 1902 1378 tiis

308 1401 376 1453 ticam
397 1414 478 1453 rernm
502 1396 640 1457 dationem,
658 1391 833 1454 dispositionem
852 1395 896 1437 aut
917 1389 1067 1442 ebboratio·
1110 1394 1223 1464 nentis,
1237 1400 1319 1452 tertio
1333 1398 1549 1455 comminantis.

308 1485 377 1535 nem,
392 1480 419 1523 nt
436 1468 524 1522 sentio
544 1466 639 1515 videtur
658 1459 848 1538 eminentiores
864 1457 916 1538 ¹¹5²ss
932 1461 1042 1539 scribens
1056 1478 1064 1513 ²
1144 1478 1214 1535 ilino
1231 1484 1310 1552 patet
1321 1484 1429 1550 primo,
1443 1498 1524 1539 error
1541 1484 1681 1540 Stratonis
1694 1487 1897 1560 Lampsaceni,
1916 1501 2017 1549 ratiost»

310 1540 409 1591 verbam
422 1548 481 1601 ti'iJ
494 1537 587 1586 ΜΟ
602 1532 684 1582 eadent
699 1530 800 1578 ’'mmm''
819 1531 999 1590 ⁸¹9n²fi⁰⁶m⁰²²⁶
1019 1546 1066 1593 qua
1107 1560 1161 1632 qui
1180 1563 1327 1620 mnndum
1342 1563 1507 1634 ingenitum
1525 1564 1630 1635 luisse,
1644 1572 1673 1623 et
1693 1575 1795 1641 suapte
1810 1571 1840 1627 vi
1858 1571 1897 1629 ab
1918 1565 2017 1620 Ph⁰f⁰¹¹¹

302 1598 1064 1737 &affigi{dfflgjjaffi{⁰¹l¹j¹ffi,⁵ffifflffffisgfffi
1107 1648 1216 1701 aeterno
1234 1645 1377 1702 exstitisse
1396 1647 1490 1703 linxit.
1514 1649 1653 1717 Secutido,
1667 1667 1749 1708 error
1769 1653 1896 1711 Platonis
1915 1640 2018 1733 ,ᾙξξῗζ

301 1749 412 1816 perspim
426 1746 552 1801 discrimen
566 1739 696 1792 necesaria
710 1736 766 1798 poni
777 1736 840 1786 inter
853 1749 882 1786 aa
894 1740 977 1788 rerba.
992 1742 1064 1792 cese·
1106 1730 1135 1782 et
1148 1727 1321 1822 Stoicorum,
1337 1730 1498 1788 dicentium
1509 1733 1657 1826 mundum
1670 1750 1689 1790 a
1702 1737 1760 1791 lieo
1775 1737 1896 1830 quidem
1940 1752 1990 1792 tur.

299 1814 551 1885 musane,quamria
562 1819 588 1863 et
600 1811 650 1874 ipsc
660 1806 782 1884 existimet
797 1808 899 1857 cereum
913 1819 975 1889 aar:
989 1824 1063 1874 syno-
1104 1807 1194 1902 iuisse
1211 1812 1381 1906 conditum,
1395 1814 1447 1870 sed
1464 1828 1501 1908 ex
1519 1818 1640 1910 materia
1656 1821 1764 1876 telerna
1775 1823 1803 1876 et
1815 1835 1898 1891 tuge-

298 1905 400 1960 nynnm
422 1902 469 1943 ese
487 1885 612 1936 verborum
631 1877 777 1945 nbbsetib
791 1883 874 1937 Μ’
887 1878 975 1942 fincte,
994 1882 1063 1945 ilii(l
1105 1895 1178 1962 nrta3
1199 1909 1271 1966 quta
1292 1895 1354 1952 ltaee
1374 1899 1496 1955 materta
1518 1903 1592 1956 esset
1613 1904 1756 1970 increata,
1777 1904 1896 1977 [leoque

297 1948 1062 2040 ,qmdemdfflgo„warnaeparaetacenenputo,
1104 1980 1262 2043 coaeterna,
1284 1994 1319 2035 ae
1343 1985 1556 2052 consequenter
1577 1987 1652 2040 esset
1669 1984 1732 2057 ipse
1754 1987 1844 2058 Deus,
1863 1992 1897 2046 ut

297 2029 492 2099 qmtenmetiam
500 2034 579 2073 creare
588 2026 622 2067 est
631 2015 722 2078 aliquid
732 2017 824 2079 facem,
833 2018 964 2069 tltscrtnten
976 2029 1061 2074 temen

295 2096 535 2157 inormemeeetlem
548 2090 589 2141 iila
602 2087 724 2139 locutione
734 2087 873 2147 confirmet,
889 2101 965 2152 qnam
974 2091 1010 2141 ita
1019 2105 1060 2142 ex.

312 2177 368 2229 tima
378 2189 384 2202 ·
396 2159 634 2225 stadaritscct'endo,
643 2156 670 2206 td
678 2157 724 2214 est,
731 2157 793 2219 lecit
801 2158 859 2205 aevi
869 2159 990 2238 quiddam
1001 2176 1060 2224 pra.

294 2191 408 2297 ticonio.
419 2242 519 2298 Insuper,
528 2227 591 2292 cuod
602 2227 705 2276 verbum
718 2234 780 2286 ptr:
790 2239 820 2275 ea
828 2226 910 2276 forma
922 2230 1059 2295 stgntiicet,

292 2317 335 2369 nni
350 2316 398 2366 [teo
411 2307 482 2360 tribui
495 2298 677 2360 ascriptoribus
689 2295 779 2358 sacris,
796 2304 822 2346 et
839 2304 900 2348 tuuc
913 2302 995 2350 solum
1010 2302 1059 2382 boe

292 2388 390 2439 verbnm
399 2374 517 2435 adbiberi,
527 2380 603 2432 quum
613 2366 658 2417 Del
672 2377 747 2428 opere
756 2376 1058 2434 commemorantnr‚a1va

289 2473 317 2509 ea
341 2467 394 2520 qun
405 2452 434 2500 de
448 2444 522 2495 nihilo
532 2437 650 2502 producta
658 2474 666 2500 ,
680 2436 769 2486 saitem
782 2439 865 2501 quoad
878 2440 1057 2522 ipsorumnma.

288 2495 370 2578 teritm
394 2531 447 2571 vere
456 2513 502 2565 dici
511 2513 619 2575 possunt,
630 2512 659 2555 ut
667 2514 724 2556 sunt
735 2507 835 2571 coelum,
846 2514 923 2572 terra,
933 2509 1056 2579 hommes,

286 2561 426 2650 consitio,
444 2585 494 2635 titt
511 2576 635 2642 prodicit,
654 2575 799 2628 futurorum
819 2580 1010 2645 praedictiones,
1026 2595 1057 2636 aa

284 2663 421 2720 molimine
431 2652 540 2719 quedam
554 2645 689 2707 beneficiat
709 2645 816 2711 ideoque
828 2661 878 2700 non
889 2650 965 2702 aliam
978 2654 1055 2704 verbo
1127 2696 1132 2708 .

284 2736 339 2789 huic
349 2731 471 2784 notionem
483 2720 578 2770 subesse
584 2754 592 2780 ‚
604 2715 651 2765 nisi
662 2715 788 2771 actionem
800 2718 911 2780 alienam
925 2721 999 2772 unius
1009 2723 1055 2776 Dei

298 2820 323 2857 ro
340 2803 407 2853 riam.
423 2796 539 2844 Praeterea
552 2798 679 2848 nunqnam
697 2799 788 2836 nomen
805 2786 906 2851 aliquod
921 2791 1053 2844 materiem

281 2823 297 2929 3
325 2819 339 2869 p
386 2858 401 2917 ‘s
418 2854 1052 2924 erquestiquitiiactumsii‚huicverboantrorum

281 2959 328 2999 m
351 2905 413 3003 quoi
426 2940 505 2983 tamen
519 2923 619 2975 additur
636 2925 718 2973 verbis
733 2934 801 2995 nmo
814 2928 892 2989 feeit,
906 2938 957 2990 ngr
980 2934 1053 2996 effic·

279 2982 386 3075 parsque
399 3000 556 3055 confirmetur
566 3002 627 3056 tm
643 3005 801 3058 nequaquam
813 2998 880 3049 itletn
896 3013 947 3051 esse
964 3015 993 3052 ec
1005 3006 1053 3067 titt·

293 3052 382 3136 aileu
395 3071 516 3136 effingere.
533 3064 662 3122 Quantum
675 3076 762 3118 autem
775 3084 806 3121 ex
824 3073 987 3124 consideratis
999 3090 1053 3128 om·

276 3105 345 3209 iisne
362 3146 540 3207 scripturarum
553 3148 683 3188 sacrarum
695 3140 835 3205 capitibus,
851 3143 878 3193 in
892 3144 984 3208 quibus
998 3161 1053 3197 ver·

275 3232 332 3279 hum
345 3215 405 3272 istud
418 3213 497 3261 forma
510 3205 707 3272 reinsumatur,
721 3212 845 3274 conjicere
858 3222 908 3278 est,
921 3229 972 3266 non
986 3219 1051 3268 male

274 3300 303 3348 d,
317 3294 367 3356 ejus
382 3276 558 3348 significatione
580 3278 681 3328 sensisse
695 3279 795 3330 dicendi
808 3291 866 3332 sunt
885 3286 1004 3337 cesonins
1024 3294 1051 3338 et

273 3361 406 3418 ilocberusd
418 3352 496 3415 placet
508 3346 576 3397 enim
590 3359 619 3397 nc
630 3351 722 3414 juvat,
736 3351 763 3401 in
777 3350 921 3415 httjttsmotii
936 3359 1052 3421 quastio-

252 3424 260 3442 ⁸
271 3438 340 3489 nibus
348 3419 536 3479 protestantium
545 3419 715 3469 recentiorum
725 3424 861 3484 presertim
870 3428 1048 3480 anctoritatem

270 3514 361 3569 ωηο,
381 3490 496 3544 Gescnius
518 3487 621 3550 quidem
641 3488 694 3542 haec
707 3493 795 3543 scribit
809 3510 816 3543 z
832 3496 873 3545 En
887 3497 960 3546 modo
972 3498 1048 3550 dictis

268 3571 359 3628 ample
369 3559 496 3629 apparebit
508 3558 580 3623 liujus
589 3557 658 3609 verbi
669 3574 740 3610 usum
754 3564 780 3612 t'tt
791 3562 834 3613 bel
843 3579 858 3614 a
866 3566 1047 3631 significatione

296 3639 394 3695 intarta,
407 3644 481 3698 quam
498 3643 528 3679 er
544 3629 644 3680 araitica
657 3630 744 3695 lingua
756 3640 782 3683 et
807 3648 837 3683 en
859 3635 941 3687 locuta
960 3637 1047 3706 pibel,

266 3661 326 3767 aare
338 3715 434 3765 tamen,
449 3707 477 3751 ut
490 3700 586 3750 dictum
599 3707 636 3750 est
647 3738 654 3762 ,
667 3708 779 3765 repetere
794 3704 874 3755 solent
886 3709 1046 3776 recentiores,

1103 2062 1179 2115 recte
1198 2060 1300 2130 objicit
1318 2064 1491 2134 Hermogeni
1508 2066 1713 2126 Tertullianus.
1729 2071 1836 2140 Tertio,
1851 2087 1896 2131 er·

1102 2155 1153 2197 ror
1173 2144 1442 2217 Peripateticorum,
1457 2150 1649 2207 asserentium
1663 2155 1753 2212 ileum
1768 2170 1829 2212 non
1842 2172 1895 2214 vo·

1102 2223 1228 2295 lentate,
1242 2244 1295 2284 nco
1309 2228 1414 2300 libere,
1429 2232 1482 2288 sed
1496 2247 1531 2288 ex
1545 2239 1658 2291 naturae
1670 2239 1839 2296 necessitate
1854 2242 1894 2298 ab

1100 2312 1209 2366 aelcrno
1224 2325 1336 2369 creasse
1350 2315 1508 2372 mundum.
1528 2317 1650 2386 Quarto,
1665 2336 1747 2378 error
1761 2324 1892 2396 Epicuri,

1100 2390 1232 2449 docentis
1243 2396 1391 2453 muntium
1405 2397 1526 2459 iortttita
1543 2405 1712 2461 atomorum
1725 2406 1851 2466 coitione
1864 2413 1894 2469 et

1100 2474 1307 2545 conjunctione
1321 2495 1384 2537 esse
1394 2483 1585 2554 productum.

1135 2559 1561 2637 Praelaresangustinus,lib.
1571 2572 1602 2626 iil
1610 2573 1649 2628 lte
1657 2572 1825 2650 Ciott.‚cep.
1837 2593 1891 2638 tut

1096 2697 1187 2761 spiritu
1203 2706 1333 2768 cettstaut,
1352 2709 1382 2755 ut
1393 2714 1453 2757 sunt
1468 2708 1600 2777 homines,
1620 2720 1666 2778 et,
1677 2727 1733 2778 quae
1751 2717 1892 2772 multorum

1096 2768 1220 2819 sententia
1234 2779 1284 2828 est.
1300 2773 1378 2823 etiam
1399 2777 1534 2843 animalia,
1549 2781 1580 2831 tie
1596 2783 1674 2835 nihilo
1692 2785 1813 2848 producta
1832 2802 1891 2841 rere

1096 2839 1200 2888 ornaino
1225 2840 1276 2891 dici
1295 2857 1302 2891 :
1321 2844 1413 2896 norum
1435 2848 1529 2914 qnippe
1550 2853 1660 2904 nobilior
1682 2869 1739 2919 pars
1757 2871 1786 2908 ac
1808 2860 1891 2922 potior

1096 2910 1245 2960 attenditur.
1261 2912 1308 2962 Ubi
1322 2916 1436 2981 prodigia
1448 2932 1464 2970 a
1476 2921 1528 2971 Deo
1547 2929 1648 2985 patrata
1665 2926 1818 2992 retentetur,
1834 2944 1890 2982 ter·

1095 2978 1158 3030 bum
1181 2979 1244 3030 iliud
1267 2986 1399 3050 usurpari,
1420 2989 1481 3052 quia
1505 2990 1558 3043 haeo
1567 3029 1576 3058 ,
1594 3001 1623 3044 ut
1640 2995 1728 3048 scribit
1746 2999 1888 3067 Kocherus,

1096 3064 1109 3094 tt
1125 3062 1168 3112 per
1181 3051 1391 3116 omnipotentiam
1406 3058 1451 3109 liei
1463 3062 1534 3124 quasi
1548 3063 1650 3115 anihilo
1663 3066 1814 3120 mirabiliter
1824 3071 1889 3123 eris·

1094 3125 1167 3182 tnnt;
1182 3135 1196 3166 n
1211 3120 1263 3172 sive
1284 3124 1344 3186 qnia
1366 3128 1431 3178 Deus
1449 3130 1475 3179 in
1497 3130 1535 3181 his
1554 3135 1698 3201 patrandis,
1717 3137 1785 3188 illam
1807 3139 1888 3204 ipsam

1094 3191 1186 3239 exserit
1199 3195 1355 3259 potentiam,
1365 3210 1442 3260 quam
1456 3199 1482 3249 in
1493 3203 1568 3253 rebus
1578 3205 1609 3255 de
1619 3205 1697 3256 nihilo
1713 3209 1886 3276 producendis,

1094 3258 1171 3322 inque
1189 3262 1285 3325 legibus
1306 3273 1402 3318 naturae
1418 3282 1503 3321 rerum
1525 3276 1721 3334 contemnendis,
1737 3280 1829 3342 quibus
1843 3297 1888 3346 per

1093 3329 1208 3394 prodigia
1219 3335 1271 3383 buc
1282 3336 1427 3404 abrogatur,
1435 3344 1574 3395 exserebat.
1586 3347 1699 3412 Denique
1710 3348 1757 3400 boc
1768 3352 1886 3415 verbnm,

1092 3399 1158 3451 sicut
1181 3408 1271 3454 cratera
1295 3409 1398 3474 otttnia,
1418 3411 1446 3461 in
1458 3413 1574 3478 figuratis
1596 3417 1763 3471 locutionibus
1778 3424 1885 3475 subinde

1092 3471 1223 3535 adbiberi,
1238 3481 1268 3525 nt
1282 3485 1318 3527 est
1333 3478 1395 3530 iilud
1408 3483 1450 3532 Ps.
1466 3496 1510 3534 tt:
1527 3488 1600 3538 acor
1613 3490 1736 3540 mundum
1751 3503 1812 3554 m
1828 3510 1886 3546 erra

1091 3567 1119 3618 in
1131 3583 1173 3620 me
1187 3570 1252 3621 Deus
1260 3589 1269 3635 3
1281 3590 1293 3620 a
1306 3575 1362 3638 quis
1374 3577 1443 3629 enim
1457 3593 1507 3632 nou
1523 3583 1604 3635 videat
1621 3588 1765 3640 translatam
1778 3570 1819 3641 bic
1831 3605 1884 3645 arse

1091 3639 1262 3705 locutionem,
1281 3651 1357 3707 atque
1382 3651 1506 3710 poeticam
1528 3653 1684 3720 imaginem,
1704 3673 1760 3721 aitte
1778 3662 1883 3724 qttitletn

1091 3723 1191 3759 omnem
1215 3725 1287 3762 sunm
1310 3717 1363 3766 sim
1380 3719 1522 3786 detundant,
1543 3724 1563 3773 si
1585 3729 1662 3777 verbo
1683 3739 1745 3791 m
1765 3731 1836 3782 notio
1849 3734 1882 3787 sit

263 3793 361 3851 prorem
370 3775 496 3824 diversam
507 3784 573 3833 esse,
590 3771 663 3831 ideae
675 3773 755 3836 tncpis
768 3773 800 3823 do
813 3789 877 3825 nova
890 3779 930 3827 rei
937 3780 1046 3842 paredus·
1090 3793 1183 3839 creare,
1193 3781 1240 3832 boc
1250 3791 1297 3847 est,
1311 3788 1449 3848 praelucere
1461 3792 1493 3840 de
1504 3795 1593 3844 ct‘la'lo.
1605 3801 1686 3861 Atque
1695 3800 1727 3849 ati
1736 3801 1881 3864 hujusmodi

264 3857 324 3905 Μ,
350 3857 424 3911 quam
436 3842 468 3892 de
481 3843 676 3902 coteformab'cne
691 3847 716 3890 el
732 3843 899 3896 elaboratione
914 3850 1045 3911 materia,
1090 3849 1208 3912 figttretns
1231 3854 1367 3906 tentationes
1385 3863 1514 3914 reserenda
1529 3872 1588 3916 sunt
1605 3880 1645 3929 ea,
1664 3882 1720 3932 quae
1735 3873 1798 3921 sacri
1812 3880 1882 3925 vatos

263 3886 402 3984 Μαίης
413 3927 473 3963 esse,
484 3911 601 3962 Thesanr.
618 3912 736 3976 philolog.
746 3914 803 3964 crit.
817 3916 863 3965 sub
877 3917 960 3969 radica
970 3928 1043 3981 pm,
1089 3922 1120 3970 de
1131 3923 1228 3985 tttngnis
1237 3926 1386 3988 quibusdam
1398 3945 1482 3983 rerunt
1491 3935 1696 3990 innovationibus
1708 3941 1767 3991 oiim
1786 3943 1881 3996 tuturis

261 3991 379 4046 Kocberns
391 3996 469 4033 reto:
486 3981 592 4032 Verbum
607 3990 669 4043 κῃ
684 3982 716 4032 de
732 3984 795 4045 illis,
809 3999 864 4048 aaa
876 4001 923 4052 pet·
935 3993 1045 4053 omnipo·
1060 4039 1064 4049 ,
1087 3998 1208 4055 tanqnatn
1223 3996 1253 4045 de
1270 4011 1334 4050 nova
1351 4004 1477 4054 creatione
1493 4019 1620 4071 cecinere,
1639 4011 1677 4059 Pt.
1696 4023 1743 4075 ctt,
1761 4020 1806 4078 193
1818 4019 1877 4068 trec

260 4061 356 4115 tentiam
367 4055 414 4105 Dei
425 4054 497 4118 quasi
510 4066 523 4101 e
535 4051 615 4101 ailn'le
630 4053 782 4104 att'rabt'lt‘ter
795 4057 915 4122 aelstani,
929 4060 1046 4111 aditidert·
1087 4077 1156 4122 xant,
1170 4069 1197 4129 i,
1212 4080 1278 4135 cxv,
1288 4074 1317 4119 li
1325 4108 1333 4133 ,
1348 4076 1386 4122 ts.

257 4131 324 4182 edet.
333 4128 365 4176 At
377 4125 398 4174 si
411 4123 516 4173 veritum
531 4131 594 4184 m:
607 4123 638 4172 de
652 4136 703 4173 uno
718 4125 769 4176 liat)
783 4127 886 4192 dicitur,
897 4135 923 4179 et
937 4131 1043 4192 produc·
1117 4136 1177 4194 Quin
1192 4151 1250 4189 vero
1266 4139 1319 4191 sive
1333 4156 1364 4192 cr
1377 4145 1460 4196 verbis
1473 4149 1542 4208 κτίζω
1555 4157 1582 4201 et
1595 4156 1675 4219 acie,
1691 4154 1783 4218 quibus
1798 4158 1879 4210 Graeci

258 4202 348 4252 nonem
367 4191 508 4256 significat,
519 4192 573 4255 jam
587 4192 652 4244 ratio
666 4202 716 4257 est,
732 4210 777 4246 cur
791 4199 891 4249 dicatur
904 4201 958 4264 eius
970 4201 1042 4252 notio
1086 4204 1222 4258 bibliorum
1236 4211 1370 4274 scriptores
1382 4223 1426 4265 aut
1445 4216 1595 4282 intepretes
1610 4223 1648 4272 nsi
1663 4231 1722 4275 sunt
1739 4238 1784 4290 pro
1800 4229 1878 4280 verbo

257 4281 305 4322 aare
318 4261 462 4330 productio,
477 4276 554 4324 quem
572 4276 637 4314 unns
655 4266 721 4316 Deus
738 4266 820 4317 iacere
838 4277 934 4334 potest,
949 4270 975 4320 id
989 4280 1039 4335 est,
1088 4286 1160 4345 nnn,
1175 4278 1226 4330 site
1245 4293 1276 4330 er
1295 4284 1371 4333 uerbo
1397 4285 1472 4337 latino
1496 4304 1595 4352 creare,
1617 4300 1705 4345 eontra
1725 4297 1877 4350 sententiam

256 4352 303 4404 qua
318 4338 347 4386 de
364 4332 442 4384 nihilo
453 4332 550 4394 aliquid
564 4340 642 4384 creat.
657 4335 704 4385 Cui
719 4338 770 4400 rei,
786 4338 832 4389 nisi
847 4340 1040 4405 confirmanda,
1084 4356 1195 4398 tttostram
1205 4351 1310 4413 proferri
1320 4355 1409 4416 stoloni,
1420 4366 1464 4407 aut
1480 4367 1658 4422 possunt,non
1669 4372 1707 4416 est
1722 4379 1768 4417 cur
1783 4379 1812 4418 ea
1824 4382 1879 4420 mo·

253 4403 402 4462 illustranda
412 4403 747 4470 saltemilludiacit,quod
763 4421 842 4470 qnam
857 4412 961 4461 terbum
978 4420 1040 4474 erin
1084 4432 1178 4471 remur.
1205 4423 1273 4472 Ultro
1297 4425 1365 4474 enim
1387 4428 1488 4489 damus.
1509 4433 1594 4484 neutri
1614 4434 1705 4487 barum
1726 4440 1875 4505 verborum,

252 4477 373 4538 amnique
383 4485 462 4523 unum
474 4472 595 4524 aliudaut
608 4476 680 4538 plura
693 4478 768 4527 rerba
779 4479 805 4527 in
816 4480 903 4530 eatletn
917 4484 1041 4535 mntetttia
1083 4490 1171 4540 saltem
1186 4504 1217 4542 ex
1228 4506 1273 4543 sua
1287 4494 1383 4558 origine
1396 4512 1452 4548 eam
1464 4502 1563 4553 subeam
1576 4505 1706 4557 notionem
1719 4521 1796 4571 quant
1807 4510 1877 4564 adse

252 4548 449 4611 conjunguntur,
472 4557 529 4606 qum
554 4546 727 4608 operationem
750 4549 861 4612 aliquam
893 4552 1038 4618 designent,
1082 4559 1163 4610 rimus
1173 4564 1248 4612 verbo
1264 4574 1342 4634 prm
1353 4580 1382 4617 ea
1394 4573 1479 4619 tamen
1491 4586 1535 4634 pro
1548 4573 1595 4624 boc
1608 4576 1682 4625 verbo
1696 4578 1795 4629 reddita
1805 4588 1876 4646 sunt,

252 4626 312 4680 pm
325 4614 407 4679 primo
418 4613 530 4677 ponitur,
543 4614 621 4677 inque
635 4616 803 4681 historiaipsa
815 4620 956 4686 creationis,
966 4625 1039 4674 adeo·
1083 4630 1143 4692 qaia
1159 4635 1339 4694 opportuniora
1353 4649 1398 4686 nec
1410 4639 1490 4689 Graeci
1501 4642 1593 4693 bullont
1610 4658 1655 4695 nec
1670 4646 1760 4698 Latini.

251 4700 298 4752 qne
312 4685 365 4749 ipso
385 4685 440 4746 elus
456 4684 546 4747 initio,
566 4685 611 4736 ubi
627 4686 740 4749 primum
763 4689 808 4740 liei
831 4704 893 4754 opus
913 4702 1037 4757 narratur,
1113 4701 1231 4751 Notuinm
1244 4704 1361 4756 claudant
1373 4707 1426 4758 haec
1439 4711 1537 4762 Gesenii
1549 4715 1637 4775 rerba,
1656 4714 1716 4766 ibid.
1727 4733 1737 4766 .·
1750 4733 1765 4765 c
1777 4721 1807 4770 ln
1825 4720 1877 4773 dis·

249 4757 353 4809 verbum
371 4753 433 4803 illud
447 4754 590 4805 adhibitum
608 4762 660 4819 est,
674 4758 765 4809 exinde
781 4773 840 4810 rere
854 4761 903 4812 alin
927 4766 1010 4816 verba.
1022 4782 1036 4813 n
1082 4772 1212 4832 pretatione
1226 4773 1395 4827 detractione
1410 4792 1442 4828 ex
1454 4781 1533 4831 nihilo
1548 4796 1562 4832 a
1575 4786 1702 4837 nonatullis
1713 4787 1744 4837 ed
1758 4796 1875 4844 nostrum

276 4826 446 4887 Quacumque
466 4830 552 4875 antem
575 4839 607 4876 ex
627 4827 763 4890 scripturis
783 4830 932 4896 deprompta
951 4845 1039 4889 contra
1081 4840 1160 4890 etiam
1176 4844 1326 4895 vtrcabuitttn
1342 4857 1505 4909 provocatum
1524 4859 1574 4915 est,
1594 4857 1664 4917 quan
1686 4859 1726 4908 val
1739 4871 1769 4908 ex
1785 4868 1875 4926 etymo

247 4894 470 4958 banchujusverbi
480 4895 638 4947 notationem
648 4899 730 4960 regeri
741 4909 856 4962 possunt,
866 4905 939 4955 facile
948 4906 1037 4971 diluas,
1081 4919 1107 4961 et
1121 4913 1221 4977 propria
1238 4914 1420 4978 dgnidcatiene
1437 4923 1492 4984 ejus
1507 4923 1591 4988 colligi
1602 4926 1691 4991 possit,
1705 4942 1756 4981 non
1766 4935 1874 4985 creatio-

247 4967 290 5017 nbi
302 4965 356 5015 hece
368 4966 492 5015 attendas.
509 4967 556 5017 lies
564 5005 573 5032 ‚
589 4981 645 5032 quna
666 4969 697 5019 tie
716 4972 821 5022 materia
840 4976 1037 5040 conditamque
1081 4994 1138 5031 uetat
1154 4996 1186 5032 ex
1200 4985 1277 5036 nihilo
1288 5022 1295 5043 ‚
1305 4987 1347 5038 sed
1366 4997 1466 5043 aeternae
1482 4994 1593 5046 materiae
1606 4997 1831 5053 coniormationem
1845 5004 1874 5057 in

245 5037 334 5087 efficta
346 5047 362 5085 e
374 5035 426 5086 Deo
439 5036 493 5099 ipso
507 5044 566 5088 sunt
574 5076 583 5102 ,
604 5039 625 5089 ai
647 5039 724 5103 ipsius
737 5043 862 5108 materiae,
873 5059 904 5095 ex
918 5060 968 5108 atta
979 5061 1037 5097 con-
1080 5051 1162 5114 primo
1184 5054 1306 5108 Geneseos
1326 5071 1379 5122 cap.
1400 5062 1522 5113 doceri...
1543 5065 1627 5117 Primo
1648 5075 1734 5119 antem
1750 5071 1874 5128 Geneseos

245 5111 320 5168 stant,
331 5107 456 5156 rationem
468 5107 568 5165 babeas,
579 5114 668 5172 utpote
682 5110 713 5160 de
722 5111 800 5162 nibilo
810 5127 824 5163 a
833 5115 884 5165 Deo
897 5118 1035 5184 productae,
1079 5132 1204 5175 cotumate
1215 5126 1321 5190 primam
1332 5131 1421 5181 mnndi
1432 5133 1535 5198 ejusque
1549 5137 1618 5187 rudis
1627 5138 1795 5205 indigestione
1802 5157 1873 5196 cren

244 5183 271 5226 ot
284 5176 350 5240 ipsas
361 5191 377 5228 a
389 5178 441 5228 Deo
455 5179 588 5241 productas
601 5182 633 5231 tie
646 5181 725 5233 nihilo
739 5184 789 5234 dici
803 5199 872 5248 posse
880 5224 888 5250 ,
905 5195 966 5249 puta
982 5204 1036 5240 cor·
1080 5193 1172 5244 tionem
1189 5210 1222 5246 ee
1233 5197 1329 5258 attilo,
1342 5201 1440 5265 reliqua
1457 5206 1533 5268 primi
1543 5219 1596 5271 cap.
1610 5217 1680 5272 parte
1696 5212 1771 5263 molis
1783 5226 1873 5270 recem

245 5260 305 5308 pora
321 5247 448 5311 caelestia,
468 5255 595 5299 terrarum
607 5251 709 5316 orbem,
724 5254 858 5319 animalia,
874 5259 970 5320 plantas
992 5260 1036 5312 bo·
1078 5272 1169 5316 creata
1180 5266 1372 5320 elaborationem
1384 5276 1491 5339 exponi,
1507 5276 1534 5327 iti
1545 5290 1630 5329 rerum
1645 5280 1674 5332 in
1685 5289 1740 5334 tote
1753 5284 1800 5335 bae
1812 5299 1870 5342 ree-

244 5315 373 5382 tnineaque
386 5318 464 5381 ipsos,
479 5320 574 5382 utiam
594 5320 692 5371 dictum
705 5325 827 5382 est‘Quae
844 5341 874 5376 ert
889 5330 1034 5382 materiaet
1080 5334 1148 5387 tione
1162 5350 1241 5390 nexus
1256 5340 1385 5403 perspicue
1400 5343 1513 5401 docete
1585 5405 1588 5409 ¹
