4264 6038
760 353 1001 410 conueniente
1018 355 1052 411 itt
1070 355 1230 429 sibilastis,
1248 373 1311 421 w.
1330 361 1363 421 Χ.
1826 369 1880 428 ibi

126 449 236 506 umere.
249 441 299 498 tm·
315 439 453 501 hebraice
467 445 602 512 neema,
616 448 647 506 ici
661 463 693 506 ee
705 452 828 518 retritis,
840 454 911 526 quia
927 457 1042 525 primas
1085 461 1231 532 nepiacite
1244 463 1440 522 introductam
1452 509 1460 536 ,
1474 471 1601 539 cogeret.
1621 470 1727 538 steila,
1740 469 1880 532 lieieirier

126 513 237 618 {boniti
249 525 297 580 iric
311 524 364 582 luit
379 528 538 600 tyrannus,
552 533 604 604 qui
617 532 692 588 elles
710 538 855 606 oppressit
868 542 897 593 et
910 537 966 593 sibi
982 553 1041 595 scn-
1084 543 1190 612 Canus,
1201 545 1253 602 lib.
1267 549 1285 602 li
1298 551 1336 604 lle
1346 551 1506 624 torteenp.
1518 567 1566 619 xv,
1584 569 1703 611 ecorum
1717 557 1876 626 Bomino‚r

137 605 236 690 prirnns'
249 608 310 663 vire
323 609 434 679 coegit,
448 611 561 683 luitque
577 613 623 668 liei
637 620 830 688 contemptor.
847 623 887 676 iia
899 620 928 676 S.
942 621 1041 680 liiero-
1082 623 1168 682 idest
1183 628 1240 684 sub
1253 629 1318 696 dio,
1334 647 1361 702 p.
1377 632 1406 687 el.
1422 634 1548 689 Nenrrcd
1567 636 1702 692 homines
1714 640 1799 710 qrrusi
1813 641 1879 697 bes·

127 700 234 751 nuere·
248 703 372 761 nynrus,
387 695 549 764 tosepbus,
565 695 703 752 alcuinus
717 704 745 755 et
759 701 806 756 ulii
822 701 870 772 (Ι).
1082 707 1137 764 iias
1158 725 1314 782 peragras
1332 714 1480 786 palantes,
1498 717 1554 771 sub
1576 717 1627 774 dio
1647 719 1822 791 venabatur,
1841 737 1877 782 ae

135 765 226 804 Μ·
283 772 342 826 ires
364 787 462 830 eostur
483 789 547 832 esse
567 792 671 835 rorans
694 795 723 836 ru
745 795 846 838 renna.
866 813 903 827 -
920 785 1038 856 Septua-
1082 790 1138 845 sab
1157 796 1231 850 tecla
1253 800 1282 850 et
1302 796 1331 851 in
1351 797 1467 854 civilem
1486 800 1652 856 societatem
1672 806 1875 864 contrahebat.

158 879 165 891 .
247 851 328 922 ginta
343 861 476 926 vertunt,
491 863 544 914 tote
560 867 619 916 erat
632 867 727 932 papae,
747 865 855 922 scilieet
874 870 937 923 tuna
958 867 1036 925 uncie
1081 871 1187 930 Verum
1207 876 1293 946 juxta
1315 878 1369 934 hus
1393 881 1604 952 expositiones,
1626 886 1753 942 liernred
1775 886 1877 946 luisset

246 938 399 1009 ⁰0¹'tt0llsss
413 945 478 997 illm
491 942 613 1011 1'0b01’02
629 945 843 1013 inmunditiis,
858 951 922 1004 iiim
935 963 1036 1019 super·
1080 956 1212 1026 prudeus
1225 962 1252 1015 et
1265 959 1433 1018 laudandus
1447 964 1598 1036 princeps3
1610 967 1672 1036 jam
1692 973 1789 1026 autem
1802 985 1875 1028 con·

246 1015 297 1074 bia
309 1024 338 1076 et
348 1022 535 1093 crudelitate,
550 1026 647 1099 inquii
666 1029 694 1084 S.
712 1030 901 1098 argentinus.
917 1031 1037 1088 Videtur
1079 1041 1135 1093 stat
1147 1037 1232 1096 illurn
1249 1039 1338 1099 luisse
1357 1042 1483 1120 impium
1497 1051 1525 1102 et
1539 1055 1707 1119 tyrannum,
1723 1051 1831 1128 usique
1844 1057 1874 1112 ei

246 1115 316 1169 ergo
329 1105 456 1162 Nemrod
469 1105 557 1164 luisse
571 1109 685 1180 primus
698 1114 767 1182 posi
779 1112 926 1168 diluvium
941 1113 1033 1183 gigas.
1078 1120 1228 1191 religionis
1242 1130 1348 1183 sancite
1365 1133 1607 1201 contemptorem.

245 1181 373 1241 Rursum
391 1184 446 1243 fuit
462 1189 525 1260 ipse
545 1197 651 1265 petens
670 1192 780 1265 opibus
794 1197 824 1250 et
844 1196 1035 1265 usurpatione
1113 1206 1159 1261 to.
1177 1207 1244 1263 l'urr
1258 1223 1352 1265 auran
1370 1223 1533 1269 rarncrrruu
1547 1227 1631 1271 neenr
1647 1231 1712 1274 erue
1729 1220 1870 1278 Bennett.
1884 1233 1944 1280 vae
1955 1241 1989 1282 co.

246 1262 383 1334 dominer
396 1271 484 1344 coepit
496 1272 735 1344 enimtyrunniee
745 1275 880 1333 homines
894 1276 951 1332 sibi
964 1275 1035 1334 sub-
1077 1313 1113 1328 -
1127 1287 1197 1343 iliae
1217 1295 1320 1346 notant
1334 1294 1445 1364 passim
1467 1295 1637 1368 interpretes
1652 1301 1779 1360 liemred
1791 1304 1871 1360 hune
1898 1296 1990 1366 nemeae

246 1345 323 1404 dere.
343 1351 456 1407 Primus
477 1369 548 1424 ergo
567 1355 599 1410 iu
619 1355 692 1412 orbe
712 1357 849 1430 princeps
866 1363 895 1414 et
911 1374 963 1415 rex
980 1357 1035 1416 iuli
1076 1365 1176 1438 fuisse,
1188 1371 1235 1427 vel
1248 1377 1472 1444 antecessorem,
1484 1381 1528 1444 ct,
1541 1383 1573 1433 ut
1585 1381 1708 1438 Berosus
1719 1386 1870 1443 Annianus
1883 1355 1989 1474 1¹:ssprss

244 1429 384 1501 lietured,
400 1434 483 1508 isque
498 1441 657 1510 tyrannus,
672 1439 769 1512 inquit
779 1441 945 1499 abulensis.
1076 1449 1132 1520 ait,
1144 1457 1258 1526 patrem
1276 1455 1356 1512 lovis
1374 1455 1431 1514 Beli
1439 1499 1449 1530 ,
1464 1473 1554 1516 arum
1573 1477 1642 1519 vere
1663 1465 1746 1536 Nini,
1761 1468 1870 1528 scilicet
1881 1478 1942 1525 taint

133 1523 191 1561 vm
203 1521 225 1561 ⁹·
277 1515 306 1572 B.
321 1517 358 1588 lljt
367 1530 441 1574 near
461 1533 603 1576 sesusrus
614 1535 743 1580 seuerus
757 1537 851 1582 consu
866 1526 987 1582 Boutae.
997 1553 1034 1572 -·
1075 1533 1231 1591 Salurnum
1244 1538 1385 1610 primum,
1396 1545 1447 1596 aut
1457 1543 1566 1614 potius,
1578 1549 1611 1601 ut
1621 1546 1648 1602 S.
1661 1548 1867 1623 Hieronymus,

245 1599 428 1668 ⁸V⁰⁰ss20lrt
444 1617 505 1658 ¹1⁰ss
518 1607 578 1658 iiim
597 1601 741 1674 fellium,
753 1610 786 1663 ¹1²
800 1607 864 1662 Villi
877 1607 1031 1678 Vatabius,
1074 1619 1272 1689 Augustinus,
1288 1622 1449 1694 Eusebius,
1467 1627 1595 1682 Peresius
1616 1632 1645 1684 ei
1664 1629 1715 1686 alil
1735 1638 1868 1704 senseat,

242 1682 616 1756 cnjetanusetabenbzm,
629 1703 720 1759 quum
734 1688 904 1754 hominurnt
919 1690 991 1761 quia
1003 1690 1032 1747 vi
1074 1700 1201 1756 Nemmd
1219 1703 1298 1759 herne
1318 1703 1407 1761 luisse
1428 1707 1587 1780 ipsummet
1607 1711 1723 1782 Baium,
1742 1715 1795 1786 qui
1813 1713 1870 1774 fult

241 1767 270 1823 el
286 1767 399 1823 insidiis
418 1768 553 1826 burniues
571 1770 710 1840 captaret
722 1775 750 1826 et
764 1770 969 1842 opprimebat,
984 1773 1031 1830 vel
1073 1787 1157 1854 pater
1167 1783 1239 1842 Nini.
1252 1787 1323 1841 liam
1336 1789 1463 1844 Nemred
1477 1794 1505 1845 et
1520 1791 1577 1848 Beli
1591 1794 1738 1864 iyrunnls,
1752 1809 1866 1870 mores,
1937 1813 1939 1818 ’

240 1846 412 1921 spoliando,
427 1851 475 1906 vei
489 1852 642 1919 necando,
655 1851 700 1907 vel
713 1853 743 1907 in
757 1853 925 1910 seruitutem
936 1854 1032 1910 oddu-
1073 1867 1190 1937 tempus
1208 1872 1236 1922 et
1264 1869 1344 1937 regia
1368 1871 1456 1928 Bnbel
1476 1887 1529 1944 per
1551 1876 1653 1933 uranie
1671 1879 1866 1952 conveniant,

240 1932 345 2000 centio,
357 1933 511 2004 quomodo
527 1931 637 1989 Brasiiii
650 1933 759 2007 aliique
773 1935 836 1991 ludi
849 1935 937 1990 etiarn
952 1951 1030 1993 uuae
1072 1951 1194 2021 uterque
1212 1949 1268 2006 luit
1285 1951 1399 2024 priurus
1416 1969 1467 2009 ren
1486 1953 1660 2028 Babylonis,
1675 1963 1798 2032 uterque
1813 1961 1867 2022 iuli

239 2012 375 2070 homiues
388 2021 541 2072 venantur.
555 2020 596 2073 ite
608 2018 635 2073 S.
651 2018 844 2088 Augustinus,
854 2018 907 2074 lib.
923 2021 977 2077 iiiii
994 2023 1031 2078 uc
1072 2035 1174 2086 aneton
1191 2032 1386 2102 idololatriae,
1401 2039 1471 2094 teste
1487 2037 1515 2093 S.
1533 2039 1726 2112 llierenymo,
1741 2043 1865 2115 cyrillo,
1936 2099 1943 2126 ι

120 2089 228 2192 gerru,
243 2096 325 2152 civit.
350 2113 415 2170 cap.
435 2113 474 2167 ti,
488 2099 635 2170 bysantia,
651 2098 806 2155 Abuleusiss
819 2103 848 2155 el
864 2101 924 2157 ulii·
940 2102 1031 2160 Vena·
1074 2112 1187 2169 Pererio
1198 2117 1227 2170 et
1239 2113 1325 2184 eliis3
1340 2131 1375 2172 ee
1386 2116 1500 2188 primate
1515 2117 1604 2178 iilnas
1623 2121 1702 2178 fliius
1713 2124 1799 2194 jussit
1812 2141 1866 2200 pe·

120 2155 228 2268 „3405”
239 2183 285 2234 tor
298 2195 369 2250 ergo
384 2181 462 2237 idern
479 2186 521 2237 est
535 2182 619 2254 quod
633 2181 707 2238 lairo
724 2185 752 2238 ei
764 2184 879 2255 praedo.
896 2185 941 2241 Sia
954 2186 1029 2242 Aris·
1072 2195 1145 2251 irem
1160 2196 1259 2252 Belum
1274 2197 1358 2269 quasi
1372 2201 1461 2256 ileum
1478 2201 1597 2272 publice
1616 2204 1723 2262 divinis
1741 2206 1865 2264 honori·

239 2261 340 2318 ioteies
349 2266 466 2331 tamen,
476 2263 508 2320 id
520 2271 564 2320 est
577 2266 761 2322 latrocinium
765 2304 775 2335 ,
785 2267 884 2339 posuit
898 2267 1030 2340 interge-
1071 2274 1129 2332 bue
1141 2278 1315 2351 coii3atquc
1325 2280 1394 2338 bino
1405 2297 1441 2338 ex
1453 2284 1519 2340 Belo
1530 2286 1611 2341 idola
1620 2287 1702 2360 apud
1716 2289 1862 2361 iiehrreos,
1875 2321 1908 2368 Ε,
1930 2324 1983 2370 m,

236 2357 308 2400 nera
319 2347 525 2417 venationum,
540 2352 568 2403 et
580 2363 616 2404 en
630 2349 785 2405 venatione
802 2348 931 2408 terarum
943 2349 1029 2408 laeiie
1070 2357 1158 2429 Syros
1169 2364 1198 2415 ct
1212 2361 1359 2420 Pboeniees
1370 2368 1474 2422 vocale
1483 2371 1553 2423 sunt
1564 2366 1624 2437 bei,
1637 2363 1716 2438 baal,
1730 2369 1860 2428 baalim:
1876 2382 1983 2430 tenue·

236 2425 467 2485 diciturvenatio
481 2430 647 2487 hominum.
665 2431 744 2487 Unde
758 2431 938 2505 lienophen,
951 2432 1027 2490 lib.l
1068 2437 1118 2496 bel
1136 2441 1232 2510 enim,
1245 2443 1292 2499 vel
1303 2443 1388 2514 baal,
1410 2446 1489 2502 idem
1504 2451 1564 2518 est,
1583 2450 1668 2522 qued
1685 2450 1781 2507 belus.
1803 2453 1862 2510 Beli
1875 2448 1910 2549 ὗ
1923 2449 1983 2560 iffi}

234 2511 334 2567 Poeriie
348 2511 423 2582 cerr,
434 2519 533 2570 narrat
545 2517 654 2586 cyrum
666 2529 735 2570 suos
751 2517 850 2571 Persae
863 2521 978 2589 aptasse
987 2517 1026 2574 atl
1069 2537 1140 2592 erge
1152 2525 1307 2596 proprium
1319 2539 1429 2582 nomen
1441 2526 1496 2584 init
1507 2531 1634 2586 Nemrod
1642 2572 1651 2601 ,
1665 2532 1719 2604 qui
1732 2535 1862 2605 appella.
1876 2539 1963 2611 ,Q

233 2591 365 2666 bellum,
375 2597 538 2654 exercendo
552 2613 603 2654 eos
615 2599 644 2654 in
659 2598 814 2655 venaticae
829 2603 857 2654 et
870 2599 951 2656 erede
963 2599 1026 2656 aei·
1068 2604 1126 2662 tire
1142 2610 1171 2662 et
1187 2607 1419 2668 antonomasiiee
1440 2607 1535 2666 dicius
1547 2616 1591 2667 eet
1605 2613 1667 2682 Bel,
1683 2615 1750 2670 Baul
1765 2621 1794 2673 ei
1813 2619 1864 2676 Be·

233 2676 374 2748 malium3
388 2679 432 2735 uti
447 2685 476 2735 et
491 2680 583 2752 priori
602 2680 709 2737 saeculo
723 2680 790 2738 iecit
807 2681 910 2738 ismael
920 2682 1023 2754 Sopbi,
1068 2685 1134 2757 lus,
1147 2687 1179 2744 iel
1197 2691 1240 2745 est
1259 2690 1400 2744 Dorulaus
1418 2694 1447 2746 et
1466 2692 1637 2750 Beminater
1649 2710 1657 2752 t
1671 2695 1746 2754 sieut
1760 2698 1863 2758 eiiam·

233 2761 284 2834 qul
297 2775 422 2832 regnum
437 2763 560 2820 Persidis
573 2764 671 2820 'iureis
686 2763 805 2832 ademit,
815 2767 844 2818 et
857 2763 944 2820 valde
956 2779 1025 2836 pro·
1067 2784 1140 2828 num
1159 2773 1259 2830 aures
1282 2775 1312 2827 et
1336 2773 1445 2832 Tartari
1471 2789 1559 2830 suum
1582 2791 1680 2846 regern
1691 2815 1702 2847 ,
1724 2781 1861 2850 stagnum
1913 2813 1916 2820 .

231 2845 359 2916 pagnvit.
375 2847 421 2902 Est
433 2845 512 2902 enlm
521 2839 673 2903 venetorl'u
681 2847 849 2904 exercitatio
862 2847 949 2920 quasi
959 2846 1024 2904 bel·
1067 2849 1159 2916 clam,
1174 2853 1234 2907 sive
1249 2853 1387 2923 liugnam
1401 2857 1544 2912 Beraiaam
1557 2858 1718 2931 appellaui.

232 2925 329 2984 lerum
340 2934 368 2985 et
380 2930 551 3004 praeliorum
563 2945 806 3008 propymrrastna.
1101 2934 1150 2991 Bie
1167 2949 1236 3005 erge
1256 2936 1340 2993 Belus
1355 2935 1410 2994 luit
1427 2938 1541 3010 primus
1561 2941 1683 3012 tupiter,
1700 2941 1816 3014 primus
1833 2947 1862 3006 ei
1975 2960 1981 2974 ·

265 3010 364 3068 Genera
390 3014 513 3070 Boutae.
531 3041 567 3066 -φ
590 3013 779 3086 Septuaginta
801 3013 900 3066 turae
918 3013 1022 3082 stopie,
1065 3018 1474 3076 eommuniessentiamlieue.
1489 3021 1559 3078 iiiuc
1572 3023 1779 3082 cteiocnatovi
1791 3024 1860 3086 Belo

230 3095 314 3168 quod
327 3097 355 3152 S.
371 3097 549 3167 augustinus
562 3097 657 3167 vertit,
667 3105 761 3153 contre
771 3099 930 3162 Barnaeum,-
944 3097 1023 3153 ande
1065 3100 1246 3167 Semiramis,
1261 3099 1325 3156 Nini
1342 3101 1586 3172 ascenaentem
1602 3103 1859 3174 magnificentissi-

229 3178 369 3250 isidorus,
384 3180 438 3237 lib.
453 3181 485 3238 vt
501 3183 662 3252 esperiae,
676 3180 781 3249 tradit,
797 3180 881 3253 quod
895 3179 1023 3238 Nemred
1064 3196 1148 3238 mum
1159 3181 1301 3249 extruxit,
1315 3185 1387 3238 teste
1402 3181 1528 3240 iiiotloro
1537 3221 1547 3250 ,
1560 3182 1612 3240 lib.
1629 3187 1659 3275 iil
1668 3223 1679 3252 ,
1692 3201 1758 3256 eap.
1774 3199 1812 3254 rt,
1827 3185 1860 3246 in

228 3259 396 3320 bominesa
412 3265 469 3322 [teo
483 3263 628 3322 abductos
647 3264 686 3320 ud
704 3263 902 3320 idololatriam
917 3277 1022 3334 coege·
1064 3277 1125 3336 que
1137 3266 1200 3320 erat
1213 3262 1382 3334 sepulcrum
1394 3263 1468 3332 Beli,
1483 3264 1684 3332 maginradus
1702 3271 1860 3326 structure·

228 3343 277 3417 rit,
286 3347 419 3406 virieiiect
433 3347 593 3408 aderrituua
604 3347 680 3420 ignis
691 3348 721 3408 in
731 3347 954 3420 ctraiaaea,post
963 3347 1021 3406 rtis-
1064 3359 1122 3418 que
1136 3344 1324 3412 mirandum
1339 3349 1399 3402 erat
1412 3344 1491 3402 enirn
1503 3345 1590 3402 stadii
1600 3345 1773 3442 altitudine,
1787 3351 1863 3412 teste

228 3429 396 3499 persianctu
416 3431 505 3490 turris
523 3432 622 3492 Bubei.
636 3432 743 3491 Verum
760 3446 820 3488 non
837 3437 950 3498 taratra,
968 3429 1022 3488 sed
1063 3429 1218 3500 Strabone,
1229 3429 1283 3490 lib.
1297 3430 1364 3488 lilii.
1376 3432 1471 3500 atque
1484 3429 1548 3488 baee
1565 3428 1620 3490 iuri
1634 3444 1719 3500 ongo
1731 3432 1863 3523 adeleia·

228 3525 318 3566 eerum
339 3515 451 3569 Bemr'ae
470 3513 645 3572 vertentium
666 3529 729 3570 esse
749 3517 828 3585 patet
846 3528 882 3570 ex
901 3512 1020 3571 llcbrteo
1062 3515 1141 3582 trie,
1160 3512 1217 3568 sub
1231 3525 1345 3570 eanum
1364 3511 1599 3570 trecentesimum
1612 3511 1766 3570 adiluvto.
1781 3515 1862 3575 brool

228 3575 295 3658 ’πῂ
315 3597 420 3665 liphne,
436 3596 467 3652 id
490 3603 532 3652 est
554 3613 643 3652 eoram
666 3599 789 3654 iteratae.
812 3597 875 3651 lam
896 3611 1021 3652 «eorem
1063 3598 1142 3652 euim
1154 3596 1360 3663 Tertullianus,
1373 3594 1425 3654 lib.
1440 3596 1479 3652 lle
1492 3595 1665 3662 ltletoietra'a,
1680 3599 1762 3667 putet
1776 3597 1859 3659 idola

227 3678 352 3733 Domino
368 3697 383 3730 a
399 3679 479 3738 tuem
494 3685 554 3748 est,
570 3679 654 3758 quod
670 3693 789 3744 revera,
805 3683 833 3734 et
854 3677 959 3733 eximie
979 3682 1020 3734 ie·
1062 3677 1152 3734 fuisse
1164 3683 1233 3736 ante
1251 3678 1413 3746 diluuium,
1425 3681 1523 3736 tamen
1536 3677 1679 3749 Cyriilus,
1694 3678 1747 3734 lib.
1763 3682 1814 3738 let
1824 3681 1858 3737 lii
1955 3722 1978 3756 *a

225 3757 280 3828 lis;
297 3763 397 3836 utpote
411 3760 477 3818 talis
488 3759 603 3837 judicie
618 3761 683 3830 liei,
698 3759 750 3836 qui
764 3757 825 3818 lulli
837 3775 898 3815 uon
912 3762 1018 3838 potest.
1064 3761 1165 3818 Ceatrc
1186 3763 1344 3828 initorum,
1360 3760 1461 3820 asserit
1482 3760 1680 3818 idololatriam
1699 3761 1787 3818 uobis
1802 3777 1859 3820 ao·
1974 3799 1978 3818 .

226 3842 297 3904 liine
311 3842 438 3904 nemrod
452 3841 482 3902 in
496 3843 688 3916 proverbium
703 3842 792 3912 abiit,
807 3846 840 3902 ui
857 3841 894 3900 ue
912 3841 1020 3914 insigni
1061 3848 1123 3901 tam
1144 3843 1305 3916 sunrpsisse
1324 3842 1469 3911 originem
1487 3849 1556 3914 pest
1573 3843 1720 3900 diluvium
1739 3859 1756 3900 a
1774 3849 1857 3916 petre

226 3928 353 3996 tyranno
375 3925 501 3995 dicatur,
519 3925 603 3999 quod
622 3926 660 3986 sit
679 3925 765 3998 quasi
786 3925 859 3985 alter
875 3926 1019 3996 nemrod,
1061 3925 1139 3995 regis
1150 3925 1230 3992 ritui,
1244 3939 1336 3997 quern
1350 3926 1412 3995 ipse
1424 3924 1569 4019 arbelam·
1580 3927 1723 4018 transient,
1736 3941 1792 3988 nes
1805 3929 1857 3990 Be-

224 4013 348 4066 nenator
364 4014 393 4064 et
410 4009 523 4081 praeeo.
539 4009 627 4064 addit
645 4009 799 4079 cajetanus
817 4012 843 4062 τὸ
860 4021 950 4064 earam
964 4012 1019 4065 lie·
1060 4008 1126 4066 lum
1138 4008 1338 4066 nominemus.
1351 4007 1440 4078 liuius
1454 4008 1496 4065 rei
1509 4007 1650 4066 iudicium
1661 4024 1783 4081 queque
1795 4013 1856 4084 esi,

224 4095 298 4148 mirae
324 4091 395 4150 eddi
423 4091 463 4148 ecl
486 4091 608 4148 auxesin
633 4090 777 4154 criminisr
802 4090 913 4146 crimen
939 4089 1018 4146 enim
1061 4091 1146 4164 qrretl
1161 4090 1302 4162 pleraque
1317 4088 1399 4150 idola
1412 4089 1566 4158 Gentium,
1581 4090 1742 4160 presertim
1754 4090 1857 4152 Orien·

223 4173 343 4243 gravius
355 4175 526 4248 aestimatur,
540 4175 566 4230 si
581 4173 774 4230 commissam
789 4173 827 4230 sit
839 4171 1018 4247 inspectante
1059 4175 1165 4230 tatium
1176 4213 1184 4241 ,
1196 4173 1235 4230 ab
1255 4173 1314 4230 hoe
1331 4172 1398 4242 Bel,
1413 4172 1474 4228 sive
1490 4171 1558 4230 Belo
1573 4173 1763 4234 denominate
1780 4173 1855 4248 sint,

224 4261 361 4330 pretore.
1059 4260 1093 4312 ui
1104 4254 1280 4323 Beelzebub,
1292 4254 1480 4326 Beelphegor,
1493 4253 1851 4326 Brother-itinerariorum.

258 4340 381 4413 insuper
400 4339 451 4400 alii
468 4343 528 4400 tres
548 4354 641 4399 novae
661 4337 788 4398 afferunt
806 4337 1016 4411 expositiones.
1059 4338 1132 4394 iiide
1146 4337 1224 4394 diota
1236 4351 1303 4409 cap.
1318 4350 1357 4404 u,
1372 4349 1448 4394 sere.
1463 4338 1509 4394 ss.
1798 4418 1805 4431 ο

222 4425 317 4481 Parra
341 4429 384 4482 est
419 4438 544 4481 aceram
565 4425 729 4492 Bomiuo,r
752 4423 824 4496 quia
842 4422 1015 4496 splendidae
1094 4419 1326 4476 lietarlienrrod
1338 4415 1393 4474 iuii
1406 4425 1518 4488 auctor,
1531 4418 1853 4480 iuventoreieontlrior
1871 4448 1967 4496 pm

222 4506 372 4576 victimas,
389 4466 466 4582 :tues
484 4509 593 4564 venatu
613 4509 745 4578 ceperat,
763 4505 889 4562 bomine
908 4507 1016 4560 maeta-
1059 4501 1187 4560 turriset
1201 4498 1283 4557 urbis
1295 4497 1397 4593 Balach
1409 4514 1475 4556 eam
1486 4505 1696 4594 tarnenposiea
1708 4507 1852 4592 restaura·
1878 4515 1954 4614 auce:

222 4588 275 4648 hat
286 4591 324 4650 ert
336 4607 417 4666 aras,
428 4591 526 4664 iuquit
538 4589 713 4656 eben-Earn
727 4587 840 4644 llimchi
853 4593 882 4643 et
893 4584 1014 4641 liebroei.
1057 4583 1118 4656 nii,
1142 4583 1274 4658 mireque
1292 4586 1374 4637 auxit
1394 4585 1422 4637 et
1445 4587 1559 4638 ornavit
1576 4583 1760 4676 Semrraauts,
1777 4598 1852 4640 uxor
1882 4582 1960 4676 ὣ

221 4673 358 4742 swertela,
375 4688 502 4729 acorum
519 4673 642 4727 Bomiuo
652 4690 685 4727 .r
702 4671 733 4726 lsl
752 4675 796 4725 est
805 4709 814 4738 ,
828 4666 1014 4727 ui.b0mines
1058 4665 1139 4734 Nini,
1152 4662 1298 4738 eaquede
1314 4679 1402 4722 eausa
1417 4661 1455 4722 ab
1468 4677 1503 4722 ea
1513 4663 1663 4758 centuriam
1679 4679 1744 4758 esso¹
1757 4664 1853 4740 Baby-

222 4757 262 4817 sd
273 4757 389 4816 civilem
402 4755 494 4814 vitatu
507 4759 535 4812 ei
545 4752 762 4822 monarchiam,
774 4751 823 4808 liei
836 4755 912 4812 nutu
924 4752 952 4808 ei
963 4748 1015 4806 be·
1057 4747 1158 4808 louein
1178 4752 1313 4806 asserunt
1342 4746 1522 4815 Herodotus,
1545 4744 1690 4806 Baedorus
1718 4747 1853 4820 Siculus,

1057 4831 1180 4900 Strabo,
1200 4831 1291 4901 tiele,
1308 4832 1336 4888 S.
1355 4832 1569 4904 ilierouyruus,
1584 4831 1748 4904 loseplaue,
1764 4833 1852 4892 lusti·

253 4922 289 4990 (t)
306 4922 394 4973 sotem
413 4922 552 4973 orientales
568 4933 619 4971 aon
636 4935 694 4972 raro
707 4919 774 4970 uires
788 4915 885 4968 nobiles
901 4915 1016 4968 uramini·-
1057 4929 1115 4970 nus
1127 4919 1155 4972 ut
1169 4913 1229 4970 aiii.

220 4993 268 5044 hill
281 4994 444 5056 malim,
456 5006 504 5043 ¹¹0⁰
520 4993 551 5042 iis
568 5005 625 5055 tilie
638 4993 700 5042 ditm
720 4990 850 5050 illelmi,
867 4992 1013 5050 stiterunt·
1093 4998 1165 5053 Nota
1178 4995 1292 5052 secundo
1306 5015 1314 5053 r
1330 4995 1421 5075 coepit
1432 4997 1574 5065 Nemred‚
1584 4997 1645 5053 sivo
1658 4997 1743 5054 Belus
1756 4998 1785 5056 iu
1801 5001 1854 5056 Bu·

219 5065 262 5114 reat
279 5071 333 5126 post
349 5068 455 5112 rrrertern
477 5061 581 5124 irrtiitis,
597 5059 664 5111 aride
679 5059 759 5110 arirus
775 5057 817 5108 iile
832 5069 1014 5136 nonnunquam
1056 5077 1106 5139 bel
1119 5095 1241 5150 mgnum
1257 5077 1313 5138 sub
1327 5095 1438 5138 annum
1455 5082 1533 5138 ΗΜ
1551 5078 1680 5147 (pluvio,
1695 5096 1763 5136 cum
1779 5081 1855 5144 fact,

219 5129 1015 5264 ΨηῑῃὶΐθᾞΠὶζξέιᾶῗῧὲξὸἰῑέἔίῗὲᾞῇπῖθέαᾙὲξιᾚῖἑᾝα
1056 5168 1101 5219 est
1113 5163 1226 5222 ibidem
1239 5163 1345 5222 divisio
1360 5161 1528 5234 linguarum
1542 5166 1570 5220 et
1583 5163 1715 5236 gentium
1723 5182 1733 5235 i
1748 5179 1853 5224 rerum

219 5270 593 5408 ,mombritium
615 5269 755 5336 rumdam,
772 5267 926 5334 superfuerit
946 5265 1014 5332 siuti
1055 5245 1856 5408 ἱωᾶῑέἂυὲζᾝῗᾞῗέῗῗᾶἓῇἵὲξ
