4236 6040
263 237 318 300 iffi
748 235 991 301 couuuuttua
1008 241 1042 302 iit
1061 239 1220 314 amastri,
1238 251 1302 301 dtr.
1319 241 1408 302 xiix.

264 359 389 423 masque
400 344 531 406 hostium
543 343 645 420 copus
656 343 777 420 irrupit,
788 347 936 423 perrupit,
947 364 1057 424 easque
1098 349 1142 406 xit
1154 366 1163 406 :
1177 349 1297 407 «Addat
1309 349 1383 406 mihi
1394 345 1536 406 homibus
1548 344 1647 404 fllium
1659 343 1825 419 alterum,s
1840 347 1891 406 tie·

264 429 485 508 perrumpenda
498 431 601 487 stravit
615 432 645 487 et
662 429 776 501 cecidit,
789 429 881 505 idque
889 429 1056 502 celerrime,
1099 447 1155 489 nes.
1169 447 1243 502 xxx,
1255 433 1302 490 at.
1317 431 1426 505 loseph
1442 446 1515 503 ergo
1534 429 1615 487 idam
1630 433 1674 488 est
1687 431 1773 504 quod
1789 447 1894 504 anges·

265 517 357 574 instar
369 513 446 573 cerri
463 516 492 572 et
507 513 599 570 instar
609 512 736 586 tuguria
751 514 857 589 (limae
869 515 1005 574 hebraice
1018 515 1056 573 si·
1099 529 1178 586 cens,
1187 530 1363 572 accrescens.
1376 517 1441 572 tam
1453 511 1562 585 ioseph
1573 511 1629 570 tuit
1640 527 1819 584 accrescens,
1830 515 1892 571 sive

265 599 385 673 gnitlcat
400 596 542 669 imment,
555 600 589 653 ut
609 612 678 653 cum
697 597 808 656 Caesare
824 597 920 656 dicere
933 601 1054 672 posset:
1098 595 1287 668 huchilcans,
1300 598 1340 655 oh
1354 599 1431 656 duos
1444 613 1521 671 quos
1533 597 1636 668 genuit
1646 596 1736 669 tilios,
1750 603 1823 672 puta
1836 600 1892 656 lla·

267 681 383 752 «Veni,
398 679 477 749 ridi,
491 679 557 737 vici.
572 700 587 735 ι
604 679 682 737 Licet
695 679 774 738 enim
786 681 920 738 zabulon
939 685 968 740 at
984 683 1058 740 lssa·
1099 697 1216 740 nussam
1233 687 1263 741 et
1279 682 1437 757 Ephraim,
1450 682 1503 755 qui
1521 681 1596 738 duas
1614 681 1830 740 constituerunt
1842 681 1893 740 tri-

264 765 335 825 char
346 765 379 823 in
390 764 449 822 hoc
460 763 541 821 hello
559 763 649 821 tribui
660 764 791 837 Nephtali
806 781 837 822 se
850 765 1055 839 adjunxerint,
1098 762 1157 823 hus
1169 765 1200 822 in
1211 765 1299 822 lsrael
1310 783 1317 822 :
1328 765 1408 822 unde
1421 763 1468 821 bis
1481 764 1621 838 repetitur
1632 763 1680 821 bic
1692 768 1719 818 τὸ
1731 781 1891 823 accrescens.

262 847 386 907 victoria
393 851 493 906 umen
503 846 659 905 ascribitur
666 847 812 923 Nephtaii:
823 848 895 922 quia
904 849 965 905 dux
975 863 1057 906 exer·
1099 849 1240 906 Successit
1253 849 1332 907 enim
1343 847 1452 922 ioseph
1463 863 1532 905 cum
1545 847 1622 904 tuda
1633 847 1665 903 in
1678 847 1893 922 primogenitu-

264 933 339 992 citus
359 935 388 990 et
405 930 494 1002 belli,
511 933 584 1004 puta
600 933 709 1002 Barac,
723 935 785 990 erat
806 947 842 989 ex
861 931 1011 1005 Nephtali3
1028 933 1057 988 et
1099 947 1165 990 ram
1178 932 1311 1002 Rubeni3
1325 933 1406 990 unde
1419 931 1494 988 sicut
1506 929 1597 988 ludas
1609 945 1736 1002 regnum
1749 933 1834 1002 luda,
1849 933 1892 990 sic

264 1015 336 1092 qula
345 1015 442 1086 iahel,
456 1029 524 1089 quta
537 1014 664 1072 Sisaram
676 1015 762 1073 olavo
773 1015 891 1086 occidit,
903 1013 1057 1072 habitabat
1100 1015 1209 1089 loseph
1223 1017 1373 1089 duplicem
1386 1014 1497 1072 tribum
1515 1015 1724 1089 duplicemque
1737 1015 1887 1075 haeredita·

264 1101 297 1159 ιιι
306 1097 450 1175 Nephtali.
1100 1101 1159 1155 tem
1174 1099 1203 1154 in
1216 1101 1366 1169 chanaan,
1375 1114 1408 1156 ac
1421 1112 1546 1170 regnum
1560 1098 1591 1154 in
1602 1099 1692 1156 lsrael
1702 1099 1839 1156 obtinuit.
1851 1103 1891 1158 Ex

299 1183 410 1243 incdit
429 1181 518 1240 Jacob
537 1182 578 1240 ad
598 1183 721 1256 etymon
741 1180 875 1256 Nephtali
895 1199 903 1238 ι
922 1181 1057 1256 Nephtaii
1100 1180 1239 1253 Ephraim
1259 1183 1339 1240 enim
1357 1182 1413 1240 orti
1430 1186 1499 1239 sunt
1516 1181 1673 1240 terohoam
1687 1182 1795 1256 aliique
1808 1199 1892 1255 reges

264 1267 344 1327 enim
357 1265 502 1339 significat
516 1263 734 1335 colluctantem,
746 1269 775 1321 et
785 1265 817 1322 in
831 1265 910 1322 lucta
922 1279 992 1322 cum
1005 1279 1057 1323 an-
1101 1264 1198 1322 lsrael.
1215 1268 1342 1324 Rursum
1359 1266 1455 1324 tribus
1469 1266 1608 1338 Ephraim
1627 1267 1769 1337 accrevit,
1782 1269 1826 1324 uti
1838 1285 1893 1326 nu·

263 1349 410 1424 tagonista
422 1348 626 1418 convolutum,
640 1365 667 1420 q.
683 1347 712 1404 d.
727 1347 860 1422 Nephtali
872 1348 959 1420 quasi
972 1363 1058 1406 carra
1101 1363 1184 1406 mero
1191 1390 1202 1421 ,
1215 1349 1256 1406 ita
1274 1350 1403 1421 robore,
1418 1350 1547 1407 victoriis
1565 1355 1593 1407 et
1610 1350 1722 1421 gloria,
1737 1353 1770 1407 ut
1788 1351 1892 1411 merito

264 1433 386 1506 timida,
399 1436 429 1491 et
445 1431 560 1506 laqueis
577 1432 679 1490 Sisara
698 1431 905 1500 circumsessa,
920 1445 974 1504 per
992 1447 1058 1489 ora·
1100 1433 1223 1506 propter
1235 1447 1302 1489 eam
1315 1434 1424 1507 ioseph
1436 1437 1557 1490 vocetur
1572 1433 1675 1490 «filius
1688 1449 1889 1493 accrescens.»

265 1519 333 1580 cala
345 1522 374 1577 et
385 1517 533 1593 promissa
543 1515 678 1586 Debere,
691 1515 849 1589 resumptis
862 1513 968 1571 animis
982 1514 1058 1572 duce
1139 1517 1266 1573 baconus
1279 1531 1446 1574 marcra-
1457 1515 1594 1574 hebraice
1603 1520 1645 1575 est
1658 1525 1703 1597 pp
1713 1496 1764 1586 ἰιι
1774 1521 1816 1576 ale
1826 1525 1892 1588 otu,

265 1605 368 1674 Barac,
386 1603 557 1676 perrumpet
569 1613 680 1658 cuneos
697 1599 815 1669 Sisara,
826 1598 927 1670 itaque
941 1612 1010 1654 cum
1022 1613 1057 1654 eo
1101 1598 1186 1670 quod
1204 1599 1360 1672 dupliciter
1379 1600 1453 1658 verti
1470 1603 1589 1673 potest:
1605 1603 1713 1667 Fumo,
1730 1617 1813 1672 super
1829 1606 1893 1673 scu·

265 1683 481 1756 collaetabitur,
492 1681 730 1740 commiscebitur
744 1684 772 1736 et
786 1680 979 1738 convolvetur
983 1697 993 1749 3
1005 1679 1058 1738 aad
1102 1687 1165 1749 ten,
1177 1699 1204 1754 q.
1217 1682 1246 1740 d.
1257 1683 1365 1756 loseph
1374 1688 1417 1740 est
1430 1684 1543 1756 eritque
1557 1682 1637 1741 iilius
1650 1682 1892 1759 fructificationis,

264 1769 359 1829 victor
378 1768 496 1838 evadet,
518 1765 709 1840 hostiumque
734 1766 829 1822 castra
847 1761 1014 1836 penetrabit
1030 1767 1059 1822 at
1101 1763 1133 1820 id
1146 1769 1190 1822 est
1201 1764 1357 1824 iracundus
1369 1767 1461 1823 instar
1474 1766 1589 1824 arboris
1602 1765 1664 1823 sitas
1676 1770 1705 1824 et
1716 1767 1893 1828 fructifican-

265 1851 430 1928 dissipabit.
444 1852 486 1909 lta
498 1850 652 1920 cajetanus
665 1851 693 1905 et
706 1847 897 1920 lipomanus.
1100 1845 1138 1904 tis
1148 1847 1233 1919 J'uxta
1245 1848 1368 1907 iontem.
1386 1851 1428 1906 lta
1444 1848 1600 1908 Chaldoeus
1607 1891 1617 1920 ,
1630 1851 1771 1908 llatablus
1786 1855 1815 1909 et
1832 1853 1892 1911 alii.

300 1937 371 1996 ilinc
391 1932 501 1992 «dabit
517 1931 638 2005 eloquia
656 1928 931 2004 pulchritudinis,u
952 1929 983 1987 id
1000 1932 1058 2000 est,
1136 1929 1348 1998 Secundarerti
1360 1935 1467 2005 potest,
1481 1947 1562 2004 saper
1572 1935 1688 2000 ceolum,
1702 1951 1729 2005 q.
1744 1935 1773 1990 d.
1786 1937 1895 2010 ioseph

265 2016 574 2096 adetpuleherrimnm
583 2057 593 2086 ,
606 2011 832 2086 gratulatorium
846 2015 874 2068 et
887 2011 1058 2069 eucharisti·
1101 2015 1142 2072 ita
1158 2015 1282 2088 pulcher
1301 2019 1377 2086 erat,
1395 2018 1429 2072 ut
1448 2015 1651 2073 dominaretur
1667 2016 1761 2074 oculis
1780 2019 1896 2077 intuen-

265 2120 335 2164 cum
352 2116 470 2162 cmmen
488 2101 547 2156 bec
563 2097 693 2155 uictorias
711 2094 843 2165 auctori,
858 2097 931 2168 puta
944 2095 1058 2166 insigne
1081 2097 1193 2169 ·tium,
1205 2114 1317 2172 eosque
1330 2097 1362 2154 in
1379 2099 1426 2154 sui
1445 2113 1578 2156 amorem
1594 2103 1726 2172 raperet,
1741 2102 1783 2158 uti
1796 2103 1896 2176 rapuit

265 2187 341 2247 iliud
359 2185 506 2244 canhcum
525 2185 615 2239 Barac
634 2183 663 2238 st
679 2178 817 2250 uehere,
832 2177 916 2254 quod
932 2177 1059 2236 habetur
1102 2181 1294 2239 oculosherae
1312 2197 1374 2238 sua
1385 2182 1539 2255 AEgyptiae.
1560 2183 1619 2239 Eoo
1636 2187 1752 2240 secutus
1770 2189 1814 2242 ast
1826 2200 1896 2244 nos-

264 2273 356 2331 trate,
369 2287 388 2328 r
402 2270 450 2344 (ι).
1101 2267 1146 2321 ter
1158 2266 1319 2337 interpres,
1332 2264 1405 2322 dum
1416 2265 1516 2335 vertit,
1528 2265 1676 2322 «decorus
1691 2271 1848 2340 aspectas
1867 2273 1896 2327 et

146 2369 247 2430 sepau
300 2354 472 2429 allegorice,
486 2350 620 2427 Nephtali
632 2353 676 2408 est
685 2348 826 2416 caristus,
837 2348 890 2422 qui
905 2349 1060 2423 quasicsr·
1102 2347 1300 2422 Septuaginta,
1315 2346 1388 2404 dum
1403 2349 1642 2417 vertunttama,
1656 2349 1688 2406 id
1701 2355 1744 2407 est
1756 2351 1896 2410 desidera·

146 2437 246 2538 ohtam
264 2457 321 2499 rus
334 2437 470 2497 exsiliens
479 2435 511 2493 in
520 2436 626 2492 virtute
637 2431 904 2505 spiritus,hucoe1r,
918 2434 964 2502 ιι,
974 2432 1060 2504 juxta
1102 2431 1175 2488 bitis.
1190 2431 1271 2488 Unde
1285 2429 1436 2503 sequitur:

147 2556 170 2599 ,2
197 2552 252 2600 ,m
266 2521 456 2590 Geneaareth,
470 2519 523 2593 qui
532 2518 615 2575 lacus
628 2521 672 2574 est
682 2515 713 2572 in
724 2513 874 2587 Nephtali,
887 2513 1021 2572 alacriter
1030 2519 1059 2574 et
1137 2515 1222 2571 Eram
1245 2513 1370 2588 (scilicet
1392 2514 1550 2588 AEgyptiee)
1572 2530 1784 2578 usscuaxmurr
1806 2535 1894 2580 surra

265 2606 394 2665 celeriter
401 2600 534 2679 perrupit
540 2603 635 2658 eastra
641 2597 1059 2670 diaboii‚putal³harisoeorum
1101 2613 1263 2670 aarum·
1277 2614 1367 2671 super
1381 2615 1483 2656 muros
1493 2600 1654 2659 domorum
1670 2604 1848 2677 sturbium,
1863 2611 1898 2666 ut

266 2693 295 2750 et
305 2689 490 2756 iudeorum,
505 2683 671 2741 infidelium
684 2686 713 2739 et
726 2681 903 2754 impiorum,
918 2681 1059 2756 deditque
1101 2681 1235 2740 riderent
1253 2685 1300 2752 te,
1317 2697 1336 2740 c
1357 2683 1484 2755 ioseph,
1502 2687 1564 2740 tam
1579 2683 1744 2743 formosum
1755 2689 1896 2760 juvenem

266 2771 387 2846 eloquia
397 2767 638 2845 pulchritudinis,
652 2765 752 2822 dicens
765 2763 797 2820 in
810 2781 865 2822 suo
878 2765 1057 2836 Evangelio:
1102 2765 1183 2822 cultu
1192 2764 1274 2836 regio
1287 2765 1443 2838 insignem,
1457 2766 1543 2840 quasi
1553 2769 1655 2841 petria
1665 2771 1831 2846 mundique
1839 2773 1898 2830 sal·

269 2853 373 2913 «Beati
391 2868 537 2929 pauperes
558 2850 680 2924 spiritu,
697 2849 842 2922 quoniam
862 2847 997 2921 ipsorum
1016 2852 1061 2906 est
1101 2853 1251 2920 satorem,
1266 2851 1295 2904 et
1308 2851 1341 2905 ut
1352 2849 1481 2906 vicissim
1495 2865 1515 2906 a
1526 2853 1554 2906 te
1566 2851 1747 2910 riderentur.
1761 2855 1802 2912 lta
1814 2855 1897 2928 Caie-

266 2953 393 3012 rcgnum
406 2937 591 3006 coelorum,»
607 2936 674 3004 eta,
689 2932 790 3005 ibique
804 2931 922 3002 collegit
937 2936 1061 3006 Aposto-
1101 2934 1190 2990 tanus
1200 2935 1229 2988 et
1238 2932 1428 3006 lipomanus.
1441 2935 1588 3006 Rupertus
1598 2938 1697 2992 tamen
1710 2935 1768 2994 hoc
1778 2939 1898 2995 restrin-

266 3022 331 3094 los,
345 3021 398 3096 qui
409 3021 472 3078 hac
484 3017 605 3092 eloquia
623 3014 772 3087 Evangelii
783 3013 985 3087 pulcherrima
997 3018 1059 3073 toto
1101 3017 1145 3089 git
1156 3016 1196 3072 ad
1208 3016 1311 3073 heram
1325 3016 1468 3072 amasiam
1482 3017 1618 3090 iosephi;
1632 3019 1685 3076 sed
1696 3019 1785 3076 nimis
1798 3025 1896 3080 arete:

267 3106 341 3167 orbe
359 3103 574 3179 praedicarunt,
593 3104 723 3173 tuncque
741 3097 898 3174 impletum
918 3100 963 3154 ast
983 3097 1061 3156 illud
1102 3114 1173 3157 nam
1193 3114 1255 3156 non
1275 3098 1401 3156 dubium
1421 3102 1464 3155 est
1481 3101 1556 3172 quia
1574 3101 1676 3174 multa
1691 3101 1758 3158 alia
1776 3105 1897 3177 iosephi

266 3197 384 3264 sponsa
404 3188 442 3246 de
460 3187 574 3246 Christo
589 3202 596 3240 :
614 3185 714 3240 «Ecce
727 3181 780 3240 ists
801 3181 881 3239 venit
897 3181 1005 3238 saliens
1028 3182 1060 3239 in
1101 3181 1351 3256 pulchritudinem
1364 3181 1465 3240 videre
1479 3182 1687 3254 desiderarint,
1701 3199 1827 3259 eamque
1840 3187 1895 3244 ad·

266 3271 435 3344 montibus,
449 3269 615 3329 mansiliens
632 3267 721 3326 colles
729 3285 738 3338 ;
753 3265 858 3323 similis
875 3269 919 3322 est
937 3262 1061 3323 dilectus
1103 3266 1215 3323 musta
1229 3265 1287 3323 sint
1299 3265 1348 3338 (2).
1378 3313 1388 3332 ,

267 3372 352 3414 meus
365 3369 479 3429 caprea
491 3351 678 3426 hinnuloque
690 3365 855 3407 cervorum.
869 3367 884 3404 r
901 3350 943 3406 lta
955 3347 983 3406 S.
998 3348 1062 3406 Eia·
1138 3349 1309 3421 illegorice,
1319 3349 1428 3424 ioseph
1439 3353 1483 3407 est
1496 3351 1627 3408 Christus
1637 3351 1787 3425 speciosus
1798 3353 1896 3412 torma

267 3453 423 3512 ronymus,
435 3435 607 3508 Procopius,
621 3431 804 3490 Ambrosius.
1101 3449 1164 3509 pras
1182 3432 1252 3490 tiliis
1274 3433 1446 3504 hominum,
1461 3449 1551 3507 (Ῑιιιιιι
1566 3435 1693 3507 proinde
1712 3435 1811 3494 ridere
1830 3452 1896 3510 ges·

1102 3517 1211 3576 tierunt
1223 3516 1372 3576 Abraham
1386 3519 1415 3572 et
1428 3516 1612 3574 Patriarchm.

384 3623 552 3672 marsana
571 3622 610 3668 ar
629 3619 807 3668 aauaorcrrc
825 3621 945 3669 rosera.
1137 3601 1183 3657 2³.
1206 3601 1260 3656 Suu
1281 3611 1533 3658 mustitanum
1556 3615 1629 3672 ¹⁰¹,
1646 3631 1683 3644 -
1700 3603 1895 3663 amaritudine
1909 3625 1969 3670 rus.
1980 3629 2012 3671 u.

1103 3683 1264 3740 affecerunt
1276 3681 1379 3739 iratres
1397 3681 1576 3756 losephum,
1589 3683 1657 3741 licat
1673 3685 1715 3742 ita
1729 3686 1896 3759 speciosum

149 3784 254 3832 remu.
279 3759 282 3765 “
303 3769 349 3826 rt.
369 3769 465 3824 Elatus
483 3777 655 3823 amassenus
671 3764 785 3818 tosara.
798 3790 836 3803 -
848 3760 988 3820 Eehraice
1001 3765 1060 3833 est,-
1103 3770 1132 3823 et
1145 3765 1314 3824 amabilem.

268 3859 321 3936 ιρι
334 3858 422 3913 nup
434 3857 468 3932 μ
482 3849 530 3906 hcc
542 3852 624 3920 porat
636 3845 746 3918 ioseph,
757 3844 815 3901 hoc
829 3849 888 3916 est,
900 3847 976 3915 fliius
987 3848 1062 3915 smc-
1138 3852 1177 3906 Er
1196 3863 1315 3907 ιιιιιιτι
1335 3863 1427 3919 surr,
1439 3879 1475 3892 ·-
1486 3849 1615 3908 dicentes
1631 3868 1639 3907 :
1656 3853 1831 3928 «Numquid
1845 3871 1897 3914 rex

269 3938 443 4008 titulationis,
460 3933 492 3989 id
507 3937 550 3988 est
567 3933 756 4002 fructificans,
769 3929 875 4000 Josrplt.
893 3927 1005 3985 alludit
1017 3933 1062 3986 la·
1103 3936 1203 3989 noster
1216 3932 1318 3988 erist»
1335 3936 1363 3988 et
1378 3949 1384 3987 :
1400 3933 1495 3990 «Ecce
1508 3933 1776 4008 somniatorvsnit3
1789 3939 1897 4010 venite,

268 4019 326 4078 coh
341 4018 381 4076 ad
399 4031 510 4073 nornen
528 4013 684 4088 Ephraim,
701 4014 754 4086 qui
771 4011 828 4070 tuit
844 4011 923 4069 tilius
942 4013 1060 4086 ioseph.
1104 4017 1274 4075 occidamus
1288 4032 1395 4074 eum.»

268 4101 407 4177 Ephraim
426 4100 506 4156 enim
525 4098 621 4154 dictus
641 4101 686 4153 est
703 4096 788 4168 quasi
807 4093 1005 4166 fructificans,
1022 4095 1061 4153 ah
1138 4103 1284 4157 limaurrs
1296 4103 1534 4172 sicuta,-·tum
1546 4103 1719 4176 verborum,
1732 4109 1806 4180 puta
1819 4119 1918 4164 mor-·

268 4187 373 4243 eadem
384 4183 484 4241 radice
498 4187 583 4244 ritu
596 4197 684 4252 poro,
699 4180 731 4236 id
748 4183 791 4236 cst
804 4179 998 4250 fructificavit,
1015 4180 1063 4237 Ge·
1104 4183 1223 4241 dacium
1243 4183 1430 4256 irrisionum,
1449 4187 1674 4244 mendaciorum
1692 4192 1721 4245 et
1738 4189 1900 4247 calumnia-

268 4285 325 4327 aes.
339 4282 404 4340 ιιι,
418 4267 472 4337 aa,
486 4263 542 4320 iuit
553 4263 631 4320 enim
644 4262 740 4319 tribus
753 4261 893 4334 Ephraim
904 4260 1063 4319 ioecuudis-
1102 4282 1169 4322 rum
1177 4307 1187 4337 ,
1203 4266 1364 4339 dequibus
1382 4267 1489 4324 dicitur
1503 4271 1605 4326 Psatm.
1620 4286 1678 4341 ιιι,
1692 4273 1728 4328 22
1744 4289 1752 4328 z
1770 4273 1898 4330 ciloliiti

165 4347 169 4358 '
269 4353 345 4410 sima
352 4375 363 4423 i
383 4344 641 4414 numerosissima,
655 4344 815 4402 fortissima
832 4347 862 4401 et
881 4343 973 4415 regia.
987 4346 1064 4401 Eur·
1103 4355 1172 4406 sunt
1185 4365 1335 4407 sermones
1349 4351 1412 4421 ejus
1425 4365 1514 4423 super
1529 4352 1629 4409 oleum
1637 4393 1646 4424 ,
1660 4357 1689 4411 et
1703 4355 1760 4429 ipsi
1774 4360 1843 4412 sunt
1853 4357 1898 4427 ja·

269 4450 338 4492 sum
359 4432 464 4490 alludit
486 4427 525 4488 ad
547 4431 669 4501 etymon
688 4427 807 4500 losephi
827 4445 834 4482 :
855 4425 962 4483 Rachel
983 4427 1063 4485 enim
1103 4433 1217 4503 cula3n
1237 4437 1300 4488 tum
1318 4431 1477 4489 verberum
1492 4451 1499 4488 :
1514 4450 1583 4491 crim
1601 4436 1681 4493 enim
1699 4453 1769 4494 eum
1786 4440 1898 4512 spolia·

269 4519 363 4575 mater
376 4513 492 4574 vocavit
505 4526 575 4570 eum
586 4509 758 4582 iosephum,
769 4509 839 4583 quia
854 4509 965 4583 optavit
978 4513 1006 4567 et
1019 4511 1064 4568 di·
1103 4519 1184 4584 runt,
1194 4519 1416 4587 protruserunt,
1430 4515 1462 4571 in
1476 4515 1632 4574 cisternam
1645 4520 1834 4591 proiecerunt
1840 4562 1851 4592 ,
1862 4538 1898 4579 ac

1104 4598 1233 4672 denique
1247 4597 1278 4654 in
1292 4601 1451 4672 AEgyptum
1464 4601 1661 4659 vendiderunt
1668 4645 1678 4674 ,
1692 4618 1771 4676 quo,
1789 4603 1895 4676 iaculis

1104 4680 1265 4739 verborum
1278 4685 1307 4737 et
1320 4681 1478 4738 verberum
1491 4699 1560 4739 eum
1573 4684 1774 4742 confixerunt!

1138 4763 1316 4836 allegorice,
1326 4764 1434 4838 ioseph
1448 4767 1492 4821 est
1505 4766 1649 4840 Christus,
1663 4768 1696 4824 in
1707 4769 1900 4842 quemludoei

301 4661 335 4726 ιι)
352 4661 402 4713 alil
416 4661 448 4713 ad
464 4665 546 4712 totam
561 4657 660 4710 tribum
673 4657 741 4709 hunc
756 4671 857 4710 versam
872 4656 996 4722 portinere
1011 4663 1065 4710 sta-

270 4739 360 4796 tuunt,
376 4732 510 4796 haudque
529 4737 621 4798 putant
639 4729 815 4780 incredibilem
833 4730 888 4793 eJus
906 4728 1064 4780 celeritatem

270 4803 396 4867 umulque
408 4803 517 4868 gratiam
531 4801 559 4852 in
569 4801 645 4853 rebus
654 4798 758 4866 agendis
770 4804 796 4850 et
809 4797 918 4862 negotiis
930 4799 1064 4850 conteien-

188 4881 193 4886 ‘
271 4874 317 4926 dia
328 4873 428 4937 Capreis
435 4885 480 4923 seu
492 4872 573 4922 cervis
580 4876 759 4937 comparantur
768 4869 855 4920 heroes
868 4869 891 4917 ll
903 4875 968 4918 sam.
979 4881 1006 4928 ιι,
1018 4873 1047 4919 tt
1054 4885 1063 4932 ;
1765 4929 1768 4934 Ι

271 4947 380 4996 chrct.
394 4956 443 5008 ιιι,
456 4947 480 4992 8.
495 4943 598 4994 Panctis
610 4942 738 4994 vocalibus
750 4939 792 4990 hic
804 4939 857 4990 illic
869 4939 1025 4998 immutatis,
1037 4946 1064 4990 et
1137 4939 1172 5007 (a)
1190 4942 1264 4992 hlulti
1277 4942 1344 4994 hunc
1358 4953 1460 4994 versum
1472 4941 1509 4993 sic
1522 4949 1643 4996 vertunt:
1660 4947 1755 5003 uilius,
1770 4945 1796 4996 id
1811 4951 1848 4998 est
1861 4960 1901 4997 ra·

272 5025 296 5079 rr
311 5015 339 5066 in
349 5015 416 5066 tinen
428 5012 520 5064 ominis
532 4996 610 5076 nippr
621 5013 648 5064 in
661 5021 684 5076 n
697 5021 829 5076 converso,
841 5009 960 5060 habebis:
975 4991 1064 5074 97an
1104 5025 1178 5073 mus,
1190 5014 1306 5076 fructifer
1317 5013 1419 5074 latmi,
1434 5015 1502 5076 fitius
1519 5016 1635 5076 fructifer
1650 5019 1684 5066 cd
1702 5018 1811 5079 sontem,-
1824 5019 1901 5079 fittoe,

272 5121 312 5176 75
353 5120 431 5174 ,m
445 5119 524 5193 tm
538 5091 631 5174 mm
646 5091 739 5179 nrm„
754 5108 780 5160 id
793 5114 841 5172 est,
851 5108 971 5169 Nam,
984 5081 1022 5158 ,ᾖ
1036 5083 1064 5156 ’,ᾖ
1105 5081 1131 5133 ld
1148 5088 1185 5133 est
1197 5082 1361 5148 propagines,
1373 5087 1585 5145 ιιιιιιιιιιιιιιιριι
1600 5100 1702 5178 murum.
1715 5095 1749 5166 μ
1763 5099 1822 5137 cum
1837 5097 1902 5138 isera

272 5211 347 5261 utor
364 5199 508 5267 εισιιιωι,
526 5183 603 5260 ueni
616 5187 698 5259 imos
720 5207 921 5268 aucturetate.
943 5205 981 5257 cr.
1003 5207 1065 5271 sip.
1104 5183 1132 5235 in
1147 5181 1270 5247 regimine
1286 5195 1337 5231 ⁰⁰11
1352 5179 1464 5245 ponrur.
1479 5167 1543 5272 np'u
1560 5196 1606 5246 nro
1623 5189 1708 5275 unu.
1723 5182 1782 5235 vid·
1799 5181 1899 5234 cacan

274 5282 397 5346 initima-
427 5355 434 5366 ι
1105 5279 1229 5342 luctaturi.
1248 5279 1362 5340 Lougei.
1378 5292 1405 5342 p.
1424 5281 1478 5328 ιιι.
