4236 6040
722 335 964 394 comittere
981 333 1188 407 muschus,
1205 349 1268 395 cir.
1287 335 1320 396 ii.
1783 332 1834 392 iti

203 434 284 500 heris
294 434 452 514 gtgueudis
465 433 712 514 instituendisque
727 453 799 498 eura
811 455 875 500 esse
892 439 981 500 debet
988 457 997 513 ;
1039 442 1157 502 mandis
1171 442 1262 502 animi
1275 437 1429 502 affechbus
1442 435 1606 515 plurimum
1619 435 1779 510 studuisse,
1793 453 1838 496 se·

204 522 314 584 sedhic
324 521 476 594 laborest,
488 521 547 598 illic
557 522 704 597 voluptas.
718 524 890 583 carendum
900 529 999 583 autem
1040 527 1202 599 cutemque
1220 541 1281 584 ncii
1297 523 1521 599 AEgypticrum,
1536 523 1588 580 sed
1605 522 1753 594 maiorum
1768 537 1838 580 suo·

203 622 242 666 ue
258 605 292 666 iii
310 607 366 664 hac
384 605 490 680 sopiti,
507 606 540 664 iu
558 605 610 665 illa
628 621 699 664 vero
716 605 879 681 plusquam
896 606 999 680 vigiles
1040 625 1109 668 rum
1121 609 1253 668 instituta
1270 609 1375 683 patria.
1397 609 1449 666 Ubi
1469 612 1540 666 uota
1558 606 1710 664 Philonem
1728 607 1771 664 uti
1789 606 1836 664 hie

203 707 266 751 esse
278 690 468 748 videamur.»
481 689 562 747 idem
572 690 689 761 roganti
704 709 712 748 c
730 693 895 762 aQiioenam
908 691 1000 750 haera·
1041 692 1270 766 amplificatione
1289 693 1422 766 quadam
1429 711 1439 764 ;
1456 708 1526 748 nam
1540 693 1632 748 iioses
1647 691 1729 763 prior
1742 687 1796 746 luit
1809 693 1837 748 ct

203 775 280 834 ditas
292 773 362 832 filiis
374 771 658 846 sitreiinqueudaii
671 774 842 848 respondit:
855 793 870 828 a
881 777 921 833 Ea
931 791 999 848 qum
1041 777 1191 849 antiquior
1209 791 1271 834 non
1285 779 1401 834 tantum
1416 774 1556 833 omnibus
1571 773 1686 831 Groeciea
1700 773 1838 846 sapienti·

203 873 265 919 nen
281 857 475 940 grandinem,
488 871 551 916 non
569 855 650 927 vim,
669 873 731 914 iion
752 857 851 932 ipsum
869 857 999 932 denique
1040 858 1109 930 bus,
1120 859 1172 916 sed
1183 859 1271 917 etiam
1283 859 1423 916 omnibus
1436 859 1488 932 qui
1502 859 1584 935 apud
1599 861 1712 916 Grecos
1722 857 1837 932 aliquid

203 945 306 1002 torem
319 939 491 999 extimescit.
506 957 521 994 a
541 941 613 998 iiiuc
631 941 694 1014 ipse
712 942 751 999 ad
767 943 907 1014 juvenes,
922 957 999 1015 quos
1040 942 1229 1015 scripserunt.
1242 941 1355 1015 Quippe
1370 941 1509 1010 Cadmus,
1520 957 1537 996 a
1550 956 1611 1014 quo
1623 941 1712 997 Graeci
1727 940 1837 1000 litteras

156 1079 160 1085 .
203 1027 243 1087 ed
256 1025 341 1086 beate
349 1023 511 1083 nuendum
522 1023 654 1082 animare
663 1039 819 1099 nunquam
835 1022 997 1094 desinebat,
1040 1029 1229 1101 acceperuut,
1245 1026 1340 1084 mulio
1354 1025 1501 1100 posterior
1515 1028 1593 1083 Mose
1606 1023 1678 1095 iiiii,
1693 1025 1736 1083 uti
1750 1025 1837 1085 dccet

203 1111 308 1171 erebro
331 1108 471 1168 dicebat:
489 1126 504 1162 u
521 1107 586 1166 otio
606 1107 740 1166 laborem
761 1107 946 1182 anteponite,
967 1107 999 1165 ui
1040 1109 1193 1179 Eusebius,
1209 1109 1342 1166 lihitiie
1356 1111 1479 1178 Proper.
1492 1109 1597 1179 tivene.
1613 1123 1678 1182 cap.
1699 1123 1743 1166 ιιι.
1758 1109 1837 1180 Quo·

201 1195 370 1268 rubiginem
380 1191 534 1268 splendori
543 1195 681 1265 praestare
692 1193 810 1265 putatis,
822 1211 837 1246 tt
851 1194 996 1249 Rursum:
1041 1193 1133 1250 modo
1147 1207 1219 1264 ergo
1235 1192 1277 1249 ait
1294 1191 1393 1262 Philo,
1408 1189 1479 1248 ilosi
1494 1189 1603 1250 accitos
1623 1205 1686 1250 csse
1704 1206 1836 1268 praecep·

205 1299 221 1335 e
234 1278 380 1338 Advertite
399 1274 578 1335 contrariam
595 1275 709 1331 uirtutis
726 1291 761 1333 ac
774 1275 934 1348 voluptatis
947 1289 998 1332 na·
1039 1277 1118 1334 tores
1130 1291 1168 1334 ex
1180 1275 1307 1334 Graecia?

202 1367 299 1422 turam
305 1379 315 1433 3
328 1361 418 1432 hujus
437 1359 518 1416 enim
538 1361 752 1415 momentaneae
768 1357 917 1416 dulcedini
932 1372 998 1432 per·
1075 1358 1163 1417 Aliud
1180 1357 1301 1431 iusuper
1316 1359 1353 1414 de
1366 1359 1444 1415 hiose
1458 1361 1558 1416 narrat
1571 1357 1733 1431 Iosephus,
1745 1373 1837 1433 penes

203 1448 293 1520 petua
315 1440 505 1518 paenitentia,
522 1439 611 1498 dolor
632 1445 661 1498 et
683 1441 829 1497 cruciatus
851 1437 996 1513 affigitur3
1040 1457 1130 1517 quem
1142 1441 1180 1499 sit
1192 1440 1282 1511 fides,
1297 1441 1382 1514 quod
1395 1439 1504 1498 scilicet
1518 1441 1632 1498 Pharao
1646 1441 1717 1499 iiosi
1731 1441 1836 1502 infanti

203 1528 246 1588 illi
266 1530 370 1586 centia
390 1527 459 1600 post
482 1523 588 1582 breves
611 1524 750 1594 dolores,
770 1529 885 1581 oeternae
909 1521 998 1580 ctiam
1040 1524 1178 1583 diadema
1195 1525 1227 1581 in
1247 1527 1338 1597 eaput
1356 1523 1544 1598 imposuerit,
1559 1525 1652 1581 hicses
1671 1539 1742 1584 vero
1761 1525 1837 1586 illud

202 1613 271 1684 post
284 1611 411 1667 mortem
424 1606 632 1666 delectationes
646 1607 885 1678 adiunguntur.»
901 1607 997 1674 Quare
1040 1608 1198 1668 detraxerit
1207 1607 1239 1666 iii
1249 1613 1356 1666 terram
1370 1611 1399 1665 et
1409 1606 1537 1680 pedibus
1546 1609 1727 1666 conculcarit
1732 1627 1741 1680 3
1751 1610 1837 1684 quod

203 1691 350 1768 discipulo
363 1691 482 1749 cuidam
494 1689 605 1749 lautius
619 1693 718 1746 cutem
731 1687 870 1746 curanti:
889 1689 998 1758 «Quo-
1040 1705 1109 1750 eum
1132 1691 1220 1766 quasi
1242 1691 1357 1749 malum
1383 1707 1472 1749 omen
1500 1690 1667 1766 acciperent
1687 1693 1817 1766 AEgyptii
1826 1735 1836 1765 ‚

202 1791 316 1851 usque,
328 1775 416 1846 ait,o
433 1775 534 1844 miser,
545 1773 601 1831 tibi
613 1788 761 1831 carcerem
775 1771 920 1830 aedificare
933 1787 999 1846 pen
1039 1776 1126 1849 quasi
1142 1775 1239 1835 inians
1257 1775 1306 1833 hic
1327 1777 1454 1848 AEgypto
1471 1773 1590 1834 iuturus
1608 1780 1684 1835 esset
1697 1777 1836 1849 exitialis,

202 1861 296 1935 gisi»
311 1859 410 1920 iuss:
425 1858 620 1934 «Sapientes,
633 1857 690 1928 ait,
704 1858 803 1931 primo
821 1857 889 1915 ioco
905 1856 998 1916 eollo·
1040 1861 1128 1932 atque
1143 1859 1261 1918 divinus
1274 1857 1324 1916 ille
1339 1859 1392 1933 qui
1404 1858 1495 1916 talam
1511 1873 1641 1933 puerum
1654 1859 1837 1920 nesciturum

155 1941 158 1948 '
202 1942 433 2012 cantauimum,
448 1939 579 1999 secundo
593 1955 713 2014 corpus,
729 1939 815 1997 tertio
828 1939 997 2012 pecuniam.
1039 1941 1234 2015 predixerat,
1253 1947 1431 2000 asseveraret
1449 1943 1549 2000 iiosen
1569 1944 1650 2001 hunc
1669 1959 1732 2002 essa
1750 1943 1836 2002 illum

202 2031 244 2088 ita
262 2029 294 2086 in
309 2025 471 2102 Republica
483 2023 600 2099 primus
613 2025 698 2084 iocus
716 2025 802 2083 detur
820 2025 937 2096 virtuti,
952 2041 998 2085 se·
1040 2024 1140 2099 ipsum
1152 2041 1296 2100 puerum,
1309 2025 1457 2101 velletque
1471 2042 1541 2090 eum
1555 2027 1734 2100 interficere,
1746 2027 1836 2087 Ther·

201 2112 319 2172 cundus
335 2109 449 2168 viribus
469 2108 619 2182 corporis,
640 2108 742 2166 tertius
759 2107 911 2183 pecunia,
931 2124 999 2183 quei
1040 2109 1130 2168 mutis
1144 2113 1243 2170 liosen
1256 2111 1396 2185 eripuerit
1408 2113 1436 2170 et
1449 2111 1580 2170 servarit.

202 2196 356 2255 virtutiset
369 2191 776 2268 corporisestadministra.»
792 2194 850 2251 iiac
861 2193 898 2250 de
909 2207 999 2250 causa
1076 2194 1174 2252 Voluit
1193 2197 1268 2252 heus
1286 2195 1385 2252 Mosen
1403 2195 1510 2254 ducem
1526 2196 1633 2271 populi
1653 2197 1788 2256 loturum
1804 2198 1836 2256 iii

203 2279 350 2340 suadebat
357 2276 575 2352 uigilias,quasi
584 2275 734 2350 sapientiae
744 2279 773 2333 et
780 2276 918 2334 castitatis
927 2275 1000 2333 ami·
1040 2275 1110 2344 aula
1123 2278 1284 2338 Pharaonis
1297 2278 1435 2362 educari,
1449 2283 1483 2336 ut
1494 2281 1606 2352 regiam
1620 2278 1834 2353 urbanitatem,

204 2381 264 2426 cas.
278 2366 423 2423 Somnum
433 2376 505 2420 vero
516 2359 732 2418 diuiumiorem
746 2358 954 2430 detestabatur,
966 2361 1000 2416 ut
1040 2375 1161 2418 morum
1177 2361 1370 2434 elegantiam,
1384 2362 1477 2419 animi
1494 2364 1750 2436 magnitudinem,
1763 2363 1836 2422 libe·

204 2449 352 2508 malarum
364 2446 571 2506 illecebrarum
587 2442 823 2517 delictorumque
833 2446 999 2516 parentem,
1040 2444 1202 2516 ralitatam‚
1221 2444 1355 2519 aliasque
1374 2445 1452 2518 regis
1473 2445 1613 2518 virtutes,
1634 2447 1720 2521 quasi
1739 2451 1835 2506 rector

204 2538 234 2592 et
254 2531 344 2590 morti
361 2544 507 2606 perquam
524 2527 666 2598 similem;
682 2526 800 2586 vetabat
812 2541 934 2600 quoque
952 2525 999 2584 bis
1040 2527 1147 2602 populi
1160 2527 1293 2600 iuturus,
1304 2527 1468 2586 addisceret
1478 2530 1507 2586 et
1519 2528 1685 2588 imbiberat.
1700 2530 1834 2598 semem,

203 2616 236 2674 in
249 2615 298 2674 die
311 2613 477 2684 comedere,
490 2611 615 2687 flerique
629 2613 773 2670 saturum.
1041 2615 1076 2668 ut
1091 2615 1194 2686 postea
1207 2610 1321 2685 legatus
1334 2611 1384 2668 Dei
1403 2626 1459 2686 pio
1472 2611 1588 2686 populo
1607 2614 1689 2687 apud
1709 2613 1836 2673 Pharao-

240 2699 330 2756 Porro
341 2738 352 2768 ,
365 2694 509 2769 sapientia
519 2693 725 2768 AEgypticrum
743 2696 805 2752 erat
818 2692 944 2767 duplex,
960 2693 1000 2752 ait
1041 2708 1111 2752 uem
1123 2693 1255 2767 iuturus,
1272 2695 1393 2768 majoris
1407 2699 1484 2752 esset
1501 2696 1585 2770 apud
1597 2712 1667 2755 cum
1683 2697 1838 2756 auctorita-

203 2779 288 2840 Philo
308 2783 338 2838 et
358 2778 509 2849 tustinus,
532 2781 640 2848 Quaest.
666 2779 733 2836 XXV
757 2777 795 2834 cd
820 2777 997 2836 orthodoxos.
1042 2778 1271 2852 tis,praesertim
1283 2777 1492 2838 accedentibus
1505 2783 1550 2838 tot
1566 2781 1630 2854 ejus
1649 2781 1755 2855 signis,
1768 2797 1837 2857 por·

203 2865 316 2930 anc,
340 2865 441 2938 aperta
462 2876 497 2920 ac
519 2859 660 2920 omnibus
683 2859 834 2934 exposita,
858 2859 999 2918 nimirum
1041 2860 1127 2920 tentis
1141 2864 1171 2918 et
1182 2860 1290 2936 plagis.

204 2945 378 3016 Geometria
391 2943 589 3015 arithmetica,
600 2941 765 3014 Astrologia
779 2947 807 3000 et
821 2943 939 3000 Musica.
953 2943 1000 3000 Se·
1075 2946 1257 3014 vouiiirouii
1276 2957 1373 3005 uersu
1395 2961 1461 3006 sius
1478 2949 1606 3020 bicisus,
1620 2965 1721 3010 uicsns
1741 2969 1749 3010 ε
1764 2955 1837 3021 Quii

203 3031 312 3101 uude,
323 3027 564 3102 hieroglyphice,
578 3043 646 3102 qus
657 3041 711 3100 per
721 3025 876 3100 symbola,
889 3027 1001 3100 gravis·
1040 3037 1078 3088 ιιι
1092 3044 1170 3098 iqui
1182 3042 1247 3088 ruii
1260 3043 1328 3088 uun.
1338 3031 1489 3089 -Putcnt
1499 3031 1595 3106 Philo,
1608 3035 1763 3107 tosephus,
1776 3036 1837 3095 Cle-

203 3113 280 3172 sima
297 3113 453 3188 Physices,
470 3110 637 3183 Theologis
655 3113 684 3167 et
707 3109 833 3167 Politicae
853 3109 999 3167 facultatis
1022 3129 1125 3172 mens
1147 3113 1378 3186 Alexandrinus,
1392 3112 1447 3174 lili.
1470 3118 1482 3175 l
1500 3117 1613 3186 strom,
1630 3119 1792 3194 Procopius
1808 3126 1837 3180 et

202 3197 344 3273 mysteria
356 3196 478 3267 edocet3
491 3195 554 3254 haec
567 3209 639 3267 ergo
653 3194 766 3263 omnia,
778 3193 850 3267 quin
864 3197 893 3250 et
905 3194 999 3253 medi·
1040 3196 1195 3270 Rabanus,
1214 3198 1299 3272 quod
1320 3202 1435 3274 itoyses
1457 3199 1495 3257 sit
1515 3215 1627 3260 nomen
1644 3203 1835 3278 AEgyptium:

203 3281 316 3350 emam,
339 3279 437 3352 inquit
457 3277 607 3347 Clemens,
625 3275 728 3334 didicit
752 3279 853 3334 Moses.
877 3277 948 3334 iiiuc
970 3280 999 3335 et
1040 3297 1097 3338 mes
1118 3282 1197 3340 enim
1219 3281 1380 3356 egyptiaca
1401 3283 1568 3356 significare
1584 3301 1711 3361 aquam,
1727 3286 1790 3360 uel,
1803 3289 1837 3346 ut

202 3363 285 3424 idem
303 3363 454 3434 clemens,
469 3362 524 3420 lib.
549 3361 580 3418 Vi
599 3361 781 3430 stromatum,
798 3360 838 3417 aii
854 3363 953 3418 iicseu
968 3361 999 3420 in
1041 3365 1082 3423 ait
1102 3365 1266 3440 Iosephus,
1286 3379 1397 3440 aquam
1419 3368 1548 3441 AEgyptii
1569 3371 1677 3427 uocaui
1697 3386 1759 3440 moa
1783 3373 1835 3428 taes

203 3446 266 3504 suis
277 3445 383 3504 ritibus
399 3449 428 3504 et
440 3445 559 3516 iegibus
571 3446 616 3502 uti
633 3443 761 3502 subinde
774 3441 1000 3517 hieroglyphice
1041 3465 1111 3508 vero
1135 3451 1285 3505 servatos:
1302 3453 1337 3506 ut
1353 3452 1445 3509 ilcses
1458 3451 1540 3510 idem
1556 3451 1594 3510 eit
1606 3454 1691 3526 quod
1704 3456 1835 3512 servatus

203 3531 410 3604 AEgyptiorum
428 3531 561 3601 ratione,
578 3533 612 3586 ιιι
633 3527 741 3585 scilicet
759 3527 855 3585 tradat
874 3542 923 3584 eas
945 3543 1000 3601 per
1041 3547 1175 3605 exaquii.
1187 3532 1370 3592 verumdico
1382 3535 1657 3593 iicsoessenomcu
1670 3536 1834 3606 hebreum,
1848 3544 1954 3594 nessia

204 3613 345 3688 symbola
366 3615 395 3670 et
417 3612 589 3684 oeuigmata3
609 3611 701 3685 idque
718 3613 800 3685 patet
819 3609 948 3668 maxime
967 3610 998 3667 iu
1042 3619 1071 3675 et
1091 3613 1257 3686 significare
1278 3618 1404 3675 tractum
1427 3617 1476 3674 rel
1497 3622 1660 3678 extractum
1670 3660 1681 3690 ,
1702 3623 1775 3693 puta
1799 3637 1836 3678 ex
1859 3617 1939 3710 flegeo

203 3696 335 3756 uestibus
351 3695 554 3766 sacerdotum,
567 3694 743 3764 Cherubim,
757 3698 867 3752 arceat
886 3693 1000 3754 iahrica
1042 3697 1141 3772 aquis;
1154 3697 1240 3757 radix
1253 3699 1332 3756 enim
1346 3699 1410 3772 ejus
1423 3705 1467 3758 est
1479 3700 1611 3772 ltebroea,
1621 3702 1730 3760 scilicet
1741 3713 1835 3768 i'tvn
1850 3680 1953 3784 effi.

203 3779 396 3840 ubeinaeuii.
418 3776 490 3835 vide
513 3777 591 3836 dicta
613 3779 679 3835 Coc.
702 3779 748 3834 27.
771 3780 885 3836 Marcus
906 3778 998 3836 Varro
1042 3799 1129 3850 musa,
1143 3797 1210 3856 quta
1224 3781 1369 3853 significat
1388 3785 1517 3857 trahere,
1530 3785 1579 3843 vel
1599 3787 1761 3846 extrahere.
1783 3791 1955 3846 lie-tetricis·

81 3857 131 3965 3ιίιῖ
150 3857 192 3962 2⁰:
204 3863 287 3938 “pud
300 3863 327 3920 s·
343 3859 700 3956 sugumnumfflmug
711 3861 879 3956 decivitate
891 3859 999 3956 rudo
1042 3867 1158 3925 broeum
1175 3882 1247 3939 ergo
1265 3867 1386 3926 Hebraeo
1405 3869 1510 3927 intanti
1529 3885 1641 3928 nomen
1652 3871 1730 3930 indit
1743 3875 1836 3948 adop·
1848 3863 1872 3894 ⁰¹
1889 3865 1953 3910 ‘⁴¹⁰⁸'

95 3980 183 4035 mu„
205 3951 250 4004 cet
262 3945 415 4019 AEgyptios
426 3944 560 4018 primum
574 3943 711 4001 didicisse
725 3942 845 4012 litteras,
859 3948 1000 4015 magistra
1042 3954 1107 4008 tans
1129 3966 1198 4007 eum
1217 3956 1311 4008 mater
1329 3954 1465 4026 AEgyptia
1482 3971 1489 4010 :
1506 3953 1538 4010 id
1551 3954 1665 4012 clarum
1679 3960 1723 4014 est
1736 3973 1772 4016 ex
1786 3959 1837 4016 he.

89 4038 183 4086 utens.
204 4029 291 4099 iside,
304 4029 397 4102 paulu
406 4027 476 4102 pius
490 4026 610 4084 duobus
625 4042 775 4084 annorum
786 4027 919 4084 millibus
933 4031 1000 4084 anta
1043 4032 1144 4090 braiao
1164 4037 1262 4104 textu,
1278 4033 1331 4107 qui
1343 4035 1384 4090 sie
1395 4034 1504 4092 habet:
1521 4046 1616 4101 Πιιῦ
1638 4047 1702 4101 teu
1714 4049 1837 4123 stipiti

204 4127 291 4172 Suam
309 4113 433 4168 aeffitflm·
448 4112 513 4168 ΝΘΕ
532 4109 659 4168 dnbium
677 4111 753 4183 (11¹5ss
772 4109 1000 4182 1³00b210⁵0P¹1
1043 4124 1386 4197 ruthenensium:
1403 4125 1506 4180 z'tttnt
1526 4125 1647 4180 octti'cre
1661 4139 1746 4181 soemo
1764 4127 1838 4183 licea

205 4199 234 4253 ει
255 4193 367 4252 liebraei
385 4192 552 4252 habitantes
573 4191 605 4250 iii
622 4195 749 4267 AEgyptc
766 4207 820 4266 per
836 4195 999 4251 sisennus
1043 4205 1198 4258 outremer:
1213 4202 1241 4255 tc·
1257 4203 1315 4256 miii
1330 4201 1477 4258 deminum
1495 4207 1656 4274 mescititie,
1679 4205 1712 4262 id
1735 4211 1795 4279 est,
1811 4217 1837 4267 et

204 4278 335 4354 plurimu
353 4291 406 4335 ecs
419 4275 591 4347 docuerint3
605 4275 676 4332 hinc
692 4276 730 4332 de
744 4273 853 4348 loseph
866 4274 1000 4350 principe
1042 4285 1149 4342 υοεαυιι
1163 4297 1256 4338 nonen
1267 4283 1324 4354 ejus
1342 4285 1445 4355 Moses,
1460 4292 1486 4342 et
1506 4287 1581 4344 dicit
1594 4309 1603 4344 ε
1618 4289 1691 4356 Quia
1703 4305 1738 4346 ee
1756 4296 1838 4364 cquis

204 4360 323 4434 [egypti
340 4357 449 4417 metim
464 4360 566 4416 esaim.
584 4370 651 4416 cu:
670 4361 731 4415 «ut
744 4359 873 4417 erudiret
889 4359 1000 4433 prinei-
1043 4371 1223 4426 erroreum
1233 4386 1242 4423 ι
1252 4364 1303 4423 uhi
1317 4366 1395 4426 clare
1406 4374 1487 4444 patet
1499 4375 1639 4430 vocatum
1652 4387 1715 4431 esse
1725 4376 1836 4449 iiosen,

204 4457 258 4519 pes
270 4444 351 4516 ejus,
363 4443 394 4500 et
410 4441 570 4514 saussajus
582 4439 772 4515 prudentiam
786 4441 951 4512 doceret,›i
968 4445 1001 4500 ut
1043 4451 1082 4510 ab
1096 4450 1217 4508 {tebrae
1230 4453 1381 4518 mescttttu,
1392 4454 1631 4528 quodsignificat
1640 4463 1757 4517 extruet
1766 4477 1838 4532 eum,

205 4525 316 4584 mirum
336 4523 469 4591 nonsit,
491 4523 523 4580 in
541 4522 684 4582 doctrinis
707 4529 736 4582 ei
753 4524 869 4597 legibus
891 4527 1000 4599 AEgyp·
1043 4533 1151 4592 scilicet
1165 4549 1201 4591 ex
1216 4533 1302 4608 aquis
1317 4533 1365 4606 (l)

204 4608 315 4667 tiorum
332 4606 428 4665 multu
440 4605 631 4664 Hebraeorum
645 4606 786 4666 doctrina
799 4611 828 4666 et
840 4607 898 4678 legi
910 4606 1000 4664 simil·
1378 4663 1384 4676 ‚
1533 4668 1539 4680 ,

205 4691 277 4750 lime
292 4689 420 4749 inueniri
433 4691 516 4764 apud
533 4690 713 4749 liei-odotem
728 4693 757 4748 et
773 4689 937 4749 Diodorum
958 4690 1000 4749 si·
1043 4663 1244 4796 adgffiffi
1253 4663 1402 4796 ffl'affl:
1413 4665 1839 4806 ffigwogfflffnffigflffi

205 4776 318 4870 cultim
518 4855 524 4869 Ι
680 4854 686 4868 ⁸
812 4854 829 4869 ..
926 4857 932 4870 Ι
1043 4816 1116 4866 men,
1134 4802 1178 4852 vix
1200 4801 1358 4856 dubiumeet
1373 4805 1449 4858 Musis
1467 4821 1559 4860 nomeu
1576 4810 1652 4864 iuius
1668 4815 1820 4880 AEgyptiuiu

240 4858 329 4916 Addit
340 4871 460 4914 rursum
473 4853 572 4927 Philo,
587 4869 703 4928 magnis
715 4871 846 4930 priamus
862 4859 934 4916 licei
952 4871 1002 4914 uc·
1032 4885 1125 4937 ,quum
1142 4873 1212 4937 virgo
1229 4874 1350 4938 AEgrptia
1366 4889 1458 4928 nemen
1478 4879 1590 4942 proiecto
1608 4897 1660 4934 uon
1676 4899 1709 4937 ex
1722 4857 1839 4942 uermes
1944 4919 1947 4927 ·

205 4938 278 4998 citos
291 4939 381 4997 luisse
394 4923 590 5013 preceptores
607 4953 645 4996 ex
658 4941 784 5011 Graecia,
797 4939 850 5014 qui
864 4941 1001 4999 liberates
1042 4955 1111 5005 rum,
1120 4941 1163 4994 sed
1174 4945 1308 5007 suopctrio
1321 4958 1437 4997 sermone
1450 4948 1698 5012 desumptumtuisse
1713 4957 1836 5012 videatur.

124 5070 129 5081 .
204 5027 296 5094 artem
311 5022 483 5092 ChaldoeOS,
497 5022 551 5096 qui
565 5021 722 5080 sideralem
738 5021 909 5096 seientiam,
923 5040 1000 5098 proe.
1042 5013 1153 5072 Quodsi
1170 5015 1256 5064 assent
1272 5014 1408 5079 losephus,
1423 5020 1506 5080 Anttq.
1523 5020 1554 5084 li,
1568 5033 1603 5085 ix,
1616 5028 1649 5074 t:
1666 5026 1789 5077 «Deinde
1803 5031 1837 5096 ai,

205 5106 305 5164 sertim
318 5121 386 5181 quse
395 5104 565 5163 futurorum
574 5105 780 5179 praedictiones
791 5105 936 5177 continet3
948 5112 1002 5165 hs·
1042 5089 1132 5148 ⁰²9⁰‘0
1145 5085 1190 5148 ‘¹¹¹¹
1200 5084 1313 5148 dejectus
1322 5091 1386 5136 eset
1399 5086 1427 5138 ¹¹¹
1438 5087 1554 5148 nouom,
1565 5093 1759 5156 appellationem
1774 5097 1839 5151 benc

206 5189 319 5262 unios,
339 5189 393 5264 sui
411 5203 481 5246 suc
501 5187 613 5246 icere
632 5202 703 5246 eum
725 5187 881 5260 docerent,
899 5169 1021 5264 epos·
1043 5155 1839 5300 titiitieititiiihhtilttititditi

205 5285 258 5344 εΡΘ
272 5270 602 5366 ΟῙΠΠῙΠΠῙῘῙθῧῑΪΜῖΠΠῙ
619 5286 820 5331 ⁵¹¹⁰⁰⁶⁵S⁰P0m
836 5271 905 5330 &Vffi
919 5273 1001 5346 ⁸015,
1043 5295 1131 5362 Philo,
1145 5303 1178 5346 De
1191 5299 1246 5347 rite
1261 5293 1348 5362 liceis,
1362 5300 1476 5352 Clemens
1490 5303 1610 5357 Alexand.
1625 5308 1742 5361 Streniae.
1760 5312 1827 5362 tihi

206 5357 344 5428 stragem
358 5353 508 5426 iuniorem
520 5353 702 5432 appeliatum
715 5371 723 5412 r
734 5355 832 5414 itcseii
846 5371 917 5414 vero
931 5357 1003 5416 edo·
1045 5373 1070 5416 ci
1080 5365 1199 5417 ruscius
1211 5364 1239 5418 in
1255 5367 1393 5431 Promea
1408 5372 1501 5437 decep.
1518 5375 1561 5430 tib.
1574 5375 1617 5444 ix,
1627 5389 1680 5442 cap.
1691 5392 1774 5431 xxviii.
1788 5350 1836 5434 vos
