4100 6024
673 235 985 296 recommiscere
1005 237 1209 298 sermone.
1722 239 1759 300 lb

123 347 259 402 tusorum
269 341 353 400 reiut
360 340 532 402 naturaiitcr
539 339 683 414 incipiant
691 342 917 416 contemplari.»
964 343 1040 403 dunt
1062 359 1198 414 sensum
1213 339 1412 416 nugumnns,
1427 343 1676 420 chrysostomus,
1691 341 1759 404 ilie·

124 427 197 486 Sene
219 426 283 484 hmo
304 427 373 482 vitre
395 425 532 484 sanctitas
552 424 740 496 FranciscoS,
758 425 919 500 entonios,
960 443 1109 502 ronymns
1117 433 1146 486 et
1154 429 1249 486 catari
1259 431 1377 486 Petrum
1385 441 1465 487 nuno
1473 427 1663 499 historicum,
1677 441 1759 491 nunc

11 581 13 594 J
124 507 919 583 raulcs,illirteratosaltissimccloquiorumncimys·
963 513 1122 584 mysticum
1143 513 1248 571 eedem
1270 512 1411 571 orationis
1433 514 1506 570 serie
1531 515 1703 587 perierunt,
1726 511 1759 572 ul

11 607 12 634 i
121 593 195 649 teria
208 597 238 648 et
248 608 334 650 sensa
343 593 462 648 edocuit
471 592 521 648 vel
532 595 671 650 maxime.
681 595 776 661 Quare
785 594 810 650 si
820 597 921 652 saneta
963 595 1124 670 plusquam
1138 595 1232 669 Lydio
1245 609 1323 670 opus
1335 596 1372 653 sit
1384 597 1498 671 lupide,
1514 597 1553 654 ed
1566 595 1738 653 historicum
1746 638 1757 670 ,

123 676 239 746 anima,
253 675 279 732 si
291 675 430 748 precibus
447 675 551 745 nixus,
567 679 685 749 necque
698 675 789 734 fretus
801 677 860 734 huc
873 691 921 732 ae-
963 681 1017 754 qui
1036 680 1222 740 fundamenti
1242 681 1337 738 vicem
1355 683 1451 749 tenet,
1467 680 1498 736 in
1519 678 1652 737 renibus
1673 679 1759 736 vesti·

123 760 229 828 cedes,
241 758 423 832 sedulusque
440 759 518 816 adsit
533 758 634 830 labor,
648 765 680 816 ut
696 759 780 816 nulla
792 762 921 818 transeat
963 764 1107 835 gendum.
1117 767 1181 822 tem
1194 779 1287 838 quem
1300 777 1412 837 paucos
1423 766 1616 836 interpretum
1626 763 1758 820 inuenire

124 844 203 913 dies,
224 859 287 915 qua
304 843 406 915 (quod
426 843 464 900 de
485 843 634 916 Cypriane
654 842 865 901 Tertullianum
887 843 921 900 ia
964 851 1024 917 est,
1039 847 1092 920 qui
1111 848 1216 906 crocis
1235 852 1263 905 et
1282 847 1408 906 ilebneis
1426 846 1533 904 imbuti
1548 845 1696 916 lontibus,
1709 859 1758 918 ge·

124 927 186 984 dies
199 925 356 992 lectitante,
366 928 547 983 memoratS.
561 927 766 998 Hieronymus)
779 940 840 983 non
850 941 920 999 pos·
963 931 1088 986 nuinam
1105 931 1279 988 eorumdem
1292 930 1414 1003 phrasin
1431 929 1631 998 reddiderint,
1645 943 1758 1002 eoaque

123 1009 199 1066 tutes
209 1028 217 1065 ι
228 1008 487 1080 uneitagistrum3
498 1027 513 1062 s
526 1009 683 1081 superabis
690 1009 776 1068 celeri
783 1008 921 1068 facilitate
964 1015 1072 1070 nostra
1088 1011 1210 1070 editioni
1226 1027 1281 1087 per
1293 1013 1395 1070 omnia
1407 1011 1611 1069 conciliarlnt‘i
1622 1013 1700 1080 Quid
1713 1027 1759 1071 er·

122 1093 273 1168 quidquid
285 1093 334 1150 his
347 1097 391 1150 est
407 1091 608 1164 difficultatis,
621 1093 824 1167 recreabiique
835 1093 921 1166 quod
963 1095 1383 1170 gotdesudandumhiomlhl
1399 1095 1502 1156 rideo:
1514 1094 1758 1170 enitendumque,

121 1177 215 1250 turget
234 1179 266 1239 in
286 1178 394 1238 cortice
416 1177 584 1251 sapientie,
605 1178 658 1238 sed
678 1183 779 1252 pascet
799 1179 921 1236 suavius
963 1186 997 1238 ut
1010 1181 1104 1238 multe
1117 1181 1229 1252 legere,
1243 1180 1338 1237 multe
1351 1179 1534 1252 disquirens,
1548 1176 1759 1252 eplouleslmi·
1873 1195 1881 1210 ·

122 1261 207 1338 quod
226 1262 259 1320 in
275 1262 410 1322 medulla
426 1266 470 1321 est
486 1262 612 1322 eoelestis
624 1262 722 1337 adipis
739 1281 746 1320 ι
761 1278 859 1335 neque
871 1277 922 1321 re-
963 1267 1017 1334 ter,
1034 1267 1062 1322 et
1082 1264 1273 1336 melliiegium
1292 1277 1309 1320 e
1327 1261 1453 1321 floribus
1471 1262 1558 1319 adid
1576 1262 1757 1335 aptioribus,

121 1341 224 1400 robers
238 1342 360 1402 nudem
372 1341 511 1415 quemvis
523 1345 714 1401 veternosum
730 1342 919 1412 hereticum,
962 1346 1039 1406 lecto
1061 1348 1196 1406 examine
1216 1346 1373 1404 conficiam
1386 1349 1445 1403 :ut
1464 1345 1637 1402 historicum
1659 1346 1757 1422 primo

120 1426 237 1486 etiamsi
256 1442 347 1486 omne
369 1425 516 1486 biblicum
536 1442 614 1501 opus
635 1427 780 1488 memoria
797 1426 918 1486 callens
964 1445 1100 1502 sensum,
1115 1435 1215 1490 oracta
1237 1429 1420 1488 discussione
1439 1429 1597 1500 sesngsm3
1618 1428 1712 1486 sicubi
1731 1430 1758 1488 is

119 1512 179 1572 boe
191 1510 275 1569 enim
286 1509 346 1568 lere
358 1514 403 1568 est
414 1525 505 1570 omno
519 1525 625 1570 corum
636 1511 779 1580 studium,
790 1522 919 1583 quonos
964 1516 1047 1589 apud
1058 1515 1157 1573 varios
1167 1516 1222 1574 crit
1235 1515 1345 1586 vanus,
1357 1513 1497 1571 indicabo
1510 1530 1517 1569 :
1531 1516 1620 1586 etque
1633 1513 1665 1570 in
1675 1515 1758 1571 tante

120 1595 269 1668 impetunt
284 1611 292 1650 ι
306 1593 419 1676 quibus
437 1608 494 1654 nos
512 1594 619 1654 iisdem
639 1594 730 1652 ermis
747 1608 919 1664 onerarere,
964 1597 1141 1672 opinionum
1155 1599 1362 1668 multitudine,
1377 1613 1445 1674 quae
1464 1596 1568 1656 auxios
1587 1608 1665 1670 seps
1682 1596 1757 1655 ssuc-

62 1718 65 1724 -
119 1677 271 1751 nobisque
285 1681 387 1739 nostre
400 1676 440 1736 ab
454 1677 570 1748 iniustis
583 1676 807 1750 possessoribus
817 1675 921 1736 rendi·
963 1685 1138 1756 tuentesque
1152 1685 1231 1740 tenet
1245 1687 1273 1740 at
1287 1681 1428 1739 obturbat
1440 1683 1606 1751 auditores,
1621 1693 1690 1738 eum
1704 1680 1758 1754 qul

114 1778 187 1820 mre
200 1762 302 1832 dccet,
319 1767 352 1820 ut
364 1761 505 1823 audacter
521 1761 581 1820 lroc
598 1777 704 1833 genere
725 1777 794 1821 cnm
807 1760 844 1820 lis
857 1775 924 1820 ma·
964 1767 1093 1825 maxime
1108 1769 1199 1824 textui
1220 1781 1369 1824 consonus
1391 1770 1435 1823 est
1444 1805 1454 1836 ‚
1467 1763 1623 1838 proeleram
1643 1769 1672 1822 ct
1692 1765 1758 1822 seli·

119 1863 177 1909 nno
198 1851 405 1916 conserentes,
420 1847 482 1904 suis
501 1861 553 1906 eos
571 1847 636 1904 telis
649 1843 848 1904 debilitemus.
867 1849 934 1904 Nea
963 1851 1159 1920 grimonem
1170 1865 1202 1907 re
1215 1851 1368 1921 vulgatam
1382 1865 1509 1923 semper,
1524 1849 1641 1906 decreto
1654 1847 1759 1907 Conci·

119 1946 179 2006 que
190 1947 312 1988 rursum
328 1930 499 1990 cathedram
517 1929 707 1999 extimescas,
719 1928 787 1986 licet
800 1929 920 1988 doctam
962 1932 994 1990 iil
1007 1933 1186 2004 tridentini,
1199 1935 1358 1991 editionem
1377 1935 1519 1991 tuendam
1539 1933 1621 1991 duri.
1637 1934 1758 1993 liebrrea

118 2019 148 2072 et
159 2013 392 2083 celebrem,sed
404 2027 525 2072 securus
538 2013 713 2086 fidensque,
725 2011 838 2070 affatim
849 2011 921 2070 dce-
962 2033 1033 2076 vero
1055 2019 1149 2076 sicubi
1169 2019 1321 2076 dissonare
1344 2021 1519 2089 videantur,
1537 2033 1599 2092 quo
1615 2015 1757 2076 haereticis

118 2095 155 2156 tis
172 2096 386 2172 conceptibus,
401 2096 611 2170 sententiisque
631 2095 723 2157 sacris
740 2095 835 2154 solide
853 2109 920 2166 aer·
961 2103 1211 2176 respondeamus,
1226 2105 1354 2176 vulgate
1373 2103 1583 2160 consentientia
1604 2101 1758 2159 ostendere

120 2196 270 2254 maneque
297 2181 473 2250 instructus,
500 2179 693 2238 Ecclesiasten
719 2193 799 2248 ages.
827 2179 919 2236 Porro
962 2185 1758 2260 enitar30tsiquemolium,ncstrsstamsnnouedrer·

121 2263 298 2322 Scholastica
317 2263 493 2336 neutiquam
512 2263 545 2318 id
565 2262 623 2320 sibi
641 2277 727 2320 1¹0¹oe
745 2262 852 2328 ducet»
866 2259 921 2320 sed
963 2281 1041 2339 sum,
1050 2269 1134 2343 pium
1149 2271 1306 2327 doetumve
1317 2273 1476 2341 suggerant
1487 2269 1676 2340 intellectum,
1686 2283 1757 2327 eum

120 2346 228 2404 lubens
240 2388 250 2416 ‚
261 2348 349 2422 quast
364 2361 513 2420 germane
533 2361 595 2404 aaa
613 2345 827 2406 sarcinatricem
846 2340 921 2402 acei-
963 2351 1102 2424 ansmm;
1116 2354 1169 2410 sce
1182 2354 1237 2422 ιιι,
1254 2351 1407 2410 crastinis
1422 2351 1679 2409 esoraeereeosm
1693 2367 1758 2410 vcr-

119 2427 182 2501 piet
200 2427 345 2504 dabitque
357 2430 509 2502 dextram,
523 2445 559 2488 ee
571 2428 714 2502 partietur
730 2443 838 2501 operas
850 2425 921 2486 utri·
962 2434 1029 2492 bisr
1044 2439 1077 2492 ut
1089 2440 1119 2492 et
1130 2437 1182 2509 qui
1196 2435 1316 2494 Hebraea
1328 2437 1479 2506 nesciunt,
1498 2451 1533 2493 ea
1547 2441 1755 2510 assequentem

123 2528 182 2586 qno
197 2511 380 2588 proluturas.
963 2520 1063 2592 etqui
1082 2520 1194 2590 sciunt,
1212 2520 1307 2577 lentes
1327 2521 1481 2577 consulere
1500 2519 1632 2593 possint;
1652 2533 1755 2577 verum

50 2609 76 2651 ιι
158 2599 204 2657 ad
217 2615 267 2656 me
280 2600 364 2672 quod
375 2599 486 2670 attinet,
500 2598 561 2656 scio
575 2599 729 2671 eeuticque
744 2599 818 2672 quid
832 2599 921 2658 melis
962 2601 1025 2660 bac
1037 2603 1137 2660 omnia
1150 2615 1252 2676 perce,
1268 2608 1296 2660 et
1308 2617 1370 2660 non
1383 2603 1440 2660 nisi
1452 2603 1506 2661 ubl
1519 2619 1565 2660 res
1579 2603 1684 2674 exiget,

32 2725 62 2769 4
125 2683 287 2743 seminem
295 2723 305 2754 ‚
317 2697 469 2756 quumque
482 2682 562 2742 invia
574 2684 716 2743 hactenus
728 2683 871 2742 calcanda
884 2682 922 2742 stt
998 2687 1086 2755 Quod
1099 2687 1138 2744 ed
1152 2687 1304 2745 babbinos
1319 2687 1433 2757 attinet,
1448 2686 1532 2744 nulla
1544 2686 1618 2746 mini
1631 2701 1700 2744 cum
1714 2687 1757 2745 eis
1841 2727 1850 2748 .

32 2788 77 2830 ua
126 2767 379 2834 rie:aiiudenim
390 2766 678 2840 longeestprolixcs
692 2767 920 2826 evolvereocm·
963 2769 1018 2828 erit
1034 2771 1222 2842 communic;
1246 2771 1303 2828 nisi
1325 2785 1386 2845 qua
1407 2775 1491 2844 parte
1513 2787 1581 2829 eum
1601 2769 1757 2829 Catholicis

125 2852 300 2920 murarios,
313 2848 455 2922 ambiguo
469 2865 547 2922 sape
565 2847 662 2908 lructn
672 2866 682 2918 ;
696 2849 780 2908 eliud
793 2848 922 2908 breviter
963 2853 1136 2910 doctoribus
1154 2856 1340 2928 conspirant,
1363 2859 1415 2912 eut
1436 2854 1633 2925 Christianos,
1648 2859 1677 2912 et
1695 2869 1758 2912 me·

123 2950 245 2994 mnsam
262 2950 280 2992 e
301 2933 435 2994 Patribus
449 2933 572 2992 reddere
580 2971 591 3004 ,
604 2932 837 3005 historicumque
851 2931 923 2992 elle·
962 2937 1041 2994 mmo
1055 2939 1083 2994 S.
1096 2939 1318 3012 Hieronymum,
1332 2942 1366 2994 ut
1378 2939 1409 2996 in
1423 2938 1524 2995 multis
1538 2938 1757 3010 deprehensum

124 3020 224 3091 gerino
240 3019 382 3090 jungere,
398 3021 427 3074 et
445 3017 571 3078 alterum
592 3017 631 3076 ab
651 3017 744 3074 aliero
758 3029 920 3076 secernere.
962 3027 1020 3092 est,
1037 3023 1124 3079 tacito
1143 3023 1265 3078 nomine
1284 3023 1451 3094 sequuntur
1465 3021 1644 3096 :ceteroqui
1663 3034 1758 3092 genus

123 3103 198 3173 Scio,
209 3103 391 3160 Nemauseno
406 3101 493 3172 duce,
506 3105 581 3162 crat.
591 3104 610 3161 1
620 3105 658 3158 lle
671 3102 813 3165 Passicin.
822 3099 922 3160 medie
962 3107 1020 3165 hoc
1033 3107 1190 3163 hominum
1203 3105 1341 3175 seigam,
1357 3103 1517 3176 abjectum,
1531 3102 1633 3172 hebes,
1647 3103 1758 3162 omnia·

123 3187 170 3246 Vl&
182 3186 261 3246 inter
273 3185 399 3260 00⁵s‘iul
414 3185 557 3246 ‘limittit
567 3184 686 3256 ingenio
699 3185 801 3242 litteren
814 3183 921 3243 immo·
963 3207 1022 3264 quo
1035 3190 1203 3247 litterature
1215 3201 1321 3261 expers
1331 3187 1393 3258 J'um
1405 3187 1475 3242 inde
1489 3186 1527 3243 ub
1541 3187 1759 3261 Hierosolymo·

122 3273 242 3341 rentur,
257 3273 286 3326 et
305 3284 372 3338 eos,
387 3268 441 3340 qui
462 3267 527 3324 sola
545 3267 702 3338 allegorica
718 3267 921 3342 speculatione
962 3288 1029 3329 rum
1044 3272 1191 3339 vastitate,
1207 3286 1269 3344 qne
1283 3275 1343 3327 totu
1359 3285 1432 3342 gens
1446 3283 1554 3340 regno,
1569 3269 1699 3341 civitate,
1711 3271 1757 3344 ju·

11 3407 12 3420 ,
122 3352 257 3432 impense
274 3351 827 3424 delectentur,incedendumrelterum
840 3350 920 3410 enim
962 3355 1059 3426 dicio,
1078 3353 1206 3428 templo,
1226 3354 1327 3412 littoris
1351 3357 1438 3410 erute
1457 3357 1486 3409 et
1506 3351 1645 3410 derelicta
1663 3354 1757 3426 iacet,

11 3459 12 3470 ¹
122 3437 281 3498 iudeieum
297 3441 341 3496 eet
358 3440 447 3510 utque
467 3436 632 3508 abjectum,
646 3437 772 3496 aiterum
785 3438 922 3510 ineptum
959 3440 1045 3512 juxta
1060 3440 1140 3496 orere
1155 3437 1343 3506 ratidaium,
1358 3435 1421 3493 sine
1433 3449 1518 3508 rege,
1531 3436 1594 3492 sine
1604 3437 1754 3511 principe,

122 3537 156 3582 se
170 3521 361 3582 somniorum
373 3519 551 3596 interpretis,
562 3520 688 3594 parique
704 3525 864 3593 utrumque
876 3535 922 3576 re·
962 3524 1025 3580 sinc
1038 3521 1198 3590 sacrificio,
1212 3521 1274 3578 sine
1288 3520 1389 3592 elteri,
1404 3519 1466 3576 sine
1481 3520 1596 3592 ephod,
1616 3520 1679 3576 sine
1696 3520 1759 3579 tire-

122 3606 320 3681 prehensione
333 3605 477 3678 dignum
488 3606 610 3680 etqucd
621 3605 650 3666 S.
660 3604 852 3676 Augustinus,
864 3603 919 3661 lib.
962 3607 1089 3678 raphim.
1103 3606 1253 3679 llyetlcem
1265 3617 1337 3660 vero
1351 3602 1574 3674 intelligentiam
1590 3599 1665 3660 adeo
1679 3617 1759 3660 nun·

11 3691 12 3736 i
122 3695 242 3754 rvttnc
259 3693 357 3760 Gioit„
374 3707 441 3766 sep.
457 3707 510 3762 ru,
525 3690 626 3764 docet,
640 3691 768 3752 multum
782 3691 856 3750 mihi
869 3707 922 3750 eu·
962 3707 1055 3764 quem
1076 3691 1139 3765 ipse
1166 3689 1385 3759 comminiscar,
1409 3691 1442 3744 ut
1464 3685 1525 3744 suis
1551 3699 1668 3760 semper
1691 3703 1758 3746 eam

123 3777 191 3838 dere
208 3777 361 3846 videntur,
381 3775 482 3852 quiin
500 3777 655 3850 scripturis
678 3777 780 3834 omnia
795 3793 921 3850 prorsus
961 3776 1091 3832 tribuam
1108 3773 1293 3844 auctoribus,
1308 3777 1335 3830 et
1355 3772 1451 3829 sicubi
1471 3785 1505 3829 ea
1525 3772 1579 3828 erit
1598 3771 1758 3844 illustrior,

123 3858 391 3936 significationibus
404 3858 569 3930 allegoricis
582 3859 716 3920 involute
726 3875 788 3918 esse
802 3864 923 3918 couten-
961 3859 1063 3933 paucis
1077 3859 1257 3934 eosnplectar
1269 3873 1277 3912 r
1289 3857 1362 3914 alias
1374 3856 1455 3912 unde
1465 3855 1593 3928 petenda
1606 3855 1653 3925 sit,
1665 3855 1758 3926 digito

123 3945 208 4019 dunt,
221 3944 268 4003 uti
280 3945 314 4002 in
326 3944 385 4000 hoe
395 3945 560 4004 extremum
571 3943 674 4003 devium
687 3941 755 4000 iecit
769 3943 921 4013 Origenes,
961 3944 1000 4000 ad
1014 3943 1108 4000 lentes
1122 3943 1234 4000 intento
1248 3940 1501 3998 commonstrebo.
1513 3941 1604 3997 Porro
1617 3941 1680 3997 haec
1694 3955 1760 3997 om-

123 4030 195 4090 dum
205 4025 380 4090 historicam
393 4025 520 4100 lugiens,
533 4027 596 4086 imo
609 4026 742 4096 elidens,
756 4025 920 4094 veritatem,
961 4023 1010 4082 nia
1028 4026 1134 4098 majori
1152 4026 1293 4082 brevitate
1317 4023 1441 4093 faciem,
1461 4038 1555 4097 quem
1572 4021 1627 4080 leel
1645 4023 1677 4080 in
1689 4023 1759 4097 lipi-

122 4127 177 4187 pro
195 4127 234 4174 en
251 4125 332 4184 saepe
358 4108 515 4186 quidpiam
539 4105 740 4184 symbolicum
758 4108 919 4182 supponit:
961 4109 1051 4168 stolas
1066 4110 1210 4180 Paulines,
1230 4113 1263 4166 ut
1278 4109 1450 4165 universum
1464 4108 1609 4165 biblicum
1629 4108 1758 4165 curricu-

122 4195 196 4256 dum
208 4197 323 4256 Ermex
336 4193 442 4250 ndami
455 4196 537 4252 cosia
549 4191 768 4262 formationem,
782 4191 920 4264 spiritua-
961 4194 1025 4251 lum
1045 4194 1148 4268 paucis
1167 4192 1252 4250 annis
1276 4195 1304 4248 et
1326 4191 1415 4248 tomis
1439 4191 1479 4249 ed
1500 4192 1610 4248 eelocm
1626 4191 1664 4263 (si
1682 4193 1757 4250 Deus

122 4278 187 4338 liter
199 4275 408 4352 accipiendam
420 4278 522 4352 putet:
539 4273 661 4334 arbores
674 4273 817 4350 paradisi,
832 4290 922 4346 ongo·
960 4282 1037 4336 vires
1056 4284 1084 4336 et
1100 4279 1225 4350 gratiam
1242 4276 1370 4350 dederit)
1392 4262 1565 4350 pei-ducam.
1579 4278 1675 4344 Quam
1688 4291 1757 4334 rere

122 4362 209 4422 licam
228 4357 435 4420 fortitudinem
454 4375 462 4414 ι
481 4359 595 4420 tunicas
616 4357 773 4435 pelliceas,
794 4374 922 4432 corpore
960 4361 1009 4420 hic
1022 4362 1185 4420 indefessus
1203 4361 1371 4434 requiratur
1385 4361 1473 4418 labor
1491 4365 1519 4418 et
1538 4357 1672 4419 studium
1688 4377 1757 4418 curn

122 4448 272 4508 namanes
288 4451 317 4507 et
331 4443 420 4520 ptum
438 4444 547 4506 similia
564 4445 688 4520 mystice
702 4445 920 4518 interpretetur,
961 4446 1021 4504 acri
1030 4445 1142 4518 judicic
1151 4483 1161 4515 ,
1179 4448 1213 4501 ni
1227 4443 1343 4513 Gracc,
1357 4442 1516 4516 Hebraico,
1537 4444 1656 4516 Latina,
1670 4445 1756 4518 Syra,

11 4589 12 4598 ,
122 4533 210 4606 atque
226 4550 241 4584 ιι
256 4527 411 4600 ingenium
429 4545 562 4599 suum,s
578 4527 667 4588 nimis
682 4528 786 4602 utique
801 4527 922 4601 precel-
961 4529 1114 4598 chaldaea,
1129 4528 1269 4585 lectiones
1288 4527 1426 4584 codicum
1440 4527 1587 4584 variantes
1605 4529 1755 4598 consulam

11 4607 12 4674 J
122 4613 203 4686 leus,
220 4611 380 4674 «Ecclesiae
392 4607 461 4672 lacit
474 4615 677 4674 sacramente:
693 4631 708 4668 ι
724 4613 767 4671 sic
780 4613 920 4685 Hierony·
962 4615 1058 4670 Patres
1072 4615 1197 4683 Graece,
1206 4612 1336 4682 Latinos,
1351 4611 1528 4668 recentiores
1539 4613 1713 4684 interpretes
1727 4612 1758 4668 in

122 4713 207 4772 mus,
222 4695 279 4756 lib.
294 4695 317 4754 V
331 4700 363 4754 in
381 4697 495 4760 lectam.
517 4697 645 4773 ideoque
662 4697 745 4756 illem
764 4711 920 4756 censuram
962 4696 1158 4754 diversissima
1168 4695 1322 4766 abeuntes,
1334 4696 1469 4768 adeoque
1481 4695 1614 4767 prolixos
1625 4695 1756 4766 evolvas,

11 4769 13 4792 ³
121 4781 265 4840 incurrit:
283 4777 362 4836 «nni
376 4779 453 4838 bene
465 4781 614 4852 Origenes,
627 4797 716 4838 nemo
727 4781 852 4850 melius;
867 4778 920 4844 uhi
962 4780 999 4838 de
1012 4781 1136 4850 singulis
1150 4794 1306 4838 censuram
1319 4776 1414 4848 ieras3
1429 4778 1506 4854 quid
1519 4795 1600 4838 orror
1614 4779 1650 4834 sit
1658 4821 1667 4850 ,
1682 4779 1758 4852 quid

121 4868 208 4938 mele,
218 4881 311 4926 nemo
324 4865 445 4938 pejus.»
461 4869 502 4926 na
515 4865 719 4926 cassiodorus,
734 4867 842 4924 Verum
852 4862 920 4936 quis
961 4861 1043 4934 fidei,
1052 4863 1339 4936 quidcertutn,quld
1347 4861 1514 4936 probabile,
1523 4862 1598 4935 quid
1607 4861 1759 4936 improba-

120 4946 921 5024 uobishoecOEdipusinterstingueudodefiniettQuod
961 4947 1031 5019 bile,
1043 4948 1118 5024 quid
1127 4947 1264 5019 litterale,
1272 4947 1348 5022 quid
1361 4949 1489 5008 maxime
1499 4947 1674 5018 genuinum,
1684 4949 1771 5021 quid

122 5032 159 5091 de
170 5031 378 5094 sacerdotibus
392 5031 506 5094 dixtin.
521 5033 739 5110 Hieronymus:
757 5033 921 5092 «sacerdo
961 5032 1164 5103 allegoricum,
1174 5035 1202 5088 et
1214 5031 1448 5105 tropologicum,
1459 5029 1675 5100 anagogicum
1695 5047 1760 5087 om·

11 5123 13 5146 l
121 5119 164 5176 tes
179 5115 284 5191 mulli,
298 5115 467 5178 secerdotes
483 5115 617 5190 peusin
634 5116 684 5178 nie
699 5131 769 5178 voro
782 5117 820 5174 de
833 5115 921 5174 inter·
961 5115 1070 5190 niaque
1084 5115 1221 5185 distilles,
1238 5115 1313 5174 etia
1328 5115 1385 5174 tria
1403 5113 1493 5172 rerba
1510 5111 1660 5184 conteram
1681 5129 1759 5188 supe

11 5255 13 5286 ,
122 5199 253 5272 mnibus
267 5199 399 5262 dixerim
413 5217 422 5258 r
437 5199 609 5280 tutespmtes
629 5199 734 5274 multi,
747 5199 920 5274 interpretes
960 5198 1025 5272 ipse
1035 5213 1155 5260 mosum
1164 5199 1320 5261 litteralem
1329 5198 1495 5270 genuinum
1503 5197 1648 5268 invenire,
1658 5201 1687 5255 et
1694 5199 1760 5272 pri·

122 5282 846 5360 pennensismnmaeregortusmysncumicrc
854 5281 921 5342 red·
952 5283 1167 5374 ¹naurs-glucies]
1178 5280 1360 5357 perfringere
1374 5281 1574 5353 dcbsmmon
1587 5281 1688 5344 sodo
1700 5281 1760 5342 sisi
