4100 6024
684 233 860 301 nscomttl
876 235 997 300 etone
1014 233 1220 298 SGRlP'i'thB.
1748 233 1767 292 2

132 339 245 402 lauant
261 337 336 402 steri
352 339 453 412 ata,
469 340 499 402 el
516 338 588 402 nou
603 336 791 402 instrumenti
808 341 931 416 scripto-
972 341 1038 417 quit
1054 343 1085 402 B.
1105 343 1220 410 Petrus,
1240 341 1367 412 Epistola
1384 341 1411 411 l,
1434 350 1632 412 anparere.
1647 339 1698 406 tt,
1713 337 1766 396 fln-

132 435 191 495 res,
208 421 277 498 quis
291 439 341 484 ens
358 421 489 496 ingenio,
504 421 573 498 quis
589 419 667 484 votis
680 425 709 482 et
721 419 872 483 voluntate
885 439 931 482 se·
972 423 1097 484 miorem
1110 421 1317 498 propheticum
1331 437 1512 492 sermonem,
1524 422 1572 480 cui
1586 420 1766 480 benefacitis

132 507 295 584 queratur?
313 505 474 580 Nimirum,
492 505 644 568 latuerunt
665 503 728 566 haee
750 505 863 582 priseos
884 521 931 566 ea·
973 507 1154 567 attendentes
1171 507 1258 582 quasi
1278 508 1421 580 lucernae,
1436 507 1544 566 lucenti
1559 507 1589 564 in
1603 503 1766 577 caliginoso

132 590 265 666 pientes,
283 591 421 666 quamvis
442 590 630 664 prodigiosa,
648 592 677 648 et
694 589 734 650 ed
753 587 931 649 miraculum
973 590 1056 661 loco,
1070 589 1165 650 donec
1186 592 1247 650 dies
1267 591 1426 660 elucescat,
1441 595 1469 648 et
1484 589 1587 646 lucifer
1602 589 1715 646 oriatur
1735 588 1767 646 in

131 689 210 751 pene
224 669 348 734 sublimi
369 669 555 746 intelligendi
567 674 597 734 vi
610 672 770 748 praeditam
784 669 932 744 ignoravit
975 673 1115 733 cordibus
1128 675 1240 734 vestris.
1256 694 1271 729 a
1288 675 1359 732 linio
1371 691 1442 746 ergo
1456 671 1512 730 laci
1525 677 1552 731 te
1566 671 1698 745 primum
1716 672 1767 730 de·

131 755 506 828 hoeoPlatonisacademia,
517 755 566 816 hio
577 753 931 830 siletomnisl’ythagoroe
975 762 1020 818 eet
1039 757 1206 829 inundare,
1227 757 1304 816 hane
1321 757 1422 830 sequi,
1445 762 1479 814 ut
1499 757 1552 830 qui
1566 756 1597 812 in
1611 760 1663 814 tuo
1677 754 1767 814 corde

133 841 252 912 schole,
265 838 314 900 hie
325 837 412 916 pueri
425 843 496 900 sunt
508 839 655 911 Socrates,
671 835 842 910 Pimander,
856 837 932 894 hna-
974 838 1044 900 inde
1065 846 1185 901 exortus
1202 837 1289 900 luerit
1311 837 1431 910 lucifer,
1445 838 1510 898 aliis
1524 839 1632 900 deinde
1645 837 1766 914 praetul-

132 940 278 998 xagaras,
291 922 412 997 Thales,
427 921 603 984 aristoteles.
623 921 716 982 Taceo
738 937 806 998 qnae
823 917 860 979 de
874 918 932 977 vir·
974 928 1051 997 gent.

133 1007 247 1068 iniibus
267 1011 381 1068 naitllae
397 1005 547 1082 cogitem,
570 1005 689 1079 delegit
712 1003 809 1080 deque
828 999 932 1064 officiis
1010 1011 1117 1086 Regius
1134 1028 1204 1072 vero
1222 1013 1331 1072 psaltes
1344 1011 1466 1072 beatum
1477 1015 1580 1082 vocat,
1594 1026 1656 1068 non
1669 1011 1722 1084 qui
1736 1012 1768 1068 in

132 1091 266 1164 homine,
280 1089 467 1170 quaestione
481 1089 584 1168 pollet,
592 1089 702 1164 dignis,
713 1085 810 1164 doque
823 1084 866 1148 eis
880 1083 933 1146 ad·
975 1093 1050 1156 alios
1072 1096 1122 1154 liei
1135 1093 1255 1170 eloquia
1266 1093 1435 1169 profundit,
1450 1095 1502 1152 sed
1515 1095 1568 1168 qui
1581 1095 1613 1151 in
1627 1095 1691 1166 lege
1704 1095 1767 1166 ojus

134 1171 228 1236 versis
240 1172 332 1248 vitiis,
344 1177 373 1234 et
385 1173 525 1234 universa
538 1171 644 1234 morali
656 1169 847 1248 Philosophia
860 1169 933 1231 divi·
975 1178 1134 1240 meditatur
1145 1179 1192 1236 die
1203 1194 1238 1236 aa
1249 1182 1347 1250 noatm
1360 1179 1440 1236 hune
1453 1178 1580 1252 proinde
1594 1193 1658 1234 csse
1668 1182 1702 1236 ut
1714 1178 1768 1251 lig.

135 1275 183 1323 nes
194 1255 307 1318 Litterae
319 1253 427 1320 clarius
443 1253 612 1332 certiusque
626 1256 732 1330 quavis
748 1255 847 1314 Ethioa
864 1269 932 1328 pet·
975 1275 1050 1320 num
1071 1260 1238 1336 placicium
1256 1277 1339 1320 secus
1351 1261 1493 1320 decursus
1505 1275 1668 1334 equarum,
1683 1262 1768 1334 quod

134 1344 281 1417 hanani,
294 1344 329 1401 ut
340 1338 372 1402 in
384 1356 434 1400 ees
446 1337 526 1400 solas
543 1333 595 1400 illa
613 1335 699 1400 Tullii
717 1333 933 1412 Philosophioe,
975 1343 1105 1404 fructum
1118 1360 1206 1404 sunm
1226 1343 1310 1404 dabit
1321 1343 1353 1402 in
1366 1348 1498 1416 tempore
1512 1359 1578 1400 suo.
1594 1344 1653 1400 lloc
1665 1342 1768 1416 utique

58 1431 126 1506 lili·
136 1423 199 1484 Sile
221 1421 328 1486 Eihicae
340 1419 438 1494 8108ῑὸ
455 1419 605 1498 &piissime
624 1416 819 1489 ⁰⁰¹1V011i³1¹is
835 1421 864 1480 ei
875 1415 934 1478 sint
975 1427 1035 1488 tine
1052 1427 1101 1488 vel
1118 1429 1264 1498 maxime,
1278 1442 1377 1486 sacros
1391 1426 1506 1485 codices
1519 1425 1607 1484 nobis
1621 1425 1768 1484 conscribi

39 1497 98 1552 ’Ψ
136 1507 334 1582 dicanturque
342 1505 456 1582 optimo
466 1507 533 1580 juro
547 1501 857 1575 «turritanensem
866 1515 933 1560 1Πο-
976 1512 1070 1572 voluit
1083 1514 1174 1584 Deua,
1186 1511 1372 1586 verbumque
1388 1525 1476 1584 suum
1490 1509 1663 1582 proposuit,
1676 1513 1710 1566 nt
1722 1509 1769 1568 lu·

135 1609 222 1665 rum,
235 1587 327 1652 enimi
340 1585 505 1663 medissinssr
518 1585 596 1648 bene
608 1583 728 1648 Vilifldi
741 1599 858 1658 immi»
869 1582 932 1656 jus·
977 1610 1064 1656 cerna
1076 1600 1151 1654 esset
1160 1596 1303 1671 pedibus,
1315 1595 1457 1667 daretque
1467 1591 1569 1650 lumen
1578 1593 1689 1650 semitis
1700 1608 1769 1652 nos·

134 1675 206 1744 iiii&
220 1667 586 1746 altimreliaionistax.»
976 1679 1043 1752 tris,
1066 1685 1098 1738 ut
1120 1682 1196 1740 inter
1217 1681 1306 1739 hosce
1328 1675 1517 1735 lucidissime
1539 1675 1717 1750 voluptatis,
1740 1680 1769 1734 et

57 1777 75 1820 t·
172 1763 279 1824 Didicit
290 1761 366 1830 hoo,
383 1762 581 1836 expertusque
595 1759 638 1818 eii
650 1771 762 1832 magno
775 1771 833 1818 ⁸l10
849 1751 931 1816 bono
975 1763 1137 1837 plusquam
1158 1763 1270 1821 Alcinoi
1289 1762 1391 1818 hortos
1411 1758 1643 1830 inambulantes,
1661 1759 1769 1831 jucun·

38 1831 124 1878 *Μ’
136 1849 165 1906 Sa
184 1847 315 1906 lustinus
332 1842 530 1918 Philosophus
550 1846 578 1902 ei
598 1843 715 1914 ileriyr,
736 1839 807 1914 qui,
822 1844 855 1898 ui
868 1839 933 1912 ipso
977 1845 1100 1906 dissime
1113 1847 1273 1906 coelestium
1281 1845 1431 1903 fruetuum
1440 1857 1629 1916 pasceremur
1637 1844 1768 1915 aspectu,

37 1905 125 2000 iiis&
136 1931 218 1988 iestis
235 1933 279 1987 esi
298 1927 382 1986 initio
396 1924 508 1998 dialogi
525 1931 621 1984 eontra
634 1925 821 1999 Tryphonem,
836 1922 934 1982 Philo·
976 1934 1006 1990 et
1020 1934 1109 2004 gustu
1122 1931 1296 1990 frueremur.
1311 1931 1343 1984 Et
1353 1941 1423 1984 eane
1434 1925 1477 1984 uti
1489 1925 1520 1982 in
1531 1924 1682 1998 paradiso,
1694 1923 1770 1982 inter

38 2027 66 2060 sa
83 2027 125 2062 aa·
136 2014 252 2090 sophia
272 2026 409 2088 vereque
429 2009 511 2070 illius
530 2008 679 2084 sapientie
697 2022 766 2082 ‹111ae
783 2006 823 2064 od
840 2007 933 2065 Deum
975 2019 1130 2074 vernantes
1143 2015 1287 2072 arborum
1300 2010 1468 2084 tlornmqua
1487 2008 1637 2078 surculos,
1654 2013 1705 2065 aut
1720 2021 1769 2066 rn-

37 2079 118 2125 'm
137 2095 235 2167 ducit,
255 2091 377 2166 avidus,
399 2089 529 2152 mirabili
552 2092 664 2153 circulo
687 2094 780 2150 socias
799 2103 933 2164 quasque
975 2093 1768 2166 titantasmalorumtaeies,necessestpraterauntem,

135 2179 387 2256 Philosophorum
403 2173 596 2248 illustriores,
611 2171 693 2236 velut
706 2171 871 2250 odysseam
889 2189 934 2232 er·
976 2181 1023 2238 rel
1045 2181 1139 2240 odore
1157 2181 1261 2238 saltem
1281 2182 1310 2236 et
1330 2177 1429 2236 colore
1448 2174 1545 2247 retich
1561 2178 1654 2248 utque
1669 2174 1721 2248 qui
1737 2174 1769 2232 in

134 2281 240 2326 rorum
253 2266 430 2338 pervagatus
444 2255 570 2334 frustra,
583 2256 615 2318 in
632 2253 796 2318 Christiana
810 2253 933 2318 demum
976 2265 1058 2334 sole,
1069 2263 1137 2322 licet
1147 2262 1238 2322 animi
1252 2277 1356 2331 causa,
1371 2257 1559 2328 deambulat,
1570 2258 1712 2316 calescere
1726 2262 1769 2318 tn-

134 2351 163 2409 S·
178 2348 354 2406 Uitellium
374 2345 649 2418 Eihicsssiassiluaffl
667 2337 844 2402 ⁸01³⁸015d8
860 2356 933 2398 ⁰011·
976 2362 1061 2416 men,
1083 2351 1112 2406 et
1130 2344 1274 2404 rubedine
1297 2342 1392 2402 imbui
1414 2342 1550 2400 videmus
1572 2359 1579 2396 :
1600 2341 1640 2398 ita
1653 2341 1769 2400 divinas

134 2433 259 2510 quierit.
273 2437 313 2490 Aa
323 2432 455 2506 primum
466 2429 562 2488 Stoico
576 2427 696 2488 cuidam
711 2422 891 2502 discipulum
901 2439 933 2484 se
975 2430 1094 2490 Litteras
1115 2429 1251 2500 religiose
1264 2421 1441 2500 assidueque
1455 2424 1632 2496 legentium,
1646 2425 1769 2482 audien·

135 2511 263 2588 addixit,
277 2527 453 2590 aquenum
464 2509 508 2572 nil
521 2509 559 2572 de
574 2511 633 2572 beo
647 2507 775 2581 audiret,
789 2509 932 2583 Peripate·
975 2513 1065 2584 tium,
1079 2509 1254 2571 discentium
1267 2514 1396 2579 mentes,
1410 2523 1529 2576 sensus,
1545 2507 1679 2578 consilia,
1689 2510 1768 2579 vota,

134 2600 228 2660 ficum
243 2595 352 2670 delegit
363 2595 549 2670 magistrum,
562 2611 655 2670 quem
668 2591 803 2654 mercede
818 2593 933 2666 sapien·
976 2611 1134 2669 moresque
1148 2593 1238 2654 veluti
1250 2593 1385 2667 quodam
1399 2590 1557 2650 divinitatis
1571 2592 1670 2650 calore
1684 2590 1770 2664 tingi,

134 2683 208 2744 ham
225 2677 444 2742 nundinantem
463 2677 645 2753 despiciens,
659 2678 691 2738 in
706 2675 933 2752 Pythagoricum
977 2679 1143 2754 sanctisque
1155 2675 1309 2738 affectibus
1323 2676 1444 2736 accenffl
1455 2691 1572 2734 neeesse
1584 2679 1639 2735 est.

136 2771 180 2826 eoi
194 2763 369 2837 devolutum
381 2761 435 2822 sed
452 2761 538 2840 quod
558 2779 655 2838 neque
677 2761 865 2834 astrologus,
883 2775 933 2819 ne·
1012 2767 1291 2836 Quiaenimeaetam
1301 2765 1392 2824 enirm
1405 2764 1565 2838 puritatem
1577 2779 1640 2822 non
1653 2763 1770 2836 induat,

136 2865 196 2926 qne
210 2851 363 2910 Geometer
376 2843 451 2906 foret
465 2849 556 2922 (quas
573 2843 623 2906 ille
639 2847 733 2916 artes,
747 2843 789 2903 uti
809 2841 848 2903 ad
865 2839 934 2902 bea·
976 2850 1100 2925 quando
1120 2849 1240 2922 eloquia
1260 2848 1377 2908 homini
1395 2851 1489 2918 anate,
1511 2847 1540 2906 et
1561 2851 1706 2922 tanquam
1725 2865 1772 2908 aa

136 2937 199 2991 mm
221 2929 315 2992 vilem
331 2925 547 3008 praeembulise
568 2927 706 3001 exigebat
722 2927 748 3004 l,
762 2923 802 2986 ab
824 2923 882 2986 110⁰
902 2925 934 2986 in
977 2933 1403 3008 gentumigneexeminatum,
1415 2935 1456 2989 tot
1468 2946 1534 2988 eam
1549 2931 1771 2992 efferentialau·

137 3013 323 3076 Platonicum
340 3009 481 3089 delapsus
504 3017 564 3084 ast,
585 3011 787 3071 subventanos
804 3011 833 3070 et
851 3009 934 3070 inani
978 3018 1082 3090 dibus,
1099 3017 1246 3090 tantisque
1262 3015 1416 3074 suadentia
1432 3013 1577 3088 premiis,
1604 3016 1771 3074 auscultati

136 3097 177 3160 ab
191 3095 334 3159 omnibus
347 3095 498 3174 sapientia
511 3113 564 3172 spe
578 3093 715 3168 delusus3
731 3095 826 3154 donee
838 3091 934 3168 inopi·
978 3102 1063 3178 quod
1075 3105 1135 3160 tam
1149 3100 1366 3173 sigidonem,
1379 3097 1637 3156 nteharitatenon
1650 3099 1771 3158 incales-

137 3188 209 3242 nate
229 3181 262 3239 in
282 3179 418 3241 divinum
432 3178 605 3256 qnempiam
623 3173 853 3256 Philosophum,
873 3179 934 3236 sive
978 3189 1041 3255 cat,
1057 3185 1178 3258 quando
1192 3199 1227 3240 ea
1240 3185 1413 3242 aestuantem
1425 3181 1548 3240 Paulum
1559 3181 1657 3251 audit,
1669 3178 1770 3254 igneas

137 3267 311 3340 hominem,
333 3261 395 3324 sine
418 3264 558 3338 angelum
580 3259 698 3334 incidit,
719 3259 772 3338 qui
797 3257 933 3337 protinus
977 3267 1090 3342 ubique
1111 3267 1222 3326 amoris
1243 3266 1336 3326 divini
1355 3265 1491 3324 flammas
1509 3265 1710 3336 iaculantem?
1722 3267 1770 3326 etri

138 3349 241 3421 Suasit,
257 3352 290 3408 ui
303 3345 440 3408 abdicasti
454 3344 537 3408 Omni
547 3343 600 3406 illa
612 3342 748 3404 &fetiali
762 3341 933 3420 dissiplissae
977 3367 1064 3412 mens
1076 3368 1138 3412 non
1152 3351 1261 3410 assiliat
1269 3349 1430 3408 caelestium
1439 3349 1471 3405 in
1479 3349 1635 3422 scripturis
1646 3349 1770 3410 lectione

139 3429 354 3508 prolmetarum
373 3427 467 3489 libffli
485 3427 612 3502 legeret,
626 3444 757 3504 (limium
777 3427 934 3486 Pu⁰i⁰l1ia8
978 3435 1145 3507 bonorum,
1163 3439 1197 3492 ut
1216 3434 1320 3492 intima
1339 3434 1402 3491 hmo
1423 3431 1505 3490 bona
1517 3435 1636 3504 spernat
1650 3437 1679 3490 et
1691 3432 1770 3494 lasti

138 3516 223 3575 omni
237 3513 488 3576 demonstratione
500 3511 596 3586 major
608 3517 636 3570 et
649 3505 793 3586 sapientia
804 3507 879 3569 foret
890 3525 935 3570 sa·
979 3520 1063 3580 diat?
1083 3519 1150 3592 quis
1171 3519 1227 3578 heo
1239 3535 1293 3592 spe
1310 3518 1442 3578 eoelitum
1453 3516 1484 3576 in
1498 3515 1632 3576 humano
1646 3533 1770 3594 corpore

138 3595 317 3670 Iliberrim,
330 3597 361 3654 in
376 3593 433 3656 hos
453 3610 542 3655 omne
559 3610 649 3654 suum
672 3591 799 3652 scieniiae
821 3588 936 3652 deside·
977 3605 1070 3663 vitam
1083 3604 1231 3674 &malm-i,
1242 3608 1272 3662 qt
1280 3601 1433 3660 hominem
1444 3600 1586 3673 angelum
1597 3604 1696 3664 vivero
1708 3619 1770 3668 1100

138 3682 219 3742 rium
232 3685 368 3754 acuerat
388 3682 477 3756 atauo
492 3675 714 3750 eutichianae
730 3676 875 3750 pestana
893 3675 936 3734 a·
978 3687 1104 3760 gasitan
1126 3688 1193 3762 qua
1212 3701 1269 3760 pro
1288 3684 1349 3744 aaa
1362 3689 1391 3742 a
1402 3684 1510 3758 pietate
1529 3686 1695 3746 maestam
1710 3703 1772 3751 aon

138 3782 210 3836 aus,
228 3761 283 3822 aad
297 3768 359 3823 mm
378 3760 497 3824 incensa
516 3761 543 3822 ei
560 3757 652 3823 studii
665 3757 755 3834 helius
769 3757 865 3830 sacri,
878 3759 936 3818 100·
979 3770 1118 3829 oblirmet
1137 3775 1254 3842 peetus,
1277 3765 1317 3828 ad
1338 3765 1460 3842 quosvis
1482 3769 1571 3828 etiam
1592 3770 1772 3832 decumanos

137 3847 289 3922 lionisque
309 3845 480 3907 divinorum
498 3843 687 3904 voluminum
699 3842 807 3918 injecta
820 3841 935 3918 cupidi·
979 3854 1129 3912 malorum
1137 3853 1258 3922 fluetus,
1266 3853 1483 3926 putamque
1495 3857 1576 3926 potat
1588 3869 1642 3926 per
1650 3853 1774 3918 aulum

138 3937 197 3993 iaie
206 3974 218 4005 ‚
231 3936 265 3989 ui
283 3927 421 4008 pitolinus
439 3929 522 3988 omni
543 3929 672 3988 aliorum
692 3923 826 3986 doctrine
838 3924 936 3986 valere
979 3941 1121 4007 mortem,
1142 3936 1265 4008 quando
1287 3951 1385 3995 sacras
1406 3935 1493 3996 hasne
1515 3936 1603 3996 tubas
1617 3939 1693 3998 adeo
1706 3953 1773 4000 sug.

136 4021 235 4094 imos,
254 4015 333 4078 hano
352 4029 443 4078 mam
463 4015 588 4076 ambiret
608 4013 794 4087 attonsione,
814 4019 844 4074 et
866 4029 937 4074 eon·
978 4021 1052 4080 riter
1065 4024 1094 4078 et
1105 4035 1229 4078 nervosa
1242 4017 1445 4078 tortitudinem
1457 4021 1712 4096 constantiamque
1724 4035 1774 4084 oo·

139 4099 318 4162 omonimo
327 4104 508 4176 sequeretur,
518 4095 609 4160 ubere
619 4100 694 4160 adeo
705 4097 815 4172 fructu,
824 4101 857 4156 ut
869 4097 936 4172 ipsa
979 4104 1108 4164 cinentes
1123 4101 1240 4162 arrectis
1256 4102 1380 4160 auribus
1393 4101 1559 4176 animisque
1572 4104 1672 4163 haurit
1684 4109 1773 4180 atque

140 4183 229 4246 nobis
243 4183 393 4246 lustinum
407 4187 436 4242 et
448 4183 657 4254 Christianum,
667 4187 697 4241 ct
710 4179 936 4256 Philosophum,
979 4187 1108 4262 ancipiti
1121 4188 1163 4246 lte
1175 4185 1317 4246 minirum
1332 4185 1506 4256 nechabet,
1517 4187 1527 4244 l
1539 4189 1663 4248 naun.
1678 4191 1772 4262 nrm,

141 4274 168 4327 et
186 4267 345 4342 hlartyrem
366 4267 522 4342 pepererit.
541 4263 623 4327 idem
640 4261 717 4324 illud
737 4261 829 4324 divini
847 4261 936 4336 huius
980 4271 1061 4330 solos
1074 4271 1216 4328 hahentes
1234 4268 1340 4328 solatio
1353 4269 1447 4328 libros
1461 4273 1595 4340 sanctos,
1609 4270 1775 4342 gloriantur

140 4351 314 4428 Philosophi
341 4349 500 4410 eonsilium
525 4345 667 4411 omnibus
689 4343 777 4408 nobis
800 4343 938 4406 assectari
980 4368 1011 4412 se
1033 4352 1142 4412 invicta
1161 4353 1282 4424 virtute,
1296 4356 1324 4410 et
1337 4351 1474 4412 hostibus
1488 4353 1628 4414 omnihus
1641 4355 1774 4429 impene-

142 4448 239 4510 Opelae
262 4434 410 4510 prelium·
429 4431 454 4492 Si
476 4445 580 4492 letum
604 4433 654 4492 Dei
675 4427 851 4508 pietatisque
872 4445 937 4489 son·
979 4435 1100 4496 trebiles
1112 4435 1275 4510 persistere.
1289 4437 1322 4494 nt
1334 4436 1493 4509 Apostolus
1506 4437 1547 4494 ad
1561 4438 1776 4512 duraquaeque

142 4531 228 4588 sum,
240 4515 266 4575 sl
285 4531 383 4576 moras
401 4513 599 4588 Christianos,
620 4513 645 4576 si
665 4521 771 4574 sanate
790 4515 856 4572 vita
878 4509 937 4588 spi·
981 4523 1010 4580 et
1022 4535 1127 4594 aspera
1140 4517 1242 4577 fideles
1257 4517 1434 4589 obarmans,
1448 4521 1524 4578 Rom.
1539 4533 1586 4590 xv,
1600 4525 1642 4580 tr
1664 4523 1777 4590 apua·
1847 4593 1851 4599 ¹

141 4599 232 4660 ritum
248 4615 354 4674 sugere
371 4603 461 4679 atque
475 4597 620 4659 imbibere
631 4599 830 4674 percupimus.
981 4617 1124 4677 cumque,
1143 4603 1254 4677 inquit,
1277 4603 1385 4677 scripta
1406 4608 1491 4674 sunt,
1504 4603 1543 4660 ad
1558 4609 1689 4663 nostram
1702 4605 1776 4664 doe·

63 4701 82 4741 r.
176 4687 281 4748 Fallax
302 4687 382 4748 enim
402 4687 610 4762 calistaque
624 4685 939 4760 multorumperstrin·
981 4687 1088 4747 trinam
1108 4686 1216 4759 scripta
1229 4691 1312 4756 sunt,
1328 4691 1359 4744 ut
1379 4703 1432 4760 par
1445 4688 1616 4759 patientiam
1630 4693 1658 4748 et
1672 4703 1778 4748 coneo·

4 4799 5 4802 ¹
43 4755 183 4847 ‘ffiigit
205 4772 314 4830 mentis
340 4771 449 4843 aciem,
468 4772 589 4845 opinio,
616 4785 712 4827 sacras
735 4768 855 4827 Litteras
877 4786 939 4828 non
981 4770 1121 4828 lationem
1135 4770 1366 4843 Scripturarum,
1380 4785 1464 4844 spem
1478 4772 1675 4830 habeamus.»
1688 4774 1777 4852 Equi·

40 4825 215 4934 xanthi,
235 4855 290 4914 sed
302 4853 368 4912 aliis
384 4854 527 4914 duntaxat
540 4853 712 4912 ediscendas
726 4867 806 4920 esse,
820 4856 853 4910 ut
869 4853 939 4910 doc·
982 4853 1051 4910 dem
1073 4855 1172 4912 neseio
1196 4870 1286 4926 quem
1308 4853 1425 4912 vitalem
1441 4857 1594 4930 spiritum,
1607 4857 1723 4916 occulto
1736 4858 1777 4918 le·

48 4943 126 5014 man
144 4945 239 4998 torem
257 4935 383 5008 seilicet,
405 4941 438 4995 nt
454 4937 639 4995 ecclesiasten
652 4949 738 5008 agas3
753 4932 888 4992 videlicet
906 4937 939 4992 ut
981 4935 1119 5008 gentibus
1132 4937 1247 4996 influxu
1262 4937 1362 4995 efflent
1374 4940 1473 4998 diviua
1485 4940 1590 5010 verba,
1605 4947 1638 4999 ut
1651 4943 1675 4998 si
1688 4959 1724 5000 ea
1736 4938 1778 5000 ad

40 5001 228 5098 &quod
242 5021 308 5082 aliis
321 5019 438 5078 bonum
452 5025 589 5095 appetas,
609 5035 645 5078 eo
659 5019 786 5094 teipsum
803 5017 938 5088 fraudes,
982 5019 1222 5079 doctissimorum
1256 5023 1569 5096 sanctissimorumque
1598 5026 1776 5097 hominum,

40 5075 127 5126 Μ
145 5111 172 5164 et
184 5109 219 5164 ut
234 5105 435 5164 mercenarius
453 5105 623 5160 thesaurum
637 5107 699 5160 tam
712 5100 861 5170 nobilem,
876 5113 939 5158 non
982 5104 1121 5178 quamvis
1142 5105 1274 5164 ardentia
1293 5108 1418 5181 scripta,
1433 5107 1581 5181 conferas,
1595 5111 1659 5170 haee
1681 5111 1778 5172 inani·

143 5187 214 5264 tibi,
226 5189 282 5246 sed
294 5184 360 5246 aliis
373 5186 528 5258 eruderes,
541 5185 736 5246 anteuenias.
748 5186 860 5245 Nonita
870 5201 939 5244 een·
981 5203 1048 5260 ma,
1061 5188 1114 5248 illa
1126 5188 1272 5262 vivenda,
1284 5189 1436 5266 vitamque
1450 5193 1611 5268 aspirantis
1623 5194 1777 5256 manendo

145 5275 210 5332 rent
230 5269 285 5332 illa
303 5267 371 5346 ipse
390 5267 493 5330 divina
510 5265 654 5344 eloquius
682 5269 873 5342 «Habemus,
894 5269 939 5328 in·
982 5285 1113 5332 oensem.
