4236 6040
720 293 1346 390 tonnerranumaxoeun,sn.tr.·
1781 304 1835 380 et

28 412 33 423 '
75 411 78 417 ’
200 417 422 495 lenocinanti,
443 424 478 485 ut
495 419 636 496 patientia
652 421 816 494 maioribus
829 421 996 486 tentationi·
1037 420 1165 480 sinobis
1178 419 1335 481 arbitrium
1345 415 1774 496 memnonisdoestultiouis)
1788 433 1835 482 m·

199 497 786 584 bnspreeparata,inlrirolisexeidat.s
1037 503 1283 576 rogaverimusr»

233 585 372 658 neam,
392 585 534 650 adversm
552 586 631 647 acria
643 586 737 648 verba
748 591 777 646 et
788 585 927 662 verbera,
946 603 996 647 eo·
1073 587 1219 660 Quartum,
1235 581 1835 664 equidcredimusjudicemillum,sinon

200 673 270 733 dem
281 689 348 750 cap.
362 672 426 732 bac
440 671 492 730 dat
504 671 652 752 patientiae
664 671 805 734 remedia.
1038 671 1066 730 et
1079 669 1226 730 altorem?
1238 669 1297 729 hoe
1307 686 1338 727 se
1347 667 1434 728 nobis
1444 667 1621 744 repromittit
1629 669 1729 730 dicens
1745 689 1753 728 ι
1768 669 1836 736 lliu-

234 757 382 814 Prtmume
399 754 573 813 sbomlnus
591 758 712 814 monet:
727 754 942 818 verberantite
964 755 996 814 in
1038 754 1147 817 dicem
1160 754 1245 826 mibi,
1259 758 1288 813 et
1300 769 1356 826 ego
1370 752 1546 825 vindicabo;
1561 753 1594 814 id
1607 757 1651 815 est
1662 751 1835 832 patientiam
1941 767 1944 778 ’

199 839 321 908 taciem,
336 838 425 898 etiam
443 837 567 898 alteram
579 852 687 912 genam
704 837 834 901 obverte.
849 838 997 916 Fatigetur
1037 835 1130 907 mibi,
1142 839 1170 896 et
1186 853 1242 910 ego
1255 835 1427 912 patientiam
1442 833 1692 901 remunerabor.»

199 921 296 984 misna
307 920 484 996 improbitas
493 920 635 998 patientia
647 923 733 984 tna.»
1073 920 1221 990 Quietum,
1243 920 1318 994 equi
1330 921 1461 980 vindicat
1473 937 1520 996 se,
1533 919 1679 984 honorem
1696 917 1835 1000 unieiiu·

235 1005 399 1070 secundare,
416 1001 509 1078 «plus
522 998 696 1082 improbum
709 1002 795 1062 illum
809 1003 897 1064 cadis
910 1005 997 1064 sosii·
1039 999 1128 1074 dicis,
1143 1001 1176 1062 id
1189 1007 1232 1062 est
1245 1005 1310 1076 liei,
1325 1003 1480 1064 abstulit.»

199 1087 299 1148 nendo
310 1105 321 1160 3
334 1087 374 1146 ab
389 1097 426 1146 eo
441 1085 523 1146 enlm
539 1085 709 1160 vapulabit,
727 1089 811 1158 cujus
827 1085 920 1160 gratia
932 1103 996 1146 sus·
1072 1086 1200 1156 Sectam,
1222 1091 1316 1164 «post
1335 1087 1497 1148 vindiciam
1509 1087 1640 1166 seqnitur
1652 1088 1834 1166 penitendo,

199 1172 307 1231 lines.»
1038 1167 1109 1241 iuga
1121 1174 1150 1228 et
1162 1173 1270 1243 reatus,
1284 1175 1318 1228 nt
1330 1170 1395 1245 pari
1409 1171 1502 1231 modo
1514 1172 1715 1246 plectamur.»

237 1257 378 1322 tertium,
402 1255 539 1330 «respice
558 1253 671 1312 dietum
688 1252 805 1314 bomini
821 1269 829 1311 r
848 1257 922 1314 Cum
941 1271 997 1314 ros
1072 1253 1237 1328 Septimum,
1261 1254 1359 1316 «nihil
1372 1255 1554 1330 impatientia
1567 1261 1752 1335 susceptum,
1770 1259 1835 1324 sine

201 1337 420 1410 maledixerint,
436 1338 597 1411 gaudete.»
1039 1337 1151 1410 impetu
1171 1336 1293 1408 transigi
1316 1335 1398 1394 novit
1412 1355 1420 1393 :
1436 1337 1585 1412 quidquid
1603 1339 1716 1413 impetu
1735 1346 1836 1408 actum

237 1423 384 1492 Quartam,
398 1419 564 1482 ellominus
578 1421 642 1496 ipse
651 1419 826 1480 maledictus
835 1422 868 1479 in
879 1421 954 1496 iege,
968 1425 998 1480 et
1039 1423 1092 1490 est,
1106 1422 1158 1477 aut
1171 1419 1369 1494 offendit,aut
1382 1420 1567 1494 consultant
1580 1423 1832 1498 praecepsabiit.»

201 1501 997 1579 tamensolnscstbenedictus;igiturliominumservi
1023 1545 1027 1550 -
1076 1501 1216 1571 Oetaeum,
1229 1501 1275 1560 esi
1284 1503 1379 1562 levius
1389 1501 1567 1577 defendaris,
1576 1507 1834 1572 insaniesrsiuba·

201 1601 436 1662 consequamur,
449 1589 479 1645 et
491 1586 704 1646 maledicamur
717 1589 879 1666 patienter,
897 1592 930 1648 nt
943 1587 996 1648 be-
1037 1585 1115 1662 rius,
1129 1586 1334 1650 oneraberis.»

201 1669 310 1730 nedieti
322 1685 386 1728 esse
398 1665 585 1744 possimus.»
1073 1669 1196 1737 Nonum,
1213 1687 1228 1726 ι
1245 1669 1321 1745 qnid
1340 1669 1412 1729 mibi
1428 1689 1498 1732 cum
1517 1671 1647 1746 tutione,
1666 1673 1751 1748 eujus
1769 1691 1835 1740 mo·

236 1753 538 1828 eenamcenam
548 1753 714 1828 cruciabor,
726 1755 830 1814 saltem
843 1755 996 1834 impatien-
1039 1753 1113 1812 dum
1131 1769 1232 1830 regere
1249 1770 1311 1816 non
1323 1770 1465 1831 possum,
1480 1772 1533 1836 per
1551 1757 1765 1834 impatientiam
1781 1760 1834 1822 du·

200 1838 368 1898 rismum·
1038 1837 1154 1896 loris‘io

235 1919 361 1989 Sectam,
376 1916 512 1980 «idcirco
529 1919 582 1995 qut
595 1923 624 1980 ts
636 1919 733 1994 ledit,
747 1927 780 1981 nt
794 1923 911 1996 doleas,
925 1924 997 2001 quia
1074 1923 1225 1992 bammum,
1243 1921 1447 1998 rsipatientia
1457 1919 1620 1996 incubabo,
1634 1939 1697 1987 non
1706 1925 1833 1990 dolebo:

200 2001 313 2062 motus
322 2003 456 2064 laedentis
466 2004 497 2062 in
506 2004 681 2063 dolorelaesi
691 2009 749 2078 est3
762 2021 832 2080 ergo
842 2021 911 2066 cnm
920 2007 997 2066 fruc·
1039 2006 1063 2063 si
1078 2021 1140 2064 non
1153 2003 1277 2078 dolebo,
1293 2006 1394 2065 ulcisci
1409 2022 1470 2066 non
1484 2005 1696 2072 desiderabo.»

203 2089 266 2146 tom
287 2085 351 2159 elue
366 2086 503 2149 everteris
519 2101 581 2146 non
595 2087 745 2160 dolendo,
759 2087 822 2164 ipse
836 2089 935 2148 doleat
947 2104 997 2149 ne·
1076 2091 1187 2158 Quieto,
1201 2093 1304 2148 cenna
1313 2091 1425 2149 Satanae
1436 2089 1573 2164 insultus,
1583 2107 1649 2170 cap.
1659 2094 1774 2171 mirac
1783 2096 1836 2160 dat

202 2183 282 2230 cesse
302 2173 365 2241 est,
387 2171 546 2232 amissione
566 2171 678 2231 fructus
696 2174 742 2230 sui
766 2190 773 2230 ι
795 2178 865 2233 tnnc
883 2178 914 2234 tu
935 2190 997 2233 non
1038 2171 1185 2248 patientie
1198 2173 1416 2234 roboramenta.

201 2254 294 2313 modo
307 2251 417 2312 illaesus
427 2255 504 2327 ibis,
527 2255 580 2314 sed
597 2255 719 2330 insuper
739 2258 768 2314 et
781 2255 941 2316 adversarii
954 2256 997 2316 tui
1074 2257 1219 2315 Primum:
1236 2255 1384 2318 «Parvula
1398 2257 1511 2318 Salona
1526 2257 1626 2332 jacula
1643 2261 1681 2320 de
1700 2277 1756 2328 sua
1770 2281 1835 2328 ma·

201 2335 389 2398 frustratione
402 2337 579 2410 oblectatus,
592 2343 621 2400 et
633 2339 735 2400 dolore
750 2339 923 2400 defensus.»
1040 2338 1190 2398 diocritate
1210 2344 1394 2414 contemnam
1418 2341 1555 2402 maximis
1574 2357 1630 2418 pro
1650 2359 1705 2406 sua
1724 2347 1836 2412 anube-

239 2419 345 2492 lertia,
360 2417 502 2480 adversus
517 2419 654 2480 dolorem
667 2419 698 2479 ln
711 2425 806 2482 morte
826 2423 996 2498 charorum,
1039 2421 1135 2482 tantia
1148 2423 1272 2484 cedas.»

203 2517 268 2580 cup.
283 2519 329 2574 ιι,
342 2502 406 2562 beo
419 2502 470 2561 dat
482 2503 630 2580 patientiae
644 2503 797 2564 dulciaria.
1074 2503 1234 2574 Secundum,
1250 2503 1327 2564 rubi
1340 2509 1440 2567 minor
1452 2506 1571 2582 injuria,
1585 2509 1628 2568 ibi
1640 2507 1724 2574 nulla
1736 2528 1835 2578 nacae·

236 2589 382 2645 Primum:
400 2585 680 2662 «Legetpostolum
692 2587 703 2644 l
716 2589 804 2650 risse.
817 2603 861 2648 rr:
874 2591 913 2649 be
929 2591 997 2650 dor·
1039 2588 1110 2648 sitas
1123 2588 1311 2663 impatientia
1333 2607 1341 2646 ε
1363 2594 1393 2651 at
1405 2591 1459 2652 ubi
1471 2593 1567 2666 maior
1580 2593 1704 2672 injuria,
1722 2594 1766 2656 ibi
1785 2611 1836 2658 ne-

202 2669 361 2730 mientibus
375 2683 437 2729 non
450 2669 697 2742 contristemini»
715 2674 768 2729 etc.
1040 2671 1182 2730 cessarior
1194 2677 1238 2730 est
1248 2671 1363 2745 injuria
1376 2672 1507 2746 medela,
1519 2675 1693 2748 pauentia.»

236 2753 401 2827 Secundam,
422 2754 593 2812 «credimus
606 2754 849 2814 resurrectionem
865 2759 998 2816 mortuo
1078 2759 1212 2825 Tertium,
1228 2761 1395 2820 coenemus
1414 2759 1517 2835 igitur,
1539 2776 1607 2836 qun
1625 2775 1644 2822 u
1662 2762 1743 2828 malo
1760 2763 1836 2827 inssi-

202 2853 284 2912 rum3
297 2841 382 2898 vacat
395 2850 465 2910 ergo
481 2835 568 2896 dolor
581 2838 695 2912 morus,
707 2843 792 2898 vacat
802 2841 830 2896 et
843 2837 1000 2916 impatien·
1040 2842 1150 2912 guntur
1160 2839 1313 2912 sustinere,
1324 2845 1357 2901 ut
1365 2839 1460 2901 hostia
1467 2843 1601 2906 studium
1609 2845 1759 2910 emoneo
1767 2862 1836 2910 nos·

202 2919 404 2983 tladolorism
1040 2926 1092 2980 troe
1104 2923 1332 2997 aequanimitatis
1344 2922 1481 2983 eludat.»

239 3010 377 3076 tertium,
401 3023 478 3065 «cnr
496 3008 615 3080 doleas,
629 3006 654 3065 si
668 3008 788 3086 periisse
806 3023 867 3065 non
885 3007 999 3066 credis?
1076 3006 1225 3074 Quartum,
1242 3006 1291 3064 «si
1304 3022 1375 3066 vero
1387 3008 1527 3084 quadam
1539 3009 1598 3084 ipsi
1610 3009 1643 3070 in
1655 3015 1771 3074 nosaul
1781 3012 1836 3076 im·

203 3103 256 3152 am
272 3089 459 3170 impatienter
477 3087 554 3151 ieras
573 3089 770 3163 subductum,
794 3105 885 3166 quem
903 3091 999 3150 credis
1040 3084 1213 3163 prudentia·
1224 3093 1275 3146 aut
1287 3093 1392 3164 sponte
1406 3091 1836 3172 etiamsnperducimns,aqna

203 3175 433 3238 reversurum»
1040 3172 1183 3246 patienter
1197 3173 1352 3242 obeamus,
1367 3189 1436 3250 que
1449 3173 1537 3232 nobis
1549 3176 1767 3254 imputemus.»

239 3257 387 3331 anrmm,
405 3257 636 3333 «prolectant
652 3269 748 3332 qnam
758 3259 847 3334 putas
860 3261 998 3330 mortem,
1076 3255 1172 3325 Sesto,
1185 3253 1225 3312 ad
1239 3257 1341 3314 croces
1353 3272 1372 3316 a
1385 3257 1443 3316 beo
1458 3257 1623 3332 immissas,
1639 3257 1704 3322 hec
1720 3259 1773 3324 net
1783 3275 1836 3336 pa·

203 3345 294 3420 idque
305 3343 346 3406 ad
357 3342 477 3401 beatam
489 3341 616 3400 vitam.»
1041 3335 1148 3398 tientise
1163 3337 1384 3398 sustentamine.

238 3429 386 3498 petatem,
402 3439 489 3486 enon
503 3427 546 3484 est
556 3423 704 3500 lugendus
713 3421 766 3499 qui
776 3423 931 3496 antecedit,
946 3423 1000 3482 sed
1076 3426 1199 3482 Primum
1213 3439 1221 3478 ε
1239 3422 1290 3481 ssi
1304 3439 1322 3481 a
1335 3423 1461 3482 bomine
1474 3425 1620 3487 nonnulla
1632 3425 1779 3490 credimus
1791 3429 1836 3490 in·

203 3503 998 3588 planedesiderandus3eurlmmoderatelerasabiisse‚
1042 3505 1113 3576 euti,
1126 3503 1837 3584 cuimagisquambominopatientiamprebea·

205 3611 296 3673 quem
308 3594 627 3670 moxsubsequerisir
1043 3587 1156 3649 musi»
1914 3662 1920 3672 ⁸

238 3679 361 3748 Sestum,
377 3675 582 3753 «impatientia
595 3677 626 3735 in
639 3675 813 3753 hujusmodi
821 3679 851 3734 et
858 3674 922 3752 spei
930 3689 999 3733 nos·
1077 3671 1243 3746 secernam,
1260 3675 1408 3746 «gaudere
1421 3678 1450 3734 et
1459 3673 1600 3748 gratulari
1612 3677 1762 3738 coudecet
1776 3677 1840 3754 dig·

204 3769 256 3826 tre
269 3761 348 3824 male
362 3762 523 3833 ominatur,
538 3764 567 3818 et
580 3759 671 3820 fidem
684 3759 930 3838 praevaricatur.»
1042 3755 1161 3815 natione
1176 3756 1283 3818 divina
1301 3757 1499 3839 castigationis
1514 3779 1523 3815 ε
1538 3759 1614 3832 Ego,
1632 3757 1746 3836 inqnb,
1761 3775 1840 3835 quos

239 3847 407 3924 Septimum,
428 3843 599 3906 «Christum
612 3843 766 3916 redimus,
780 3860 849 3902 cnm
863 3845 1000 3902 evocatos
1044 3840 1151 3914 diligo,
1167 3839 1315 3914 castigo.»

205 3943 341 4008 quosque
355 3924 394 3988 ab
409 3928 473 4006 illo,
486 3927 573 4005 qnasi
583 3927 783 3999 miserandos,
794 3942 857 3986 non
868 3925 1000 4001 aequani-
1081 3925 1217 3992 Tertiam,
1240 3921 1406 3982 «Dominus
1421 3921 1566 3996 patientes
1576 3923 1677 3984 felices
1688 3925 1841 4000 predicat,

205 4016 290 4076 miter
304 4011 500 4092 accipimus.»
1044 4006 1163 4066 means:
1176 4005 1254 4066 Beati
1262 4019 1408 4080 pauperes
1418 4005 1532 4080 spiritu,
1545 4004 1626 4066 beati
1634 4006 1747 4081 tlenlss,
1761 4008 1842 4078 beati

99 4162 102 4166 ,
243 4099 389 4166 Oetaeum,
406 4095 572 4171 «apostolo
583 4093 745 4153 resistimus
760 4092 868 4151 dicenti
883 4110 891 4148 ι
906 4091 1001 4166 Cupio
1044 4092 1147 4162 mites,
1167 4088 1247 4150 beati
1266 4087 1396 4164 pacifici;
1416 4089 1542 4162 gaudete
1563 4107 1633 4152 cum
1649 4091 1841 4159 rosmaladi-

103 4176 107 4186 ”
207 4181 329 4241 dissolvi
341 4185 524 4240 etessscum
535 4177 665 4248 Christo;
681 4175 828 4249 optimum
840 4188 911 4245 ergo
925 4173 1002 4232 illud
1045 4177 1126 4244 cent,
1144 4176 1173 4231 et
1186 4175 1400 4246 persequentur
1415 4190 1422 4227 :
1436 4185 1548 4231 merces
1565 4173 1645 4231 enim
1660 4178 1757 4234 vestra
1772 4175 1841 4250 plu·

207 4269 251 4324 est
262 4267 367 4324 votum
379 4263 623 4332 Christianorum,
637 4259 745 4334 pariter
756 4263 784 4316 et
794 4261 965 4316 nostrum.»
1045 4257 1121 4316 rima
1134 4257 1222 4315 estin
1235 4255 1346 4312 caelo.»

242 4348 360 4417 Quarto,
371 4346 514 4406 adversus
526 4344 648 4402 ultionis
661 4343 836 4418 appetitum,
850 4355 917 4415 cap.
933 4355 964 4398 nr
974 4342 1004 4396 ot
1080 4344 1214 4415 Septimo,
1233 4357 1301 4415 cap.
1314 4355 1373 4411 mr,
1393 4341 1450 4399 bos
1462 4341 1610 4415 patientia
1622 4342 1734 4402 tructus
1747 4345 1839 4420 assig·
1849 4360 1959 4410 pesam

205 4447 240 4504 x,
251 4432 314 4489 brec
324 4431 376 4490 dat
386 4429 533 4504 patientiae
546 4428 742 4502 placamenta.
1046 4432 1097 4487 nat
1107 4427 1239 4486 :Pfimus
1248 4431 1359 4500 estpax
1367 4428 1395 4483 et
1402 4427 1601 4488 reconciliatio
1608 4443 1677 4486 cnm
1684 4430 1838 4502 proximis.
1852 4425 1946 4470 cruam.

240 4521 385 4577 Pmmum:
401 4518 491 4574 rilaeo
503 4514 667 4573 meiscendi
678 4513 774 4572 libido
787 4511 942 4588 negotium
952 4529 1004 4572 cu·
1082 4513 1188 4578 Primo,
1205 4509 1343 4568 «Patiens
1357 4509 1461 4582 implet
1473 4508 1569 4581 legem
1578 4511 1699 4582 christi,
1709 4512 1841 4584 jubentis
1852 4527 1945 4575 remu

205 4607 267 4674 rat,
289 4604 340 4662 ant
352 4601 470 4674 gloriae,
492 4602 544 4656 aut
556 4596 691 4668 malitiee3
713 4596 767 4655 sed
777 4593 873 4670 gloria
889 4594 1003 4668 ubique
1046 4593 1161 4665 ignosci
1172 4591 1269 4662 tratri,
1285 4607 1346 4650 non
1361 4591 1480 4664 septies,
1500 4593 1559 4650 sed
1566 4595 1765 4667 septuagesies
1776 4611 1843 4669 sep-

206 4701 284 4746 uana
296 4689 354 4756 est,
372 4687 401 4742 et
411 4681 524 4742 malitia
537 4681 663 4739 llomino
677 4680 797 4751 odiosa,
810 4681 870 4738 boo
879 4679 1004 4754 quidem
1046 4677 1112 4748 ties3
1126 4676 1207 4747 item,
1221 4680 1255 4734 ut
1267 4675 1449 4732 remittamus
1459 4673 1542 4732 fratri
1555 4675 1712 4749 offensam,
1722 4677 1843 4737 sialieo

205 4771 274 4830 loeo
287 4768 436 4828 maxime:
452 4764 524 4841 quia
535 4766 649 4824 malum
660 4765 802 4838 duplicat,
814 4765 898 4837 quod
912 4761 1004 4820 semel
1046 4759 1164 4818 veniam
1179 4762 1207 4816 et
1218 4757 1423 4817 remissionem
1435 4757 1583 4832 cupimus.
1598 4778 1613 4814 r

205 4852 317 4914 iactrm
334 4854 388 4912 est.
410 4850 488 4922 Quid
501 4849 581 4908 enim
598 4846 687 4906 refert
704 4848 779 4908 inter
791 4849 1004 4922 provocantem
1083 4843 1218 4915 semeio,
1234 4840 1428 4915 retepostcli
1439 4839 1563 4902 domus
1576 4859 1585 4900 s
1600 4843 1721 4908 Solum
1728 4842 1845 4911 occidet

207 4941 236 4999 et
247 4939 460 5013 provocatum,
481 4933 539 4992 nisi
554 4931 640 5008 quod
653 4931 702 4992 ille
715 4931 798 5008 prior
809 4931 842 4991 in
855 4929 1003 4991 maleficio
1048 4942 1138 5003 super
1150 4924 1335 4984 iracundiam
1346 4927 1490 4998 vestram
1509 4939 1571 4985 non
1588 4925 1657 4988 licet
1671 4941 1743 5002 ergo
1755 4926 1845 4988 nobis

207 5015 720 5096 deprehenditur,istaposterioris
941 5072 943 5076 ,
1048 5027 1110 5070 una
1124 5009 1172 5068 die
1185 5009 1248 5068 sine
1261 5009 1402 5084 patientia
1415 5025 1572 5067 manere.»

242 5105 407 5171 Secundam,
429 5105 578 5177 «uterque
598 5101 660 5159 laesi
673 5100 791 5159 bomini
802 5115 871 5157 reus
885 5102 938 5168 est,
952 5096 1006 5171 qui
1086 5097 1192 5161 tertio,
1214 5093 1411 5165 «conjugatos
1429 5092 1603 5151 dissidentes
1620 5093 1763 5167 patientia
1775 5110 1846 5162 een·

207 5203 329 5248 omnem
341 5182 1007 5261 nequamprobibstetdamnat,quiqnepra·
1049 5177 1129 5237 cillat
1152 5193 1161 5233 r
1187 5177 1312 5233 aiterum
1334 5175 1503 5237 adulterum
1526 5187 1590 5234 non
1610 5175 1698 5250 lacit,
1719 5177 1846 5238 alterum

207 5271 279 5348 cipit
291 5270 406 5334 malum
420 5269 502 5332 malo
516 5284 582 5332 non
591 5265 852 5344 rependendum.»
1049 5261 1228 5322 emendat.»
1764 5341 1770 5352 ·

245 5351 382 5422 Tertium,
403 5368 521 5432 «quero
538 5349 684 5409 honorem
703 5351 855 5410 litabimus
871 5350 1007 5418 ilomino,
1088 5346 1207 5414 Quarto,
1230 5342 1416 5422 «prodigum
1433 5342 1531 5408 filium
1542 5342 1684 5420 patientia
1694 5345 1788 5421 palen
1801 5357 1847 5404 re·
