4236 6040
289 323 343 398 m
805 315 1049 390 mmmm
1066 327 1100 390 iit
1117 319 1272 400 iinooiii,
1290 342 1353 394 cir.
1372 317 1407 392 ii·

168 452 275 497 nissce-
287 439 480 502 Bellerminue
498 435 554 498 lib.
568 437 591 494 ii
608 437 647 494 ne
662 433 746 494 Verbo
759 435 826 502 liei,
844 449 910 508 cep.
926 437 1085 496 11.Nomen
1126 433 1233 508 pathos
1250 433 1299 494 irio
1316 437 1345 494 et
1364 432 1455 505 alibi,
1470 435 1531 494 ileo
1548 432 1738 498 minorieet
1754 428 1920 500 moordedo

169 514 226 616 ⁰⁸¹¹.st
252 512 276 556 ⁶·
287 540 359 596 ergo
371 519 504 580 seeundo
514 518 577 580 tilio
590 520 682 578 iiosee
695 517 838 590 imposuit
848 517 971 589 Elieeer,
984 518 1083 589 idest,
1126 516 1280 578 tribuitur:
1296 517 1404 590 quiesi
1418 517 1494 576 oeus
1507 521 1582 578 osset
1591 517 1700 590 bomo,
1713 517 1768 592 qui
1778 517 1921 580 amenus

173 587 265 680 ffliffi,
288 608 363 664 bens
377 619 461 664 meus
474 603 609 674 adjutm,
627 601 720 674 idque
735 604 767 660 ut
780 599 898 662 doceret
911 599 1014 660 fideles
1023 604 1086 673 pre·-
1125 600 1305 674 permisiseet
1317 599 1455 660 liebreaos
1468 598 1576 672 affligi,
1596 603 1672 662 reete
1691 616 1798 660 eorum
1810 600 1920 661 obiitus

168 697 235 742 oser
287 705 339 754 mc,
352 686 440 746 exilia
453 688 482 744 et
493 685 618 744 eduense
630 697 771 758 qunque,
786 686 845 744 Deo
860 683 958 754 nixos,
971 683 1085 744 sortiter
1126 684 1287 755 diceretur3
1301 684 1447 755 jamvero
1461 698 1512 742 eos
1523 682 1649 744 liberere
1661 683 1825 756 destinam,
1839 684 1919 744 dioe-

168 759 241 864 ἐξὲξ·
286 770 376 840 terres
390 767 637 838 seeunduiibaros
650 781 722 824 euos
735 766 855 835 intueri,
870 782 932 826 non
946 767 1084 826 utirrite·
1125 773 1205 828 retur
1217 769 1373 826 recordere
1384 766 1502 828 roduin
1512 766 1576 828 initi
1584 783 1653 826 oum
1662 769 1843 840 Peuiarehis,
1856 785 1919 844 quo

170 851 273 925 sm,
287 851 536 922 monueramus,
551 850 603 909 sed
616 854 650 908 ut
664 854 859 910 monumento
875 850 984 910 divine
997 850 1085 922 largi·
1125 851 1302 926 promisitse
1311 849 1598 922 ooumtoroeorum,
1609 851 1789 926 seminisque
1798 867 1918 924 eorum,

288 936 368 1006 tetis,
388 933 498 1008 quibus
512 933 551 990 ad
565 933 727 1005 graiium
744 933 890 992 sotionem
908 937 937 990 ct
951 933 1000 992 [tei
1013 932 1085 992 obe-
1125 934 1267 1008 peculiari
1280 933 1384 1008 utique
1404 936 1433 992 et
1445 932 1554 994 emmiu
1567 933 1645 992 circa
1658 949 1709 994 eos
1722 933 1918 1008 providende.

170 1033 250 1086 noue
287 1018 429 1080 meroem
442 1016 612 1088 incitentnr;
628 1018 726 1082 tertio,
743 1013 793 1076 bei
808 1031 926 1090 semper
941 1031 1004 1074 esea
1023 1031 1084 1074 me·
1160 1017 1206 1076 25.
1228 1018 1268 1074 iis
1286 1031 1418 1076 uererer
1433 1018 1559 1076 boninus
1577 1031 1667 1078 rrnros
1683 1019 1800 1090 ismri,
1820 1047 1858 1064 -
1879 1018 1920 1078 ite
1933 1024 2032 1070 seem

287 1105 402 1170 mores,
418 1100 578 1174 prolesque
596 1100 701 1160 senem
721 1098 769 1158 nel
780 1099 878 1160 Sancti
892 1099 1015 1172 aiicujus
1028 1115 1083 1158 no·
1126 1101 1259 1158 llomaue
1269 1105 1298 1158 et
1307 1099 1393 1158 llebr.
1408 1100 1544 1173 Respexit
1553 1103 1662 1170 eutem,
1675 1104 1704 1157 et
1716 1101 1855 1173 cognovit
1866 1102 1919 1176 (uti

171 1199 257 1254 orum
287 1186 366 1242 mine
379 1196 568 1257 nuncupem
584 1188 697 1254 mrorto,
712 1182 833 1240 numium
850 1198 906 1240 suo
918 1182 1018 1256 proles
1032 1182 1084 1242 ad·
1126 1183 1240 1240 eddunt
1254 1183 1382 1254 ltebrose)
1398 1186 1474 1239 liene
1486 1183 1635 1256 populum
1649 1199 1747 1254 suum,
1761 1183 1920 1256 cogitando

287 1283 408 1330 monere
417 1267 523 1337 voluit,
536 1273 570 1326 ut
583 1265 711 1338 cogitent
723 1265 804 1327 uude
818 1268 847 1324 et
859 1265 1015 1340 quomodo
1026 1264 1084 1322 sint
1126 1281 1195 1326 eum
1209 1267 1266 1326 cito
1280 1267 1423 1338 liberere,
1437 1266 1525 1340 eique
1537 1266 1711 1326 clamantem
1725 1284 1755 1326 se
1769 1267 1918 1329 cumbere.

287 1352 363 1422 neti,
382 1352 494 1426 quidve
506 1353 565 1412 ileo
579 1349 721 1419 debeant,
740 1348 868 1421 denique
884 1363 962 1420 quos
975 1347 1084 1408 imitari
1161 1351 1269 1410 notre
1280 1349 1566 1416 offloitffecordotur
1576 1355 1626 1416 est,
1637 1354 1767 1422 eoeperit,
1780 1357 1918 1424 mpuocc'tr

287 1440 451 1495 teneantur.
1125 1431 1189 1490 brec
1201 1432 1282 1490 enim
1294 1432 1395 1490 omnia
1407 1435 1544 1505 repetunt
1554 1436 1583 1490 et
1593 1432 1742 1492 inculcent
1753 1434 1920 1496 mirambei

170 1533 274 1582 aare
322 1522 368 1580 23.
380 1523 451 1578 Posr
464 1532 580 1576 unsrun
594 1525 667 1576 suso
681 1529 1083 1574 rsuroursnonruusrsrrex
1126 1515 1157 1574 in
1177 1531 1247 1574 suos
1271 1531 1390 1585 curum,
1413 1531 1563 1585 amorem,
1584 1516 1817 1590 providentium,
1837 1533 1921 1591 meg-

287 1607 415 1666 ldorrrr.
424 1629 460 1648 ··-
468 1600 637 1662 levidelioet
645 1599 702 1658 sub
711 1615 774 1674 quo
783 1601 981 1670 uetustiores,
990 1599 1084 1672 adop-
1126 1613 1256 1672 nemque
1269 1603 1297 1656 et
1310 1597 1435 1658 ociorem
1447 1598 1531 1656 brevi
1542 1597 1635 1658 affore
1647 1599 1710 1672 eius
1725 1615 1814 1674 opem
1826 1601 1920 1660 atmi-

286 1692 364 1748 tetus
376 1687 457 1758 etad
468 1701 570 1746 necem
582 1684 723 1757 quesitus
740 1681 814 1740 tuit:
828 1681 886 1740 boo
899 1683 979 1740 enim
995 1682 1083 1740 series
1126 1681 1326 1741 serioordiern.
1348 1681 1535 1755 Septuaginta
1548 1687 1678 1755 uertunt,
1696 1690 1723 1742 et
1739 1691 1861 1756 counitio
1879 1693 1920 1744 eet

286 1770 414 1832 risoris
426 1768 544 1830 videtur
560 1781 728 1840 exposcere.
752 1767 823 1834 Qua
835 1764 911 1822 ratio
924 1765 1020 1836 coegit
1032 1767 1084 1823 Ge-
1127 1765 1181 1832 cie,
1200 1765 1309 1824 scilicet
1321 1765 1450 1824 liberans
1468 1782 1537 1838 eos,
1551 1767 1637 1840 quusi
1654 1767 1762 1826 diceret
1776 1787 1784 1826 r
1797 1769 1921 1842 Cognita

289 1853 412 1916 rerdum
426 1855 631 1920 decretorem,
645 1854 679 1909 ut
695 1865 758 1908 non
773 1848 947 1918 Eusebium,
962 1847 1015 1906 sed
1028 1851 1084 1906 ile·
1127 1850 1168 1906 eis
1180 1848 1235 1905 tuit
1246 1850 1296 1906 liei
1310 1866 1380 1922 erge
1391 1865 1422 1906 se
1436 1865 1507 1908 cure
1517 1853 1548 1906 ot
1559 1849 1762 1924 providentie,
1777 1867 1845 1910 cum
1864 1869 1920 1926 per

286 1931 1084 2006 nethonamoaoutus,boeoomniequeabucusquener-
1127 1931 1225 1990 llosen
1244 1933 1372 2006 eoepitei
1384 1947 1539 2006 eggressus
1552 1937 1595 1992 est
1613 1949 1664 1992 eoo
1678 1932 1820 2010 liberere3
1838 1937 1920 1994 unde

286 2018 362 2080 revit
369 2022 472 2091 iloses,
482 2017 640 2090 contigisse
648 2013 828 2076 oeusaetsub
838 2015 1083 2086 Armoscsmieno,
1126 2017 1227 2074 Noster
1247 2014 1350 2086 uerdt,
1368 2021 1394 2072 et
1413 2017 1539 2074 iiber-cuit
1557 2031 1600 2074 eor
1621 2037 1629 2074 :
1647 2019 1675 2070 ri
1694 2018 1774 2078 enim
1793 2021 1920 2080 liberauit

286 2103 348 2162 eive
363 2107 515 2164 moeses
528 2117 613 2174 rege,
632 2116 724 2174 quern
735 2098 916 2170 diutissime,
929 2098 1039 2158 scilicet
1048 2101 1084 2156 66
1126 2097 1286 2156 hiemum
1299 2097 1471 2161 moncatum
1478 2139 1489 2170 ,
1504 2115 1566 2160 non
1580 2105 1818 2162 consummatum
1832 2101 1922 2176 signi·

285 2201 549 2258 annos,regnesse
562 2183 661 2244 uadit.
1127 2179 1205 2240 licat.

320 2273 428 2330 verum
445 2269 516 2344 quin
534 2268 689 2328 certiorem
702 2265 752 2324 hic
766 2266 983 2339 chronologum
997 2267 1083 2324 Euse-
1162 2269 1210 2324 est
1222 2266 1280 2324 boc
1293 2267 1387 2340 eapite
1400 2271 1429 2326 et
1440 2270 1566 2342 praeced.
1586 2269 1707 2330 illustris
1725 2271 1808 2330 locus
1820 2287 1920 2332 inore·

285 2355 338 2414 bio
346 2371 408 2416 uon
416 2351 573 2424 hebemus,
583 2367 674 2424 quern
682 2349 794 2424 passim
803 2349 946 2408 Catholici
954 2365 1084 2424 sequun·
1126 2349 1163 2408 lie
1175 2350 1213 2407 de
1224 2348 1368 2410 fructibus
1382 2351 1564 2414 adversitatis
1578 2357 1607 2410 et
1619 2355 1781 2427 pedentim,
1795 2355 1920 2430 eiusque

285 2439 349 2511 tur,
359 2438 429 2496 irino
440 2453 509 2496 cum
524 2437 559 2494 iis
572 2434 698 2494 solidius
712 2433 846 2492 dumus
851 2471 861 2502 ,
880 2432 938 2488 hoc
951 2435 1084 2505 tempora
1126 2434 1296 2508 exemplum
1313 2435 1344 2496 iu
1363 2437 1440 2494 llose
1456 2439 1486 2492 et
1498 2435 1641 2508 ilebraeis,
1654 2438 1707 2512 qui
1725 2454 1777 2512 per
1794 2439 1920 2498 edvmsr

285 2535 349 2582 non
368 2524 484 2582 tentum
504 2523 656 2578 mortuum
675 2515 765 2576 tuisse
784 2517 968 2576 Phereonem
985 2515 1083 2589 iilum,
1126 2522 1288 2588 crevemnt,
1302 2517 1429 2592 lectique
1442 2523 1512 2578 sunt
1523 2521 1666 2594 populus,
1677 2513 1802 2580 Ecclesia
1814 2525 1843 2580 et
1854 2537 1920 2594 reg·

287 2603 345 2664 sub
356 2619 419 2677 quo
432 2605 519 2662 nutus
532 2603 576 2658 est
587 2602 695 2670 tiosos,
710 2599 763 2658 sed
775 2602 805 2658 et
818 2599 894 2658 duos
907 2597 998 2669 ulios,
1014 2615 1083 2660 eum
1126 2615 1200 2658 num
1214 2601 1273 2660 bei.
1292 2601 1411 2675 Scripsit
1423 2601 1617 2661 Tertullianus
1636 2604 1736 2678 (quem
1750 2606 1778 2662 S.
1795 2605 1917 2679 Cypria-
1947 2620 2022 2666 rm

287 2683 320 2748 in
332 2702 425 2759 regno
443 2687 614 2758 sequentes,
631 2683 686 2757 qui
705 2683 839 2756 ejusdem
860 2696 928 2740 oum
948 2696 984 2738 ec
1000 2685 1084 2740 erent
1126 2699 1183 2741 nus
1203 2688 1232 2742 et
1251 2683 1301 2744 elii
1322 2686 1413 2743 secuti
1426 2685 1503 2760 sunt)
1525 2687 1670 2759 insignem
1690 2688 1802 2746 librum
1811 2691 1851 2745 lie
1864 2691 1918 2746 Pc-
1930 2683 2039 2738 ΝΜ

288 2770 366 2843 genii
379 2775 408 2829 et
419 2767 482 2830 odii
494 2769 526 2827 in
538 2768 666 2828 ledeos.
685 2767 751 2824 lime
764 2765 844 2824 enim
858 2765 934 2822 iactr
947 2765 1083 2826 uidentur
1126 2770 1235 2834 tientr'o,
1248 2769 1280 2826 in
1291 2784 1354 2842 quo
1369 2785 1434 2843 cup.
1444 2786 1473 2841 v,
1488 2771 1615 2830 ostendit
1625 2771 1736 2832 diaboli
1745 2773 1918 2836 etomniurn
1931 2743 2039 2854 ffi'„

174 2919 178 2928 .
286 2854 474 2930 perlucente,
489 2857 531 2920 et,
550 2847 735 2912 sinornieiio
749 2847 913 2917 oredimus,
927 2863 988 2906 uno
1004 2863 1082 2907 enno
1126 2849 1283 2911 hominum
1298 2856 1431 2926 peoeeta,
1450 2853 1713 2928 impatientiaeeese
1726 2855 1917 2930 ascribendas
1942 2865 2031 2913 rour-

287 2940 355 2998 ente
373 2937 514 2998 duceturn
528 2936 614 2994 lloeie
629 2939 658 2992 et
673 2933 879 2996 liberationem
893 2931 1084 2993 liebraeorum
1126 2935 1318 3008 sequentibus
1332 2937 1528 3008 demonstret,
1543 2954 1635 3014 quum
1648 2939 1789 3002 eximium
1802 2939 1840 3000 sit
1850 2941 1919 3002 vitu
1955 2927 2023 2974 ¹³¹¹*

287 3035 324 3082 ex
334 3022 476 3094 AEgypto,
496 3033 566 3078 cum
579 3019 672 3076 lioses
690 3019 789 3088 egeret
805 3030 919 3074 annum
932 3015 1023 3074 euos
1037 3018 1081 3086 io,
1126 3017 1281 3078 antidoton
1289 3020 1440 3093 patientie,
1447 3020 1539 3095 idque
1548 3027 1650 3082 contm
1657 3024 1769 3096 quisvis
1777 3025 1901 3084 advene
1905 3043 1916 3098 i

286 3104 490 3178 unquentum
499 3105 662 3171 itemesses,
671 3099 892 3172 neuquieeliue
901 3114 954 3158 rex
964 3099 1083 3174 AEgypti
1126 3107 1269 3174 nomime,
1282 3103 1917 3182 adversusopumetiacuitetumjeoturem,

285 3183 428 3260 regnaut.
451 3187 523 3244 llicit
542 3201 613 3255 ergo
628 3186 721 3244 itoses
733 3183 797 3253 hic,
815 3183 942 3240 instante
953 3182 1015 3256 iem
1030 3185 1083 3242 lie·
1125 3201 1192 3260 oep.
1206 3201 1273 3256 ern,
1291 3188 1355 3246 lraec
1368 3188 1419 3246 dat
1430 3190 1576 3263 patientie
1588 3191 1758 3264 pharmaco.

286 3269 436 3334 binorum
444 3269 628 3340 emissem,
637 3267 724 3342 quod
732 3282 784 3326 N!
794 3281 846 3326 0⁰⁸
856 3265 1001 3360 flfflffssflflir
1013 3282 1082 3324 cum
1159 3279 1283 3334 Primum
1297 3293 1306 3332 i
1323 3276 1451 3347 «omui,
1464 3278 1518 3348 eit,
1531 3293 1609 3350 pena
1620 3278 1653 3335 in
1663 3278 1730 3336 loeo
1740 3279 1778 3338 de
1789 3285 1918 3344 nonum·

286 3353 347 3417 iuis
365 3353 704 3422 omousianorum,
723 3354 757 3408 ut
776 3349 886 3408 indicet
906 3349 960 3420 ris,
980 3353 1082 3422 utpote
1125 3359 1225 3418 nendo
1237 3358 1505 3433 seculosoripturis
1512 3361 1668 3420 dominicis
1681 3378 1915 3430 commonemur.

285 3436 419 3512 tyrannis
426 3476 436 3509 ,
453 3437 593 3505 mortuis,
605 3433 742 3496 ltabraeos
756 3432 935 3506 ingemuisse
948 3435 977 3490 et
992 3433 1082 3492 ineie-
1124 3443 1205 3500 Unde
1216 3446 1244 3500 et
1252 3441 1394 3501 Dominus
1403 3442 1466 3515 ipsa
1477 3443 1508 3502 iu
1517 3443 1607 3502 nullis
1617 3443 1915 3510 diuitiisinvanitur.s

285 3535 381 3580 messe
393 3523 496 3588 Deum,
509 3521 543 3578 ui
552 3517 594 3577 eis
605 3515 752 3580 mitiorem
762 3515 945 3574 Pharaonem
956 3519 1080 3588 erraret,
1158 3525 1324 3593 Secundum,
1341 3526 1506 3586 «Dominus
1525 3543 1641 3600 semper
1655 3543 1800 3602 pauperes
1811 3527 1918 3601 jusiiti-

285 3603 444 3676 autpotiue
454 3601 643 3660 liberatorem
661 3597 785 3657 mitteret
798 3597 913 3670 quiens
924 3613 961 3658 ex
972 3599 1081 3672 AEgyp·
1123 3611 1180 3679 oet,
1194 3608 1299 3666 divites
1307 3609 1507 3682 predemnet3
1523 3611 1609 3669 redix
1620 3611 1701 3668 enim
1709 3611 1845 3672 omnium
1854 3629 1917 3674 ma.

284 3683 325 3746 tia
336 3684 472 3748 ursiton
487 3682 641 3754 exciperet.
658 3680 765 3736 Sensus
774 3694 845 3750 crgo
857 3684 910 3750 est,
925 3697 953 3750 q.
966 3682 995 3738 d.
1006 3684 1080 3738 llor-
1123 3691 1222 3750 lorum
1234 3696 1278 3749 est
1290 3692 1447 3766 cupiditas,
1462 3712 1477 3750 ,

283 3772 336 3824 tuo
349 3783 434 3838 rege,
448 3765 572 3838 uirisque
585 3760 735 3854 tyrannis,
747 3761 860 3817 liebrrei
874 3763 950 3820 serio
962 3762 1080 3824 invoca-
1160 3776 1294 3841 Tertium,
1311 3775 1407 3834 «nibil
1417 3779 1461 3834 eet
1471 3781 1622 3847 nostrum,
1636 3779 1781 3852 quoniam
1789 3779 1917 3844 lleisunt

282 3851 452 3912 runtDeum
458 3861 515 3922 Pio
523 3861 578 3906 sua
586 3843 775 3914 liberationflfi
786 3846 922 3918 [lorisque
930 3860 981 3902 eos
990 3862 1079 3904 exall-
1122 3857 1234 3928 0mnig‚
1248 3859 1332 3930 cujus
1346 3859 1404 3932 ipsi
1415 3875 1537 3934 quoque
1548 3876 1604 3920 nos
1616 3876 1729 3921 sumus,
1741 3881 1755 3916 p

283 3932 370 4006 divit,
384 3929 566 4006 assequenti
579 3943 677 3998 anuo,
697 3926 750 4002 qui
762 3923 818 3986 init
828 3928 864 3984 80
877 3928 978 4000 iiosie,
999 3929 1078 3990 misit
1158 3941 1305 4008 Quartum,
1327 3942 1403 4015 equi
1421 3943 1523 4001 damni
1541 3943 1723 4016 impatientia
1742 3945 1913 4019 ,omimium

283 4018 382 4077 Mosen
395 4015 448 4090 qui
461 4029 513 4075 coe
526 4011 671 4074 liberarit.
1121 4027 1235 4082 torrem
1253 4023 1418 4084 coelestibus
1436 4027 1710 4099 anteponeremus
1727 4029 1865 4101 proximo
1883 4030 1915 4092 iu

314 4103 483 4178 liminensi
496 4116 621 4164 sottu-
635 4097 1008 4172 flebreihic‚tiegeiiohoc
1019 4118 1077 4158 sor·
1121 4109 1212 4164 ileum
1230 4114 1340 4182 peccat.
1363 4109 1497 4168 Libenter
1515 4127 1586 4182 ergo
1599 4115 1715 4168 terrena
1734 4113 1913 4186 emittemus,

281 4184 492 4256 vituueemiti,
504 4183 660 4246 redeuntes
673 4181 713 4242 ad
727 4197 795 4254 cor,
808 4183 905 4242 aerius
917 4188 987 4256 post
999 4201 1076 4244 mor·
1120 4189 1246 4248 coelestie
1266 4196 1402 4252 tueamur
1422 4211 1430 4248 :
1452 4196 1548 4252 totum
1568 4193 1635 4251 iicet
1647 4194 1791 4251 seculum
1803 4202 1913 4270 pereni,

281 4275 340 4334 um
351 4273 562 4344 tyrannorum,
573 4265 662 4340 quasi
674 4266 770 4336 mejor
779 4267 842 4338 jem
855 4265 997 4324 libertatis
1011 4284 1077 4342 spe·
1120 4273 1193 4329 dnm
1203 4275 1376 4348 patientium
1390 4274 1607 4333 lucrifaciam.»

280 4353 382 4418 mdo
396 4353 481 4414 detur
494 4350 625 4418 occasio,
642 4346 842 4407 vociierentur
853 4347 893 4404 ed
907 4351 1011 4416 iteum,
1031 4355 1077 4408 ut·
1156 4357 1301 4427 Quintum,
1323 4357 1487 4431 «patientie
1499 4357 1532 4415 in
1552 4357 1733 4417 detrimentis
1746 4363 1914 4422 exercitatio

265 4440 350 4510 ‘pote
364 4436 418 4508 qui
430 4433 512 4493 solus
525 4429 709 4489 coeliberare
722 4435 856 4505 poteret:
871 4432 911 4488 lie
924 4431 1075 4492 tribulatio
1119 4443 1162 4496 esi
1182 4439 1327 4511 largiendi
1334 4459 1344 4510 ς
1358 4439 1427 4500 iacit
1443 4441 1522 4498 enim
1535 4457 1590 4500 nos
1607 4440 1706 4500 faciles
1728 4443 1768 4506 ad
1782 4462 1914 4506 commu·

281 4519 367 4581 dooet
377 4519 469 4578 Deum
482 4516 634 4586 invocere;
647 4515 738 4587 vulgo
752 4515 857 4574 dieitur
879 4534 887 4574 r
910 4517 965 4586 Qui
985 4520 1076 4576 nescii
1119 4521 1294 4590 uiuendum,
1309 4528 1338 4580 et
1352 4524 1486 4582 dandum
1500 4524 1719 4598 eleemosynam
1734 4545 1742 4584 r
1758 4543 1821 4588 non
1833 4525 1914 4604 piget

281 4615 382 4669 orem,
399 4601 447 4660 eet
464 4595 504 4658 ad
516 4613 612 4666 meror
631 4597 673 4656 ibi
690 4598 770 4658 enim
783 4597 891 4657 fluctus
904 4603 932 4656 et
943 4600 1076 4672 periente
1119 4605 1231 4664 donare
1245 4621 1328 4677 eum,
1341 4607 1394 4679 qui
1408 4621 1468 4665 non
1482 4608 1566 4666 timet
1576 4609 1738 4681 perdere.»

280 4681 432 4741 docebunt
444 4696 513 4738 eum
525 4679 650 4767 proceri,
666 4683 817 4754 licumque
831 4681 1075 4741 eteoelitesincle·
1153 4687 1280 4754 Senium,
1305 4689 1485 4761 «gentilium
1503 4695 1547 4750 est
1568 4691 1709 4749 omnibus
1731 4693 1913 4756 detrimentis

281 4777 373 4825 mere.
1117 4769 1289 4842 pellentium
1306 4770 1461 4844 adbibere,
1482 4774 1535 4847 qni
1554 4788 1618 4832 rem
1638 4775 1840 4848 pecuniarium
1853 4779 1914 4836 tor·

314 4853 454 4910 Aeonum
467 4859 580 4910 coinon
589 4861 686 4909 norun
699 4861 736 4905 ln
746 4851 824 4904 beon
837 4859 873 4904 sa
886 4861 1030 4908 orucians.
1039 4881 1074 4894 -
1117 4851 1202 4910 tussis
1215 4852 1321 4910 enimae
1335 4858 1533 4930 anteponunt3
1549 4871 1603 4913 noe
1617 4873 1687 4915 sero
1705 4873 1767 4918 nou
1781 4861 1914 4924 animem

279 4931 564 5008 mudeuspropter
574 4949 666 5006 opera.
676 4929 747 4992 ltine
756 4931 895 5002 Theologi
906 4931 1013 4990 docent
1022 4949 1075 5008 op·
1117 4952 1173 5012 pro
1185 4936 1326 5010 pecunie,
1343 4937 1395 4994 sed
1408 4939 1565 5012 pecuniam
1578 4955 1634 5016 pro
1651 4941 1751 5002 anime
1764 4943 1914 5017 deponere

278 5017 461 5091 pressionem
473 5031 641 5089 pauperum
654 5030 717 5073 esse
732 5017 886 5086 peecatum
898 5015 1030 5075 clemens
1042 5017 1075 5076 in
1117 5019 1268 5090 convenii,
1286 5035 1340 5076 seu
1352 5022 1457 5093 sponte
1470 5019 1501 5078 in
1514 5019 1684 5098 largiendo,
1703 5042 1756 5084 seu
1767 5027 1914 5100 patienter

280 5100 406 5171 cerium,
426 5099 510 5172 quod
524 5099 570 5154 sui
582 5097 755 5154 enormitate
770 5098 861 5152 Deum
880 5102 1020 5170 provocet
1034 5099 1074 5158 ed
1116 5101 1148 5158 ln
1161 5102 1364 5160 emittendo.»

280 5181 404 5240 celerem
424 5179 655 5254 opprimentium
669 5177 847 5250 vindictum,
871 5183 899 5237 ci
916 5195 1073 5254 oppresso·
1149 5186 1309 5258 &puerum
1327 5187 1447 5262 «ipsam
1457 5189 1915 5267 enimemetcorpus,insmouio

280 5278 349 5326 runi
361 5263 575 5326 liberationem.
1116 5268 1172 5326 isto
1196 5269 1363 5346 expositum
1386 5271 1526 5332 omnibus
1546 5275 1585 5332 ed
1606 5275 1746 5348 injurium
1768 5280 1913 5353 gonorus,

160 5351 287 5426 iteret„
315 5348 361 5402 it.
380 5349 421 5403 lc
435 5359 615 5404 uneonnrrus
633 5361 682 5409 ess
699 5359 843 5408 suenrus.
859 5379 894 5396 -
908 5351 1072 5426 Anthropo·
1116 5355 1239 5427 eiusque
1267 5353 1380 5427 injuriae
1407 5357 1579 5432 patientiam
1603 5359 1738 5420 subimus
1761 5381 1769 5419 :
1794 5363 1872 5422 absit
1895 5383 1915 5431 e
