4018 5976
253 218 309 282 750
728 223 970 282 GOMMENTMMA
988 229 1022 284 IN
1040 225 1193 298 EXMMM,
1214 243 1276 288 ctu.
1296 223 1407 290 XXXVI.

251 328 455 390 sanctuarium
480 330 599 390 cortinis
624 329 743 400 daeem,
767 329 849 388 tactis
873 347 908 387 ex
933 330 1044 406 bysso,
1087 333 1199 408 pientes
1220 333 1362 406 artifices,
1378 336 1451 408 puta
1468 334 1590 392 netriees
1605 338 1635 392 et
1647 337 1799 408 textrtees3
1821 332 1882 396 hee

252 427 402 488 purpura,
416 427 503 470 eoeeo
523 414 551 470 et
569 411 745 486 hyacintho,
761 411 930 471 obvelatum
949 419 977 472 ot
990 415 1045 472 ob·
1087 417 1167 473 enim
1180 423 1223 474 est
1236 417 1368 476 doctrina
1379 424 1408 475 et
1421 419 1563 494 supientia
1576 419 1749 477 mulierum.

252 497 368 564 tectum,
379 493 602 568 quodhebraiee
614 495 720 552 dieitur
730 505 814 576 yrun
828 502 941 555 misceo.
955 501 1044 556 «Tee-
1122 502 1322 570 liricisruuii,
1335 531 1371 545 -··
1380 507 1483 560 netum
1502 520 1554 559 seu
1577 501 1691 560 filetum
1712 502 1881 576 hyacinthi,
1893 511 1979 562 terea

250 583 314 636 turn
327 597 341 630 ι
353 593 441 648 vero,
455 579 540 652 quod
551 579 686 636 hebraice
701 581 807 638 dieitur
819 561 887 644 ‘ittet
903 584 974 649 olel,
989 600 1043 640 vo·
1085 589 1158 655 puta
1175 585 1251 642 laute
1269 586 1414 644 violaceis.
1430 587 1473 643 Sie
1492 591 1521 644 et
1537 602 1720 660 purpuram,
1735 588 1882 646 vermicu·
1893 595 1978 645 tna

249 665 295 720 eat
304 662 469 720 seeundum
479 662 590 731 velum,
600 662 660 718 sive
671 679 776 734 sagum
787 665 946 736 cilicinum,
957 667 1042 739 quod
1084 665 1148 724 tum
1162 671 1190 724 et
1203 667 1327 740 byssum
1339 669 1485 740 intellige,
1500 685 1562 727 uon
1575 669 1692 739 lanam,
1705 669 1754 726 vel
1766 669 1880 742 linum,

249 745 358 804 laetum
376 751 437 802 erat
456 761 492 802 er
515 745 583 818 pilis
602 747 740 818 cuprinis.
760 749 888 820 Denique
914 767 928 800 e
943 750 1041 821 operi·
1084 751 1136 804 sed
1148 755 1266 821 netum,
1281 753 1341 807 sive
1353 757 1465 810 stamen
1480 752 1543 808 telis
1557 753 1633 809 lunae
1646 752 1694 810 vel
1707 751 1771 810 lini.

250 832 425 898 mentum
442 829 526 904 quod
543 829 678 886 hebraice
695 831 800 888 dieitur
818 838 908 894 tiolo
922 835 1036 903 mii-lise,
1118 835 1163 890 tt).
1179 837 1415 904 l'onusrnuir,-
1426 835 1561 892 ultronea
1572 841 1600 892 et
1610 839 1776 909 spontanea
1787 835 1878 895 dona.

248 917 333 970 vocat
349 911 466 970 tertium
482 911 581 968 velum
599 927 635 968 ex
651 913 780 986 pellibus
800 917 924 972 arietum
942 917 1038 972 rubri·
1118 918 1162 973 at.
1178 920 1264 974 brnrr
1278 935 1306 976 in
1319 933 1411 976 cerer
1423 933 1495 976 nius.
1506 949 1541 962 --
1551 921 1609 975 lloe
1620 925 1674 988 est,
1685 920 1788 977 doeuit
1798 935 1880 991 eum,

247 997 333 1067 natta,
345 1000 373 1052 et
390 998 530 1068 quartum
544 1012 580 1052 ex
593 995 724 1067 pellibus
742 997 890 1056 ianthinis.
906 1001 945 1058 ttn
959 1001 1038 1072 cajo·
1082 999 1129 1054 vel
1149 1001 1254 1058 euenit
1270 1002 1301 1056 in
1314 1003 1403 1060 eorde
1420 1004 1532 1072 ejus,»
1553 1003 1683 1074 intellige
1702 1004 1879 1075 seientiam,

248 1085 333 1138 tanus
347 1083 376 1136 et
388 1078 578 1154 lipomanus.
1081 1087 1132 1138 aul
1150 1085 1250 1157 potius
1270 1088 1362 1142 artem
1375 1091 1403 1143 et
1420 1087 1635 1158 coguitionem,
1647 1101 1682 1142 ee
1698 1088 1808 1160 prexia
1829 1105 1879 1146 ar·

131 1163 187 1208 tere
200 1171 231 1210 Η·
281 1167 326 1224 tr.
340 1157 671 1232 Tenunirn,-·tabulas
686 1179 835 1222 connexas
849 1167 939 1223 instar
952 1165 1038 1224 tabu-
1079 1166 1228 1224 tilieialem
1246 1167 1426 1237 fabricandi,
1448 1167 1568 1238 suendi,
1588 1167 1725 1238 terendi,
1743 1175 1799 1226 eto.
1824 1171 1879 1228 lie·

245 1243 310 1317 loti,
326 1246 417 1320 idque
438 1263 456 1302 a
474 1245 581 1319 triplici
600 1245 690 1304 latere
710 1248 906 1320 tabernaculi3
923 1251 953 1307 ln
973 1251 1038 1308 lon·
1080 1246 1178 1307 braiee
1195 1255 1249 1322 est,
1264 1259 1290 1307 et
1305 1251 1501 1307 adducendum
1518 1253 1595 1307 dedit
1613 1254 1644 1305 in
1660 1251 1741 1307 eorde
1753 1253 1827 1322 eius,
1842 1251 1878 1310 id

244 1345 317 1402 gum
329 1331 409 1387 enim
422 1332 484 1387 eret
497 1330 677 1400 tabulatum,
688 1331 749 1388 sive
764 1335 908 1390 connexio
924 1335 1037 1392 tubula-
1080 1337 1123 1388 est
1144 1339 1204 1390 tem
1226 1335 1353 1408 perfecte
1371 1335 1471 1392 doenit
1486 1349 1570 1404 eum,
1585 1338 1617 1390 ut
1634 1338 1663 1390 et
1681 1335 1758 1392 alios
1774 1339 1877 1409 posset

244 1429 312 1472 rum
325 1415 364 1471 ad
375 1414 494 1484 triginta
504 1414 631 1483 eubites,
642 1415 673 1470 in
686 1415 780 1474 latum
792 1431 862 1474 vero
877 1423 936 1474 erat
953 1417 1037 1476 tabu·
1079 1417 1194 1474 docere.
1215 1417 1270 1474 Alii
1295 1423 1426 1484 vertunt,
1447 1421 1557 1487 facilem
1577 1423 1603 1474 et
1626 1433 1792 1488 propensum
1816 1435 1875 1476 eum

243 1498 337 1556 latum
350 1499 390 1556 ed
401 1499 502 1556 deeem
523 1499 648 1556 cubitos.
1077 1503 1145 1568 feeit
1164 1502 1201 1554 od
1217 1502 1364 1558 ‹loceiidum
1380 1506 1459 1558 elios.
1474 1504 1581 1558 Contra
1603 1515 1638 1556 ae
1656 1499 1769 1558 iaciunt
1787 1501 1874 1574 pleri-

279 1585 427 1638 anitnos.
442 1613 476 1623 -
489 1581 625 1638 llebrniee
639 1585 782 1650 columnus,
795 1600 862 1657 quur
875 1583 922 1641 hie
934 1602 953 1642 a
965 1587 1036 1642 Nos·
1078 1599 1137 1654 que
1155 1583 1284 1654 insignes
1305 1583 1448 1654 artifices,
1463 1583 1516 1658 qui
1535 1600 1604 1640 suas
1625 1587 1700 1639 artes
1718 1587 1749 1639 et
1766 1599 1874 1656 pianes

243 1670 288 1723 tro
312 1661 360 1721 vel
383 1665 486 1739 paxilli
508 1669 660 1736 uocantur,
675 1668 746 1739 quia
768 1683 866 1738 parvie
887 1673 987 1737 eraut,
1007 1673 1036 1725 et
1077 1667 1227 1732 egerrime
1240 1667 1304 1724 aliis
1315 1669 1544 1737 communicant,
1554 1683 1663 1739 easque
1673 1667 1876 1724 seeuminter·

242 1749 423 1807 uouininatas
433 1749 583 1805 habebunt
596 1751 682 1808 bases
696 1751 787 1806 instar
800 1751 990 1822 paxillorum.
1001 1757 1035 1810 ut
1077 1750 1154 1804 mori
1168 1751 1277 1820 sinunt,
1288 1751 1388 1822 itaque
1400 1755 1468 1806 etse
1481 1752 1587 1808 merite
1597 1765 1632 1806 ee
1641 1749 1748 1820 gioria,
1757 1753 1787 1805 et
1796 1765 1876 1806 rem·

242 1837 362 1907 possent
382 1837 466 1890 terreo
486 1833 584 1904 insigi3
606 1835 652 1890 vel
677 1840 752 1890 certe
776 1851 824 1889 eas
843 1836 899 1890 sub
915 1837 1033 1908 paxillis
1075 1831 1227 1904 publicam
1247 1833 1307 1888 suis
1322 1835 1487 1890 commodis
1502 1839 1530 1892 et
1548 1835 1729 1892 ornamentis
1741 1834 1873 1906 privant.

241 1917 478 1990 comprehendit:
490 1917 635 1972 columnis
645 1919 724 1972 enim
735 1917 816 1974 affixi
825 1922 908 1975 eraut
918 1921 1031 1991 paxilli,
1111 1917 1218 1972 Ootinu
1237 1931 1358 1982 Quooun.
1378 1947 1413 1957 -
1433 1915 1563 1986 intellige
1581 1918 1665 1988 quod
1686 1915 1723 1972 de
1745 1916 1874 1972 Beseleel

241 2004 269 2058 et
282 2015 317 2058 ex
331 2000 448 2074 paxillis
463 1999 528 2056 vele
541 1999 809 2074 suspendebantur.
1075 1998 1156 2054 socio
1171 1999 1234 2069 eJ'us
1248 1999 1338 2068 dixit,
1353 1998 1497 2068 videlieet,
1511 1999 1627 2055 vocavit
1637 2003 1665 2056 et
1678 1998 1814 2074 impleuit
1828 2016 1874 2056 sa·

123 2085 227 2130 remu.
275 2081 831 2154 tr.Teseouun,-iueslvetum(t).
1073 2081 1194 2153 pientia.
1999 2147 2000 2156 ἦ

123 2173 176 2220 rm
192 2177 226 2218 rr.
274 2167 319 2224 25.
335 2167 389 2222 sen
404 2181 439 2222 rr
453 2179 589 2222 urbinens
602 2181 715 2234 nocrn,
729 2181 791 2234 oure
807 2181 967 2238 renuitur,
981 2183 1032 2224 nn·
1109 2166 1154 2220 33.
1170 2165 1210 2222 Ur
1224 2179 1344 2228 eicitur
1361 2179 1452 2222 ornat
1465 2180 1615 2222 interituri.
1627 2165 1831 2236 -llehraiee,
1841 2171 1872 2224 ut
1885 2182 1934 2229 rea
1941 2181 1971 2245 a]

238 2267 360 2310 uruuur.
373 2282 408 2295 -
421 2254 557 2322 «Doetae,
570 2271 584 2304 e
599 2252 705 2323 idest,
719 2251 923 2326 nendiperitm
940 2257 969 2310 et
982 2270 1031 2312 sa·
1072 2249 1181 2386 fficium
1201 2263 1282 2320 opere
1297 2249 1390 2316 sobri,
1407 2247 1514 2306 seilicet
1530 2247 1663 2322 lignarii,
1678 2253 1712 2306 ut
1730 2250 1872 2322 superius

1105 2345 1145 2386 xi.

269 2429 306 2493 (ς)
319 2429 389 2482 ver„
399 2433 439 2480 ῃ,
451 2429 499 2480 Pro
508 2429 620 2478 omittas
633 2427 705 2478 hobi.
719 2435 756 2478 est
767 2435 828 2498 sm,
840 2441 897 2492 que
912 2441 960 2478 vox
972 2427 1030 2478 aliie
1109 2415 1295 2471 Ponruirinu
1314 2430 1349 2472 ne
1366 2429 1509 2472 ruunnnu.
1524 2445 1560 2456 -
1572 2414 1620 2472 ilie
1631 2413 1791 2490 distinguit
1808 2415 1870 2476 hee

238 2501 350 2565 neugnet
369 2501 506 2562 annulum,
523 2514 600 2564 quem
613 2507 716 2549 ornatus
729 2511 803 2550 causa
823 2497 916 2548 Arabes
933 2497 1029 2562 aliique
1073 2493 1150 2564 duo;
1170 2513 1237 2569 quir.
1262 2497 1397 2570 superius
1419 2495 1614 2554 indifferenter
1636 2500 1819 2572 usurpavit,
1840 2506 1871 2556 ut

237 2569 355 2630 Asiatici,
369 2567 470 2620 feminee
485 2569 620 2633 praecipue,
642 2582 674 2618 ex
693 2569 795 2618 naribus
815 2567 949 2632 perforatis
965 2583 1028 2632 peu·
1071 2577 1180 2634 scilicet
1197 2579 1324 2652 phpygj0
1338 2580 1387 2636 vel
1404 2579 1633 2654 plumariuss1t‚
1646 2581 1702 2653 qui
1716 2599 1776 2640 acu
1789 2583 1869 2642 varj,

236 2642 337 2692 dentem
349 2647 445 2704 gestare
455 2641 576 2689 sotebant.
589 2639 624 2687 De
638 2651 689 2700 quo
703 2651 774 2688 mere
787 2637 839 2687 ut.
854 2643 908 2687 not.
924 2638 955 2687 ad
969 2645 1026 2688 cen.
1070 2660 1163 2733 pingit
1180 2680 1187 2716 :
1201 2661 1426 2734 polymitarius,
1444 2663 1506 2732 vel,
1521 2667 1553 2720 ut
1566 2661 1702 2720 hebrayce
1718 2667 1781 2734 est,
1796 2669 1869 2737 Μ’,

235 2713 343 2834 {3:1¹3
345 2707 877 2842 Rfflssffifflofflfflefffflffiffl
884 2709 1026 2842 ,mm
1070 2751 1132 2800 tens
1147 2749 1338 2815 eopitutieues,
1353 2745 1406 2816 sit,
1419 2747 1471 2820 qui
1487 2747 1602 2804 textura
1616 2745 1773 2818 ingeniosa
1787 2747 1869 2805 varia

235 2851 329 2904 moins
340 2856 472 2902 continues
483 2849 598 2913 globulos
612 2861 619 2898 e
634 2849 708 2912 quate
721 2855 900 2900 ornamentum
918 2843 1027 2900 Romani
1068 2828 1171 2884 lfllfflt
1184 2832 1213 2883 ⁰²
1222 2827 1368 2900 ⁰ff01'mais
1379 2832 1413 2885 ¹1²
1423 2827 1457 2886 fit
1467 2829 1499 2886 in
1508 2827 1669 2902 tapetibus·
1683 2831 1727 2890 sta
1737 2827 1868 2890 Abuhss·

234 2921 357 2974 recubent
368 2921 463 2976 letter.
477 2925 504 2972 et
518 2917 639 2984 Virgilius
650 2921 776 2970 tuccetum
785 2922 886 2970 monite.
1068 2911 1108 2968 sis
1120 2913 1150 2970 et
1159 2910 1351 2986 Lipomanus·

575 3255 778 3360 CAPUT
817 3253 1210 3360 TRIGESIMUM
1246 3255 1518 3360 SEXTUM.

843 3489 1047 3554 stuorsls
1070 3489 1249 3554 cnrtrts.

231 3689 297 3746 Plus
310 3687 427 3758 offerunt
441 3685 549 3743 ltebroei
566 3701 648 3756 wem
662 3701 728 3756 opus
741 3689 779 3742 eit
792 3686 829 3741 ad
847 3687 1049 3742 tubernaculum
1061 3704 1070 3742 ε
1084 3688 1156 3742 unde
1172 3691 1246 3742 vetet
1263 3687 1349 3744 Moses
1364 3690 1449 3759 pluro
1466 3689 1568 3758 efferri.
1589 3690 1728 3758 Secunde,
1742 3707 1813 3748 uara.
1828 3694 1861 3759 8,

265 3785 420 3855 tabrteatur
433 3783 644 3851 tabernaculum,
654 3788 724 3856 puto
737 3782 943 3838 deeemeertinoe
953 3785 1102 3852 polymite,
1114 3799 1182 3852 sepa
1195 3786 1317 3850 cilicino,
1330 3789 1496 3854 operimenta
1507 3801 1542 3841 ea
1550 3787 1683 3857 pellibusr
1693 3793 1720 3842 et
1732 3803 1805 3844 vers.
1815 3790 1860 3854 20,

266 3881 379 3951 tabula,-
392 3893 462 3938 uers.
475 3881 522 3951 31,
534 3884 634 3948 uectesr
648 3891 717 3936 vers.
732 3877 783 3948 ae,
796 3879 857 3935 oete
870 3881 933 3934 ente
946 3877 1074 3935 Sanctum
1087 3883 1242 3935 sauctorum
1254 3885 1280 3935 et
1293 3885 1356 3936 onte
1368 3879 1507 3940 Sanctum.

275 4091 307 4159 l.
321 4089 412 4159 Feoit
424 4111 502 4178 ergo
512 4088 672 4171 Beseleel,
687 4095 720 4156 et
732 4085 865 4170 Oeliab,
880 4093 912 4154 et
923 4086 1031 4156 omnis
1040 4086 1094 4154 vir
1103 4085 1248 4176 sapiens,
1262 4086 1384 4175 quihus
1394 4085 1484 4154 dedit
1491 4085 1654 4157 Dominus
1665 4089 1861 4180 sapientiem

230 4197 494 4280 uinulentum,
516 4201 555 4262 ut
574 4193 693 4261 seirent
712 4191 803 4259 fabre
824 4193 951 4282 operari
971 4215 1047 4282 quar
1066 4193 1102 4259 in
1121 4213 1201 4258 usus
1219 4191 1404 4259 Sunotnnrii
1424 4195 1709 4279 neeessariasunt,
1732 4204 1767 4262 et
1785 4217 1863 4285 qum

229 4301 382 4393 praeeepit
395 4299 567 4370 Dominus.
583 4297 616 4366 2.
632 4295 782 4388 Cumque
796 4303 939 4364 vocasset
953 4321 1007 4364 eos
1021 4297 1164 4388 Moyses,
1179 4305 1212 4364 et
1225 4319 1357 4365 omnem
1370 4298 1536 4366 eruditum
1550 4300 1680 4384 virum,
1695 4299 1750 4367 eui
1763 4299 1862 4368 dede-

229 4415 281 4476 rat
292 4406 454 4475 Dominus
466 4404 676 4494 sapientiam,
691 4402 795 4492 etqui
808 4411 922 4493 sponte
935 4425 996 4471 sua
1008 4403 1288 4472 obtulerentsead
1302 4401 1487 4472 faciendum
1502 4427 1600 4494 opus,
1616 4403 1648 4472 3.
1664 4405 1803 4473 tradidit
1816 4405 1863 4472 eis

230 4511 384 4580 universe
399 4509 536 4578 donaria
557 4509 704 4577 tiliorum
724 4508 835 4576 Israel.
856 4509 920 4589 Qui
939 4531 1014 4577 eum
1035 4509 1194 4576 instarent
1211 4509 1321 4598 operi,
1341 4509 1488 4598 quotidie
1505 4531 1601 4576 reione
1620 4519 1698 4578 vota
1715 4511 1864 4600 populun

229 4616 398 4686 offerebat.
414 4617 446 4682 lt.
462 4613 558 4682 Unde
571 4615 710 4682 artifices
723 4615 835 4681 venire
849 4613 1022 4706 compulsi,
1034 4614 1066 4681 5.
1078 4613 1234 4680 dixerunt
1253 4613 1357 4703 Moysi
1370 4637 1377 4679 :
1390 4614 1470 4680 Plus
1483 4615 1578 4680 offert
1593 4615 1738 4704 populus
1756 4635 1863 4704 quam

229 4717 445 4790 necessarium
464 4727 522 4788 ost.
544 4717 576 4787 6.
597 4718 699 4788 lussit
716 4743 793 4807 ergo
811 4717 939 4810 Moyses
956 4717 1116 4810 praeconis
1130 4741 1207 4785 voce
1224 4719 1371 4785 cantari:
1395 4717 1462 4784 Nee
1479 4717 1528 4784 vir
1546 4739 1605 4785 noe
1623 4717 1745 4786 mulier
1762 4719 1864 4809 quid-

229 4851 330 4918 quem
343 4827 457 4894 offeret
471 4828 559 4894 ultra
571 4825 607 4892 in
621 4847 717 4915 opere
732 4825 928 4894 Sanetuarii.
952 4825 1071 4915 Sieque
1090 4832 1249 4891 cessatum
1262 4833 1310 4889 est
1323 4848 1342 4890 a
1356 4824 1548 4890 muneribus
1563 4823 1754 4909 efferendis,
1772 4825 1804 4890 7.
1824 4847 1861 4891 eo

228 4932 318 5023 qued
331 4932 440 5001 oblatu
452 4931 639 4999 sufficerent
653 4939 686 4997 et
697 4931 1012 5020 superabundarent.
1034 4931 1067 4999 8.
1087 4931 1314 5022 Feceruntqne
1332 4951 1445 4996 ornnes
1459 4929 1555 4996 eorde
1572 4930 1733 5018 sapientes
1746 4931 1789 4997 ad
1802 4951 1861 4998 ex-

227 5035 386 5128 plendum
404 5055 487 5128 opus
506 5037 724 5123 tubernaculi,
747 5038 888 5105 cortinas
900 5037 1028 5123 decem,
1050 5037 1091 5106 de
1108 5035 1206 5125 bysso
1220 5043 1356 5120 retorta,
1375 5043 1408 5104 et
1421 5033 1613 5124 hyacintho,
1637 5043 1670 5102 et
1689 5055 1860 5126 purpura,

227 5162 386 5234 eoecoque
398 5141 449 5210 bis
461 5142 578 5228 tineto,
598 5165 695 5236 opere
708 5143 800 5213 vario
813 5150 847 5210 et
860 5151 928 5212 arte
940 5143 1125 5235 polymita:
1146 5143 1180 5208 9.
1201 5163 1343 5234 quarum
1360 5163 1430 5209 una
1448 5141 1586 5208 habebnt
1598 5141 1635 5208 in
1647 5141 1863 5230 longitudine

226 5243 347 5337 viginti
365 5253 438 5316 octo
458 5243 603 5336 cubitos,
626 5256 659 5316 et
677 5245 713 5316 in
730 5247 905 5320 latitudine
924 5257 1078 5336 quatuor.
1105 5245 1181 5318 Una
1200 5269 1354 5318 mensura
1373 5254 1442 5316 erat
1467 5245 1618 5316 omnium
1639 5245 1859 5316 cortinarum.
