4020 6026
165 417 221 466 nes
232 406 265 467 S.
277 402 455 484 llieronpmi
467 410 500 465 et
511 400 572 466 alia
581 401 615 465 id
626 418 721 482 geum
733 401 768 464 in
779 400 847 464 aliis
861 399 1043 464 editionibus
1056 401 1270 465 inseruerunt:
1282 402 1327 465 ita
1337 417 1457 484 qnoque
1469 417 1532 464 non
1543 399 1692 480 prohibet,
1704 398 1779 480 quin

166 495 226 563 alio
235 515 342 580 genere
354 499 535 562 characteris
546 498 580 562 in
594 498 650 562 hec
662 499 726 578 ipsa
738 498 881 561 Vaticana
894 497 1024 560 editione
1042 497 1192 578 ejusmodi
1210 497 1401 578 adjumenta,
1416 515 1470 578 pro
1482 496 1685 560 studiosorum
1702 512 1780 558 com·

167 596 310 658 moditate
327 602 416 676 atqua
433 595 582 670 uditate,
606 595 641 663 in
661 601 813 685 posterum
830 594 1032 676 adjiciantur,
1051 595 1097 661 its
1114 602 1236 672 emen,
1255 602 1292 661 nt
1309 596 1449 686 lectiones
1460 594 1551 664 varie
1562 593 1600 658 ad
1613 594 1781 674 marginem

167 693 380 776 ipsiusTertus
390 693 519 772 minim
530 697 724 766 annotentur.

840 853 1110 884 -οοο-

649 1105 933 1204 GLEMENS
975 1108 1132 1198 ΡΑΡΑ
1163 1107 1299 1200 vlll.

736 1308 775 1363 ab
789 1306 966 1363 eeeeewatt
979 1309 1030 1362 eet
1045 1308 1213 1364 moelem

203 1490 279 1553 curn
298 1491 451 1552 sacrorum
467 1487 636 1551 Bibliorum
653 1481 788 1564 vulgate
801 1483 943 1546 editionis
956 1487 1069 1548 'sextus
1080 1485 1211 1548 summis
1225 1485 1379 1550 laboribus
1392 1503 1426 1550 ac
1439 1487 1553 1568 vigiliis
1565 1487 1738 1568 restitutus,
1752 1495 1783 1554 et

162 1601 256 1666 quam
268 1584 487 1660 accuratissime
498 1581 617 1646 mendis
629 1589 827 1660 expurgatus,
845 1580 1037 1646 benedicente
1051 1583 1199 1663 manino,
1212 1601 1251 1646 ex
1264 1591 1366 1648 nostra
1381 1583 1580 1667 typographia
1592 1577 1735 1650 Vaticana
1748 1589 1782 1651 in

163 1683 262 1747 lucem
275 1678 397 1762 prodeat
411 1697 420 1742 ι
434 1680 511 1757 Nos,
524 1686 560 1741 ut
570 1677 603 1740 in
618 1683 774 1757 posterum
785 1675 868 1740 idem
881 1679 993 1741 Tertius
1007 1677 1217 1760 incorruptus,
1231 1688 1266 1743 ut
1278 1681 1378 1759 decet,
1392 1688 1598 1758 conservetur,
1613 1689 1780 1762 opportune

162 1780 320 1862 previdere
333 1775 480 1856 volentes,
492 1774 669 1840 auctoritate
682 1771 859 1854 apostolica,
874 1779 978 1838 tenore
991 1777 1187 1856 praesentium
1199 1777 1365 1840 districtius
1376 1777 1573 1856 inhibemus,
1586 1795 1626 1842 ne
1637 1778 1719 1844 intre
1732 1778 1783 1846 de

163 1893 229 1942 cem
242 1893 351 1951 annos,
366 1874 466 1939 adata
480 1871 676 1956 presentium
688 1873 909 1949 numerandos,
923 1877 989 1934 tam
1001 1871 1078 1936 citra
1089 1891 1183 1955 qsram
1196 1874 1278 1937 ultra
1291 1881 1426 1952 montes,
1441 1873 1515 1938 alibi
1529 1891 1621 1955 qnam
1635 1875 1669 1938 in
1682 1882 1784 1940 nestra

162 1975 306 2038 Vaticana
321 1969 520 2054 typographia
538 1985 724 2052 equaquam
741 1967 949 2049 imprimatur.
964 1969 1070 2050 Elapso
1089 1979 1193 2034 autern
1211 1971 1332 2052 pretato
1349 1971 1514 2049 decennio,
1528 1989 1596 2034 eam
1614 1971 1783 2042 cautionem

163 2073 301 2140 adhiberi
320 2071 528 2153 precipimus,
546 2074 582 2131 ut
602 2083 691 2131 nemo
711 2067 790 2130 hanc
808 2073 981 2130 sanctarum
1003 2069 1227 2148 scripturarum
1245 2067 1409 2132 editionem
1423 2069 1504 2150 typis
1517 2069 1660 2133 mandare
1673 2086 1784 2148 presu-

162 2179 244 2247 mat,
264 2169 325 2233 nisi
342 2166 445 2231 habito
461 2165 548 2247 prius
567 2161 731 2244 exemplari
749 2163 783 2226 in
801 2164 999 2246 typographia
1017 2164 1162 2228 Vaticana
1178 2183 1306 2229 cucuso:
1324 2167 1411 2248 euius
1423 2165 1603 2245 exemplaris
1618 2165 1730 2243 forma,
1744 2183 1784 2237 ne

161 2269 293 2332 minima
305 2263 429 2348 quidem
441 2259 589 2344 particula
600 2259 637 2324 de
650 2267 736 2325 textu
750 2266 881 2337 mactata,
896 2261 1016 2339 addita,
1026 2261 1076 2324 vel
1087 2261 1125 2324 ab
1137 2277 1172 2325 eo
1184 2262 1327 2338 detracta,
1341 2261 1401 2324 nisi
1415 2261 1532 2343 aliquid
1543 2270 1690 2340 occurret,
1701 2265 1782 2344 qued

161 2363 380 2450 typographica
391 2360 517 2425 incurie
530 2355 689 2422 manifesto
701 2356 932 2421 adscribendum
945 2358 998 2434 sit,
1014 2357 1231 2422 inviolabiliter
1242 2357 1423 2423 observetur.
1436 2359 1468 2423 Si
1482 2360 1550 2440 quis
1563 2377 1634 2424 vero
1646 2368 1784 2442 typogra-

161 2464 241 2544 phus
260 2461 294 2525 in
310 2460 555 2542 quibuscumque
574 2457 690 2537 regnis,
709 2455 900 2530 civitatibus,
922 2455 1102 2535 provinciis,
1123 2462 1154 2518 et
1169 2455 1241 2518 locis
1262 2463 1326 2520 tam
1346 2464 1454 2520 nostre
1471 2460 1502 2522 S.
1522 2459 1558 2520 ll.
1574 2459 1608 2520 Ε.
1624 2457 1733 2520 ditioni
1746 2458 1781 2522 in

160 2557 376 2640 temporalibus
398 2555 557 2637 subjectis,
578 2571 671 2636 quam
689 2570 752 2616 non
769 2552 930 2632 subjectis,
949 2553 1029 2616 hanc
1047 2553 1185 2616 camdem
1206 2571 1359 2616 sacrarum
1374 2545 1600 2634 scripturarum
1619 2555 1783 2619 editionem

161 2658 243 2721 intra
264 2655 438 2720 lecennium
451 2650 629 2733 pradictum
642 2650 878 2732 quoquomodo,
893 2650 994 2730 elapso
1007 2655 1110 2714 autem
1123 2650 1285 2729 decennio,
1299 2650 1390 2715 aliter
1401 2669 1493 2732 quem
1502 2652 1591 2732 juxta
1603 2650 1783 2731 huiusmodi

161 2751 330 2834 exemplar,
346 2759 382 2815 ut
392 2747 549 2832 prefertur
556 2795 567 2828 ,
582 2747 775 2828 imprimere,
790 2748 937 2826 vendere,
953 2747 1074 2812 venales
1086 2748 1218 2827 habere,
1235 2755 1288 2812 aut
1308 2747 1382 2812 alias
1397 2748 1484 2812 edere
1498 2749 1547 2812 vel
1559 2749 1700 2828 evulgare
1705 2767 1717 2827 ;
1731 2757 1784 2812 aut

160 2853 187 2918 si
203 2848 274 2933 quis
292 2847 456 2930 bibliopola
471 2865 488 2910 a
501 2863 533 2910 se
546 2844 595 2910 vel
609 2846 647 2909 ab
661 2844 728 2910 aliis
742 2845 914 2926 quibusvis,
938 2853 1005 2925 post
1017 2848 1117 2910 datam
1131 2847 1349 2928 presentium,
1363 2848 1458 2927 hujus
1471 2847 1612 2912 editionis
1624 2847 1784 2927 impressos
1863 2869 1864 2874 ¹

160 2948 275 3028 libros,
289 2965 343 3012 seu
355 2945 573 3027 imprimendos
586 2961 603 3007 a
616 2944 737 3025 prelato
749 2943 887 3007 restituto
901 2949 931 3006 et
943 2949 1072 3007 correcto
1083 2948 1182 3008 l'cxtu
1195 2944 1230 3008 in
1244 2943 1345 3025 aliquo
1359 2943 1579 3024 discrepantes,
1593 2961 1646 3008 seu
1661 2944 1698 3008 ab
1712 2943 1782 3022 elio,

161 3067 253 3132 quam
269 3043 483 3130 atppcgrapho
496 3042 657 3118 Vaticano,
671 3043 754 3104 intra
768 3041 950 3105 decennium
962 3059 1101 3121 excusos,
1116 3041 1228 3122 pariter
1241 3043 1390 3118 vendere,
1404 3039 1526 3104 venales
1538 3058 1722 3121 proponere,
1735 3041 1784 3106 vel

162 3147 302 3228 evulgare
326 3141 571 3225 presumpserit,
596 3139 678 3202 ultra
699 3138 891 3202 amissionem
914 3139 1055 3202 omnium
1078 3139 1249 3214 librorum,
1272 3143 1304 3200 et
1327 3137 1402 3200 alias
1427 3135 1551 3200 arbitrio
1575 3143 1677 3200 nostro
1703 3136 1784 3200 inlli-

161 3245 272 3327 gendas
291 3259 394 3324 peenas
415 3236 612 3319 temporales,
634 3237 727 3300 etiam
750 3235 874 3318 maioris
898 3234 1218 3299 excommunicationis
1239 3232 1420 3324 sententiam
1442 3251 1477 3297 eo
1496 3234 1559 3313 ipso
1577 3234 1742 3300 incurrat:
1765 3253 1783 3300 a

161 3361 222 3426 qna
240 3341 302 3406 nisl
324 3355 343 3404 a
363 3341 497 3403 Romano
517 3333 678 3412 Pontifice,
699 3342 901 3414 preterquam
923 3333 958 3395 in
976 3331 1083 3396 mortis
1100 3330 1227 3394 articulo
1246 3331 1444 3408 constitutus,
1461 3329 1574 3394 absolvi
1595 3348 1657 3396 non
1679 3333 1782 3413 pessit.

162 3439 340 3506 hiandamus
359 3435 460 3516 itaque
481 3431 634 3521 universis
658 3439 688 3494 et
709 3431 853 3511 singulis,
874 3429 1072 3507 Patrlarchis,
1093 3428 1345 3508 archiepiscopis,
1366 3427 1516 3509 Epismpis
1540 3426 1713 3510 ceterisque
1732 3433 1785 3495 Ec·

162 3537 321 3601 elesiarum
341 3541 372 3598 ct
394 3533 527 3595 locorum
549 3529 642 3593 etiam
669 3529 859 3608 regularium
881 3527 1039 3606 Prelatis,
1061 3536 1096 3589 ut
1118 3533 1279 3606 presentes
1302 3525 1417 3588 litteras
1439 3526 1472 3588 in
1493 3525 1557 3588 suis
1579 3525 1709 3608 quisque
1732 3531 1785 3594 Ee-

161 3634 258 3699 alesiis
281 3640 312 3696 et
335 3627 599 3695 iurisdictionibus
625 3625 662 3689 ab
689 3625 830 3689 omnibus
856 3623 1002 3688 inviolate
1026 3633 1170 3704 perpetue
1194 3622 1346 3686 observari
1373 3631 1486 3714 curent·
1503 3641 1537 3686 ac
1560 3621 1683 3686 iaciant.
1708 3626 1783 3688 Cen-

160 3732 336 3797 tradictores
356 3745 411 3808 per
431 3730 579 3789 censuras
598 3722 806 3787 ecclesiastices
831 3723 950 3803 aliaque
973 3727 1141 3802 opportuna
1161 3720 1242 3800 juris
1269 3727 1300 3783 et
1330 3718 1400 3782 iacti
1419 3719 1568 3796 remedia,
1587 3720 1785 3800 appellatione

162 3828 340 3911 postposita,
360 3823 591 3904 compescendo,
609 3821 746 3884 invocato
760 3819 853 3882 ctiam
872 3821 910 3882 ad
927 3820 1000 3897 boc,
1019 3819 1047 3881 si
1065 3836 1139 3899 opus
1156 3816 1266 3893 luerit,
1279 3815 1394 3879 auxilio
1406 3816 1522 3880 brachii
1535 3818 1706 3894 secularis,
1720 3834 1782 3881 non

163 3926 350 3991 obstantibus
361 3918 626 3986 constitutionibus
646 3926 676 3980 et
689 3916 927 3980 ordinationibus
942 3915 1134 3998 apostolicis,
1147 3931 1181 3979 eo
1199 3913 1233 3977 in
1252 3913 1456 3994 generalibus,
1469 3913 1721 3994 provincialibus,
1734 3914 1783 3978 vel

162 4021 361 4108 synodalibus
379 4017 519 4083 conciliis
541 4015 629 4079 editis
645 4013 853 4096 generalibus,
871 4015 919 4076 vel
931 4013 1128 4093 specialibus,
1151 4029 1184 4076 ac
1196 4028 1458 4093 quantuncumque
1471 4011 1686 4090 Ecclesiarum,
1700 4012 1787 4078 erai-

163 4138 257 4198 num,
279 4116 565 4197 congregationum,
580 4108 780 4200 collegarum
800 4117 888 4191 atque
907 4110 1163 4185 Universitatum,
1179 4109 1270 4171 etiam
1290 4107 1463 4170 studiorum
1477 4107 1679 4187 generalium,
1693 4112 1785 4191 jura-

163 4222 283 4296 mento,
296 4213 522 4278 confirmatione
535 4207 703 4290 apostolica
720 4208 769 4270 vel
782 4207 888 4288 quavis
901 4205 1043 4270 firmitate
1056 4207 1116 4270 alia
1129 4204 1291 4279 roboratis,
1306 4205 1438 4279 statutis,
1455 4211 1485 4266 et
1497 4205 1785 4285 consuetudinibus,

165 4333 200 4380 ac
212 4311 393 4395 privilegiis,
407 4308 554 4384 indultis,
568 4325 602 4370 ac
615 4305 726 4368 litteris
744 4305 917 4384 apostolicis
938 4303 973 4366 in
995 4302 1181 4366 contrarium
1201 4301 1481 4383 quomodocumque
1501 4303 1649 4366 emeratis
1661 4312 1692 4366 ct
1704 4321 1786 4368 ema-

165 4411 277 4477 nandis
294 4427 304 4471 a
320 4407 431 4490 qaribus
442 4403 584 4470 omnibus
595 4401 633 4466 ad
647 4403 730 4464 buno
739 4401 880 4464 ellectum
894 4399 1040 4464 latissime
1053 4399 1250 4479 derogamus,
1263 4415 1297 4460 ac
1316 4398 1492 4478 derogatum
1504 4415 1569 4462 esse
1581 4399 1783 4464 decernimus.

165 4508 315 4573 volumus
333 4513 453 4582 autem,
474 4509 509 4566 nt
529 4499 726 4582 praesentium
747 4499 961 4578 transsumptis
976 4499 1068 4561 etiam
1083 4497 1117 4558 in
1136 4495 1211 4578 ipsis
1227 4493 1435 4559 voluminibus
1446 4495 1601 4575 impressis
1613 4497 1737 4577 eadem,
1748 4497 1785 4562 in

163 4591 278 4690 judicio
290 4610 322 4667 et
335 4609 442 4680 extra,
455 4600 529 4663 fides
540 4597 654 4679 ubique
665 4593 859 4672 adhibeatur,
874 4612 943 4676 que
954 4593 1027 4676 ipsis
1039 4593 1238 4675 presentibus
1251 4590 1464 4668 adhiberetur,
1476 4593 1503 4658 si
1516 4591 1614 4658 forent
1626 4593 1785 4672 exhibite,

166 4702 215 4767 vel
228 4708 364 4766 astense·

206 4837 457 4910 noanneane,
477 4831 556 4914 apud
568 4831 600 4894 S.
615 4820 759 4904 Petrum,
779 4825 836 4889 sub
855 4823 969 4889 annqu
990 4821 1164 4902 Piscatoris,
1185 4822 1234 4886 die
1254 4821 1480 4885 anovembris
1492 4823 1638 4903 llbllcll,
1650 4823 1786 4888 Poetilio.

166 4929 267 5000 Nostri
280 4946 360 4996 anno
373 4926 398 4993 1.

1153 5036 1196 5103 ll.
1214 5035 1396 5100 vestales
1414 5035 1636 5106 mesenus
