4088 6032
660 323 906 384 couttuurtatlt
922 327 958 384 tlt
976 327 1137 398 GENESllti,
1154 339 1218 384 uae.
1237 327 1260 385 t.'
1743 319 1777 384 'lt

110 429 224 492 bomo
241 436 289 491 est
302 433 505 506 omnipotens,
518 431 695 503 immensus,
715 436 856 502 aeternus,
872 447 937 490 om·
980 433 1026 490 SS.
1046 431 1224 490 Trinitatem.
1238 431 1281 490 lta
1299 433 1327 490 S.
1345 429 1648 504 Augustinus31ib.1
1662 429 1703 488 lle
1717 430 1778 488 tit·

31 1279 107 1348 ΜΨ

36 1351 98 1382 miae

32 1405 107 1445 aaut

40 1474 89 1517 mgr

42 1521 75 1566 hi.

28 2205 110 2249 hbe·

3 2267 112 2314 tresde-

3 2323 113 2384 leeri-

2 2385 112 2468 luein

2 2451 100 2512 1aeirus

2 2509 112 2560 ssisueest

2 2575 96 2627 ,Q

46 2633 86 2679 aa

1 3289 3 3318 t

34 3550 112 3598 aarum

113 518 262 589 niscins,
277 518 321 574 uti
334 521 377 574 est
387 516 479 590 Deus)
487 516 558 589 ,sed
567 516 667 575 solum
679 517 783 590 quoad
797 515 937 573 attributa
980 520 1064 573 attat.
1080 531 1146 590 cap.
1159 531 1194 588 x,
1209 520 1237 574 at
1250 514 1304 573 lib.
1317 517 1390 585 lth,
1405 532 1471 590 cap.
1485 531 1526 574 rr.

113 603 328 673 communia,
351 618 420 678 quae
441 601 550 660 scilicet
561 601 625 676 ipsa
638 601 839 660 communicat
851 600 936 658 intel·
1015 601 1080 657 llaec
1090 617 1161 671 ergo
1175 601 1274 673 imago
1289 599 1339 658 Dei
1351 599 1466 658 bomini
1479 603 1523 658 est
1536 600 1692 671 naturalis,
1708 617 1777 676 quae
1823 609 1898 668 terge

116 685 258 744 lectuali
273 691 423 744 creaturae.
980 687 1100 756 peccato
1122 683 1207 758 perdi
1231 699 1293 740 noa
1314 685 1427 758 potuit;
1444 689 1488 742 est
1500 685 1581 742 enim
1594 683 1651 758 ipsi
1663 689 1775 742 naturas
1788 667 1899 748 blata·

155 771 243 827 Nota
270 775 383 842 patrato,
404 770 470 827 haec‘
488 771 588 840 imago
611 769 661 827 Dei
681 785 743 830 non
765 775 810 828 est
825 771 858 828 iu
871 769 937 827 solo
980 765 1081 826 intime
1092 771 1121 825 et
1130 767 1530 842 indelebiliterimpressa,ut
1538 769 1623 842 perdi
1635 785 1696 826 noa
1705 785 1775 843 pos·
1786 735 1897 854 &iffi

113 853 194 910 viro
202 896 212 926 ,
238 857 276 912 ut
296 855 361 911 vult
379 853 598 925 theodoretus,
614 854 667 912 sed
680 859 710 913 et
723 855 754 912 in
767 855 893 928 angelo,
909 859 938 912 ct
981 849 1034 920 sit,
1047 849 1104 907 nisi
1117 851 1259 924 perdatur
1271 855 1301 908 et
1314 857 1429 910 nature.
1445 853 1486 909 lta
1499 858 1603 910 contra
1619 853 1774 927 origenem
1788 871 1830 903 noa
1855 869 1897 916 pe·

114 935 153 994 iu
177 935 316 1008 semina,
336 941 370 994 ut
389 936 455 994 tuse
467 938 555 995 docet
566 939 594 996 S.
610 939 808 1011 Augustinus,
823 937 876 996 lib.
891 941 937 996 ltlt
981 932 1067 991 docet
1086 935 1115 992 S.
1138 935 1335 1006 Augustinus,
1355 935 1407 992 lib.
1424 937 1448 993 ll
1466 939 1586 994 iletrcct.
1605 953 1671 1011 cap.
1690 953 1774 1006 xxiv,
1788 921 1841 964 ¹¹¹³·

114 1021 164 1078 tle
182 1023 295 1078 Trinr‘t.
320 1035 374 1086 su,
398 1023 426 1077 et
438 1021 561 1077 Basilius
575 1021 623 1078 hic
636 1023 706 1080 tcta.
721 1025 772 1092 tu,
785 1021 937 1095 explicans
980 1017 1034 1075 ubi
1047 1021 1184 1075 retractat
1200 1017 1233 1076 id
1249 1020 1334 1092 quod
1356 1019 1470 1076 dixerat
1487 1019 1541 1078 lib.
1555 1021 1589 1077 til
1605 1023 1646 1076 lte
1660 1022 1725 1080 tien.
1740 1019 1777 1080 ati

115 1103 180 1162 ilia
194 1104 295 1162 verba
312 1104 405 1162 (lenes.
420 1119 432 1161 t
447 1121 455 1160 r
473 1105 663 1164 cllasculum
676 1110 704 1162 et
717 1103 859 1164 feminam
871 1103 938 1164 iecit
982 1103 1039 1158 titt.
1055 1116 1121 1175 cap.
1138 1117 1230 1171 xxvu,
1242 1101 1365 1174 scilieet,
1376 1103 1523 1161 Adamana
1537 1105 1688 1176 peccando
1705 1105 1779 1164 ima·

117 1205 193 1246 ees,
209 1208 227 1243 e
240 1190 329 1246 Nune
981 1184 1081 1256 ginem
1099 1184 1148 1242 Dei
1164 1185 1351 1260 perdidisse:
1367 1187 1470 1260 quod,
1481 1187 1522 1244 ait
1534 1189 1731 1260 Augustinus,
1745 1193 1779 1248 ut

161 1270 243 1329 Dico
268 1276 359 1345 primo
382 1291 391 1329 ε
411 1273 474 1332 haec
493 1274 593 1344 imago
606 1273 656 1332 Dei
670 1273 726 1332 sita
738 1279 782 1333 est
795 1275 827 1332 ia
840 1277 938 1332 mente
981 1285 1086 1326 verum
1109 1269 1159 1339 sit,
1181 1269 1223 1326 sio
1244 1269 1450 1343 accipiendum
1470 1275 1530 1341 est,
1556 1288 1618 1328 non
1639 1273 1725 1347 quasi
1746 1272 1778 1330 ia

118 1356 281 1426 hominis,
295 1354 397 1413 sivein
408 1372 444 1416 eo
458 1355 542 1430 quod
555 1357 648 1415 homo
661 1357 693 1414 ia
705 1373 824 1416 summo
838 1373 938 1416 rerum
981 1352 1095 1409 Adumo
1108 1357 1247 1426 peccante
1260 1353 1343 1410 nulle
1356 1353 1528 1412 remanserit
1539 1357 1588 1412 Dei
1602 1355 1713 1428 imago,
1724 1357 1778 1415 sad

119 1441 163 1498 sit
173 1439 296 1512 gradu,
305 1440 337 1498 iu
351 1455 414 1513 quo
429 1442 504 1497 Deus
511 1444 560 1504 ,est
574 1443 602 1496 et
615 1439 754 1512 angelus,
767 1444 842 1514 puta
853 1439 939 1513 qued
982 1435 1066 1510 quod
1079 1437 1356 1511 illapcrpeecatum
1370 1441 1432 1494 tam
1445 1437 1586 1494 deformis
1599 1437 1700 1496 effecta
1712 1438 1778 1497 fue-

119 1523 229 1582 homo
253 1523 292 1580 sit
313 1529 425 1580 naturae
440 1521 642 1595 intelligentis,
657 1524 753 1598 sitque
767 1525 878 1582 animal
891 1541 939 1584 ru·
981 1519 1029 1588 lii,
1041 1524 1074 1576 ¹1²
1083 1519 1292 1578 reformatione
1303 1519 1473 1592 indiguerit·
1489 1521 1581 1594 impia
1594 1537 1666 1594 etssO
1679 1527 1709 1580 et
1718 1527 1779 1582 ⁸10·

118 1606 246 1663 fionale
265 1625 272 1662 ς
287 1621 342 1679 per
352 1605 498 1664 rationem
513 1606 592 1664 enim
598 1648 607 1676 ‚
622 1611 752 1666 mentem
764 1611 794 1666 gt
807 1608 937 1666 intellec.
981 1600 1043 1660 lida
1055 1605 1099 1660 esi
1119 1603 1261 1661 sententia
1273 1604 1398 1662 ltetthiae
1415 1604 1520 1678 illyrici
1539 1605 1710 1677 lutherani,
1733 1606 1778 1664 di·

118 1693 196 1746 turn
210 1690 309 1746 bomo
320 1689 450 1748 marimo
463 1688 549 1746 reteri
564 1692 672 1762 Deum,
685 1690 787 1764 illique
798 1707 859 1766 prae
874 1690 938 1750 aliis
981 1687 1086 1757 centis,
1102 1689 1187 1760 quod
1204 1687 1304 1759 imago
1318 1688 1368 1745 ilci
1380 1688 1412 1744 ia
1425 1689 1547 1746 homine
1557 1705 1611 1761 per
1623 1697 1778 1764 peccatum

118 1773 277 1832 creaturis
301 1773 470 1830 simillimus
490 1777 541 1830 est.
557 1775 598 1830 Ex
612 1773 668 1831 hac
681 1779 788 1832 natura
800 1773 938 1832 rationali
980 1769 1021 1827 ita
1033 1770 1070 1827 sit
1083 1775 1231 1844 corrupta,
1246 1774 1280 1828 ut
1290 1771 1384 1828 bomo
1398 1770 1627 1830 substantialiter
1637 1774 1673 1830 sit
1682 1777 1777 1831 trans·

119 1873 180 1916 sex
199 1857 319 1916 eximite
339 1856 470 1914 hominis
491 1855 575 1916 dotes
589 1859 617 1914 et
630 1857 823 1930 proprietates
836 1873 938 1915 conse·
979 1852 1123 1912 formatus
1143 1855 1174 1910 in
1195 1854 1294 1912 vivam
1314 1858 1343 1910 et
1366 1853 1591 1912 substantialem
1614 1857 1776 1930 imaginem

120 1947 288 2014 quantur,
308 1941 339 1998 ia
353 1955 483 2014 quarum
497 1941 588 1998 modo
604 1956 684 2010 una,
705 1939 800 1997 modo
813 1938 873 1999 ella
886 1943 937 1997 Pa·
981 1935 1094 1996 diaboli
1109 1955 1116 1993 :
1130 1937 1208 1996 hanc
1226 1938 1306 1995 enim
1319 1953 1381 1995 esse
1399 1938 1499 2010 ipsum
1515 1944 1670 2012 peccatum
1687 1939 1777 2012 origi·

122 2032 190 2081 tres
216 2024 348 2082 subinde
368 2023 447 2081 hanc
466 2025 516 2081 bei
530 2023 690 2096 imaginem
704 2023 865 2094 collocant,
880 2023 937 2080 sci·
979 2019 1062 2092 nale,
1085 2021 1148 2094 lpse
1176 2037 1246 2078 cum
1269 2021 1331 2078 suis
1352 2020 1505 2078 mordicus
1526 2025 1625 2080 tuetur
1651 2021 1706 2080 lib.
1736 2025 1776 2081 tle

122 2109 198 2165 licet
214 2109 379 2182 partialiter
392 2112 421 2166 ct
435 2107 621 2181 incompleta.
979 2105 1086 2163 Peccat.
1102 2108 1174 2176 erip.

164 2201 270 2253 Prima
282 2202 326 2254 est
332 2238 342 2267 ,
356 2195 442 2270 quod
456 2195 586 2252 hominis
599 2194 700 2252 aalma
713 2195 888 2268 incorporea
900 2195 937 2252 sit
1015 2193 1083 2251 Dico
1109 2194 1248 2251 secundos
1271 2195 1361 2252 altera
1383 2211 1505 2270 quoque
1528 2195 1561 2252 iu
1583 2195 1705 2254 bomine
1730 2197 1774 2254 est
1805 2203 1894 2251 netes·

125 2287 156 2338 et
172 2279 347 2351 individua,
362 2280 405 2336 uti
419 2285 462 2337 est
476 2281 537 2352 ipse
552 2282 627 2338 beas
641 2296 649 2335 ε
663 2277 695 2335 in
707 2278 763 2336 hac
776 2278 937 2350 imaginem
979 2275 1079 2346 imago
1090 2277 1150 2346 bei,
1165 2278 1521 2352 scilicetsupernaturalis,
1535 2295 1604 2352 qua
1617 2280 1673 2337 sita
1686 2279 1773 2337 estin
1787 2270 1836 2324 ¹¹²⁰
1852 2269 1893 2314 Μ

127 2365 183 2421 [tei
198 2364 329 2421 collocat
341 2365 370 2421 S.
386 2365 574 2436 Augustinus.
978 2359 1072 2429 gratia
1086 2364 1114 2417 et
1124 2360 1332 2432 iustificatione
1344 2361 1492 2432 hominis,
1509 2377 1571 2436 qua
1588 2364 1651 2436 ipsc
1666 2363 1773 2422 divinar
1786 2341 1894 2438 {iffi

164 2452 297 2508 Secunda
310 2453 367 2521 est,
380 2451 465 2524 quod
478 2451 515 2508 sit
527 2455 637 2511 aeterna
649 2454 679 2508 ct
691 2451 867 2512 immortalis
882 2470 890 2510 r
904 2453 937 2510 ia
978 2441 1012 2499 fii
1023 2459 1146 2500 00ῡὸοΝ
1159 2448 1285 2516 nalum,
1298 2461 1426 2519 (tuteque
1439 2446 1470 2501 ln
1479 2445 1574 2518 8101'121
1583 2451 1612 2505 et
1623 2447 1682 2505 vila
1692 2453 1773 2505 etsr-
1786 2451 1878 2498 tenue

125 2535 190 2592 inae
203 2532 332 2591 eolleeet
348 2535 497 2606 origenes,
977 2541 1018 2584 na
1044 2525 1213 2585 firmabitur
1229 2533 1259 2586 et
1276 2527 1455 2603 perficietur.
1481 2529 1606 2589 «Gratia
1629 2532 1708 2589 enim
1730 2535 1774 2590 est

171 2621 271 2674 resse
283 2621 341 2689 ea,
355 2619 441 2692 quoa
454 2619 491 2676 su
503 2619 822 2691 interessendum
836 2627 865 2679 a
875 2636 937 2680 me
977 2610 1242 2684 animasum„
1258 2613 1299 2670 aa
1312 2614 1341 2671 S·
1356 2614 1554 2687 augustinus,
1569 2615 1601 2671 in
1614 2615 1775 2687 necesaria

127 2703 233 2760 moria
244 2701 370 2776 praedita
385 2720 393 2758 r
406 2702 438 2758 ia
451 2703 506 2760 hac
519 2703 645 2760 collocat
659 2707 863 2762 damascenus.
977 2693 1133 2752 c⁰nditum
1153 2711 1216 2753 ⁰⁸⁵0
1237 2697 1399 2768 Manlum,
1423 2711 1549 2772 fiamque
1571 2697 1619 2756 hic
1633 2699 1720 2757 fliium
1734 2700 1774 2759 ad

167 2787 297 2853 eserie,
312 2783 937 2859 qnodattineriarbitrii:inhaccoltoeat
976 2775 1103 2835 litteram
1116 2779 1238 2852 intessisi
1257 2780 1417 2853 imaginem
1431 2781 1498 2853 ner,
1512 2785 1592 2854 patet
1606 2782 1704 2843 Golas·
1720 2799 1773 2855 n,

126 2871 156 2928 S.
173 2867 363 2926 Ambrosius.
977 2864 1026 2932 103
1049 2864 1147 2935 aptes.
1173 2879 1216 2934 ιν,
1229 2866 1276 2921 tt.
1291 2865 1333 2921 tta
1346 2865 1458 2938 passim
1472 2867 1579 2922 Patres.
1595 2867 1660 2923 ttaec
1673 2866 1773 2938 imago

167 2957 293 3021 Quinte,
316 2953 401 3028 quod
429 2954 467 3012 sit
490 2971 585 3029 capax
611 2955 778 3030 sapientie,
799 2957 935 3032 virtutis,
976 2945 1159 3004 &bhofflissis
1170 2947 1321 3006 v⁰ll¹1liate
1333 2949 1565 3023 pendet,eaquo
1573 2954 1711 3022 9⁶⁰⁰&ssae
1723 2951 1773 3008 ἆθ-

127 3035 934 3116 gratize,beatitudiuis,visionisDeiomnisqueboni:
976 3030 1092 3103 Perdita
1113 3035 1173 3100 θεῖ,
1193 3032 1245 3088 8θῦ
1266 3047 1320 3103 per
1344 3030 1470 3103 Simiam
1492 3032 1773 3103 fliiusiiflcflliffllem

126 3123 214 3179 unde
238 3121 272 3177 in
291 3121 349 3180 hac
371 3124 531 3196 capacitate
555 3121 716 3196 imaginem
738 3125 788 3182 Dei
808 3125 935 3186 collocat
976 3117 1129 3186 Petiliam?
1148 3118 1177 3171 θ*
1195 3113 1382 3172 liminatur·
1406 3115 1488 3172 Unde
1501 3115 1660 3188 A1³0⁸¹0h1⁵
1672 3118 1771 3188 Elim·

127 3209 295 3278 ityssenus.
976 3212 1044 3271 cap.
1058 3212 1098 3268 tv,
1110 3199 1148 3257 23
1159 3215 1167 3254 τ
1180 3197 1409 3268 cllenovamial,
1424 3199 1533 3272 inquit,
1546 3199 1651 3272 spiritu
1665 3197 1771 3259 mentis

165 3289 269 3358 Serto,
292 3287 377 3362 quod
397 3289 510 3348 cunctis
531 3289 711 3348 animalibus
724 3307 780 3350 sue
792 3295 934 3367 potestate
975 3287 1091 3355 vestre,
1099 3287 1128 3342 ct
1137 3283 1249 3342 induite
1258 3299 1371 3342 novum
1379 3284 1534 3342 hominem
1543 3285 1596 3359 qui
1606 3287 1771 3346 seeundum

128 3373 235 3447 preste
255 3376 284 3430 et
304 3371 477 3430 dominetur
498 3391 506 3431 :
528 3373 561 3432 ie
579 3373 636 3433 hee
659 3373 786 3434 eeueeet
805 3377 833 3434 s,
857 3375 935 3434 gest.
976 3372 1068 3426 [teum
1077 3372 1191 3426 creatus
1200 3367 1402 3439 estinJ'ustitia
1411 3372 1439 3426 et
1448 3369 1598 3426 sanctitate
1606 3369 1768 3429 veritatis.»

129 3457 203 3514 lius.
975 3450 1046 3508 Vide
1061 3451 1103 3508 ibi
1117 3451 1209 3523 dicta,
1224 3455 1253 3510 et
1267 3453 1288 3510 ll
1304 3452 1365 3510 tior.
1380 3467 1428 3523 111,
1441 3455 1487 3510 18.

168 3541 258 3599 Adde
278 3545 410 3613 septima
433 3543 508 3602 sicut
527 3541 558 3599 in
573 3545 633 3601 Deo
646 3557 751 3602 omnes
763 3557 810 3602 res
823 3548 894 3601 sunt
905 3549 935 3604 et
1012 3538 1065 3596 Ubi
1078 3542 1164 3610 ncta,
1176 3540 1245 3596 Adae
1253 3539 1285 3595 ia
1293 3539 1391 3613 primo
1402 3540 1522 3598 instanti
1532 3542 1687 3600 creationis
1697 3559 1769 3615 suae,
1793 3549 1882 3598 tesana

31 3623 62 3655 '⁶²
79 3613 118 3696 ἦθ’
129 3625 326 3682 continentur
345 3625 524 3697 eminenter,
540 3625 580 3682 ita
592 3641 714 3701 quoque
728 3642 832 3684 omnes
845 3645 892 3686 res
903 3629 934 3688 ln
975 3638 1045 3679 oum
1067 3622 1161 3694 gratia
1179 3621 1292 3680 infusas
1313 3621 1403 3680 fuisse
1422 3623 1512 3680 simul
1533 3639 1636 3681 omnes
1649 3626 1770 3684 virtues
1789 3614 1882 3667 dieite

45 3691 95 3716 seete

48 3747 89 3786 iffi·

130 3709 259 3766 homine
273 3713 343 3767 sunt
355 3709 531 3780 eminenter,
545 3709 588 3767 uti
602 3709 665 3767 dixi
679 3709 736 3768 sub
750 3711 866 3769 initium
879 3712 935 3769 bu·
974 3705 1155 3778 theologicas
1169 3709 1197 3763 et
1209 3705 1337 3764 morales
1350 3724 1359 3763 t
1373 3705 1443 3764 item
1458 3707 1559 3764 datam
1572 3709 1599 3765 ei
1613 3725 1676 3766 esse
1687 3709 1771 3782 justi·
1782 3673 1811 3718 ¹¹⁸
1829 3674 1889 3718 m

35 3803 112 3845 errares
125 3793 181 3864 jus
200 3809 280 3850 vers,
304 3794 449 3863 Rursum,
470 3792 563 3850 homo
586 3792 779 3865 intelligendo
801 3794 836 3852 fit
848 3793 935 3868 quasi
975 3789 1048 3862 tiam
1067 3789 1259 3860 originalem,
1282 3805 1351 3865 quae
1369 3794 1476 3864 proetet·
1496 3791 1616 3849 habitus
1629 3793 1771 3850 virtutum

33 3864 46 3895 a
58 3861 118 3904 anj-

40 3917 102 3965 m

129 3877 253 3946 omnia,
276 3879 310 3932 ut
328 3875 370 3932 ait
391 3875 575 3947 Aristoteles,
598 3875 671 3950 quia
684 3876 821 3950 omnium
834 3893 934 3936 rerum
973 3873 1036 3944 iam
1058 3875 1168 3945 dictos,
1190 3879 1252 3933 erat
1267 3875 1431 3933 assistentia
1448 3879 1477 3932 et
1489 3877 1710 3937 manutenentia
1723 3877 1773 3936 tlei

128 3959 281 4030 imagines
294 3963 323 4016 ct
334 3959 494 4018 simulacra
506 3961 537 4016 ia
551 3959 708 4034 phantasia
721 3963 750 4018 et
763 3965 860 4019 mente
877 3961 934 4020 sibi
976 3956 1112 4027 assidue,
1136 3973 1197 4030 qua
1217 3957 1308 4016 fiebat
1326 3963 1360 4015 ut
1381 3961 1479 4016 motus
1502 3975 1606 4016 omncs
1625 3962 1772 4035 appetitus

127 4043 283 4100 efformet.
975 4038 1149 4111 inordinati,
1172 4041 1233 4098 sive
1255 4042 1499 4116 concupiscentiae
1505 4084 1515 4114 ,
1536 4043 1683 4101 rationem
1695 4060 1774 4117 pree-

169 4126 289 4192 Oetaeo,
311 4125 382 4182 hinc
404 4127 498 4184 homo
520 4127 606 4201 quasi
624 4129 668 4186 est
685 4128 875 4202 omnipotens
888 4130 935 4188 in·
974 4125 1134 4194 venientes,
1144 4123 1358 4199 impedirentur
1364 4145 1374 4196 ;
1386 4129 1479 4200 utque
1493 4127 1640 4201 appetitus
1655 4129 1772 4199 rationi,

128 4215 194 4266 star
213 4207 282 4279 Dei3
304 4209 376 4283 quia
397 4210 493 4267 multa
518 4213 596 4280 arte,
610 4213 638 4267 et
651 4213 753 4268 omnia
769 4218 867 4269 mente
881 4229 935 4270 sne
976 4207 1051 4264 ratio
1072 4209 1130 4265 Deo
1151 4208 1182 4264 ia
1202 4208 1343 4266 omuibus
1357 4208 1536 4267 subderetur
1542 4229 1551 4281 ;
1567 4211 1667 4286 itaque
1679 4212 1773 4269 homo

129 4291 293 4349 efformare
319 4295 349 4349 et
375 4292 625 4366 comprehendere
653 4297 759 4368 potest.
789 4297 934 4366 Rursum,
975 4289 1006 4347 ia
1021 4291 1161 4348 omnibus
1175 4291 1773 4366 internapaca,rectitudineetsaactitate

128 4375 227 4432 homo
251 4378 296 4430 est
315 4373 385 4431 fiais
408 4374 545 4433 omnium
558 4380 724 4436 creatorum
733 4419 744 4448 ‚
758 4377 802 4434 uti
814 4393 934 4437 eorum·
974 4371 1119 4431 frueretur
1129 4391 1139 4445 ;
1159 4374 1240 4432 unde
1263 4375 1300 4432 de
1318 4377 1402 4432 nulla
1423 4390 1455 4433 re
1473 4375 1673 4435 inordinatam
1686 4379 1774 4436 tristi-

129 4457 203 4515 dcm
217 4457 289 4514 fiais
302 4461 346 4515 est
359 4460 446 4516 Deus.
974 4458 1061 4528 tiam,
1073 4457 1163 4528 iram,
1178 4459 1461 4533 concupiscentiam,
1476 4459 1602 4518 aliamve
1621 4461 1772 4520 turbidam

165 4544 264 4610 Noae,
277 4542 353 4599 sicut
365 4543 468 4601 aalma
485 4544 560 4618 regit
572 4560 700 4620 corpus,
713 4549 816 4620 estque
828 4550 890 4606 tcta
903 4549 935 4606 in
974 4539 1147 4614 passionem
1166 4543 1367 4615 concepisset,
1390 4547 1478 4617 atque
1500 4543 1578 4600 hanc
1588 4545 1731 4616 justitiam
1745 4549 1773 4604 et

128 4629 213 4698 toto,
237 4630 267 4682 ct
280 4630 343 4684 tota
362 4627 394 4684 in
406 4623 541 4702 qualibet
554 4628 618 4702 ejus
630 4633 714 4703 parte
734 4645 742 4686 ι
757 4631 838 4688 itaet
857 4633 933 4690 oeus
975 4624 1170 4695 iutegritatem
1183 4624 1295 4696 Adam,
1310 4623 1335 4683 Sl
1348 4628 1772 4702 11011P0⁰0AS⁵⁰2211¹P⁰⁵¹0P⁰⁵

129 4713 176 4767 est
199 4712 282 4768 totus
308 4709 341 4766 ia
360 4713 425 4767 tcto
446 4713 582 4784 mundo,
603 4716 634 4770 et
654 4714 735 4770 totus
754 4712 788 4770 in
801 4714 934 4788 qualibet
975 4707 1191 4765 transfudisset.
1206 4711 1245 4765 lle
1255 4709 1369 4781 justitia
1382 4710 1519 4783 originali
1532 4713 1601 4774 vide
1616 4713 1771 4788 lloliaaaa,

129 4793 347 4866 mundipartc.
465 4851 469 4859 ,
976 4791 1141 4862 Pcrerium,
1154 4791 1305 4850 Aretiaum
1322 4797 1351 4851 et
1364 4793 1450 4852 alios.

166 4879 278 4934 Decimo
290 4879 320 4934 et
340 4875 570 4952 perfectissime,
590 4879 676 4938 sicuti
698 4883 774 4938 lleus
786 4882 869 4938 Pater
880 4895 935 4954 per
1010 4879 1079 4937 uico
1093 4883 1190 4948 tertio,
1203 4878 1372 4956 incorpore
1385 4883 1770 4960 hominisproprienoaest
1784 4893 1891 4950 reaes-

130 4959 315 5017 iutellcetum
326 4975 358 5016 so
369 4976 551 5032 cognoscens
561 4965 699 5037 producit
710 4964 849 5036 Verbum,
861 4968 935 5039 puta
974 4963 1075 5036 imago
1084 4965 1149 5037 ilci,
1160 4964 1321 5025 sadtamen
1331 4967 1363 5025 in
1374 4983 1410 5025 co
1421 4967 1531 5026 relucet
1542 4971 1769 5044 quodammodo
1782 4959 1892 5061 {2⁰¹¹ss

131 5043 250 5113 iillum,
258 5058 330 5100 eum
339 5045 470 5102 amando
479 5045 618 5118 producit
628 5047 767 5120 Spiritum
776 5049 932 5106 Sanctum:
974 5051 1004 5104 et
1022 5049 1207 5123 resplendet,
1229 5052 1301 5126 quia
1322 5052 1431 5112 scilicet
1449 5069 1558 5127 corpus
1577 5054 1707 5112 hominis
1726 5061 1769 5114 est
1782 5079 1892 5132 eum

131 5126 173 5184 ita
194 5127 290 5184 homo
309 5127 504 5198 intelligendo
525 5145 555 5186 sc
570 5129 710 5203 producit
721 5130 753 5187 in
767 5133 865 5198 mente
879 5147 935 5190 sua
974 5129 1075 5204 imago
1096 5135 1225 5192 mentis:
1248 5140 1327 5192 recta
1340 5139 1420 5195 enim
1435 5141 1559 5210 statura,
1578 5143 1607 5196 ct
1620 5141 1720 5197 vultus
1739 5142 1770 5199 in
1783 5142 1830 5188 aa

130 5211 258 5268 verbum
273 5211 476 5282 intelligibile,
490 5211 644 5288 suiipsius
662 5213 880 5288 expressivum,
893 5213 934 5272 si·
975 5216 1083 5274 coelum
1103 5223 1232 5291 erectus,
1254 5219 1367 5279 indicat
1385 5223 1519 5280 animum
1532 5225 1667 5300 corporis
1679 5228 1773 5282 recto·

131 5291 224 5368 bique
245 5294 357 5364 simile,
382 5299 472 5368 atquc
500 5295 570 5353 inde
591 5297 725 5370 procedit
738 5297 934 5356 involuntate
974 5317 1038 5360 rem
1049 5301 1156 5359 coelesti
1174 5308 1273 5360 satum
1290 5301 1415 5377 origine,
1424 5305 1533 5380 licique
1543 5305 1679 5377 similem,
1691 5312 1772 5364 aeter·

132 5378 267 5448 ejusdem
279 5393 367 5438 amor
379 5395 387 5435 ε
398 5377 441 5437 sic
454 5379 533 5438 euim
546 5379 639 5441 homo
655 5380 733 5444 clarc
747 5385 935 5456 repraesentat
975 5385 1075 5454 nitatis
1095 5387 1124 5444 et
1147 5385 1308 5460 divinitatis
1331 5403 1488 5464 capacem,
1501 5405 1630 5465 superae
1642 5393 1772 5464 spectaro
