4134 6056
639 263 882 326 ιοιιιιιιιτιιιιι
901 247 1258 336 sacrasanctam
1711 253 1764 322 ιιι

112 371 229 444 talem
251 371 384 466 plagam
407 371 511 442 Eden.
535 373 589 440 17.
609 373 771 463 Cognovit
789 381 900 441 autem
920 372 1002 442 Cain
1014 393 1158 442 ,uxorem
1178 391 1290 453 suam,
1315 387 1392 458 quae
1419 365 1566 458 concepit
1590 369 1623 434 et
1640 366 1767 458 peperit

10 466 12 562 l
112 479 300 548 Henoch:
324 486 357 547 et
377 477 554 548 aedificavit
572 479 738 548 civitatem
748 479 967 570 ,vocavitque
989 499 1112 546 nomen
1132 473 1203 567 ejus
1223 495 1263 541 ex
1283 473 1417 542 nomine
1437 471 1500 540 lilii
1522 473 1592 558 sui,
1615 471 1764 540 Henoch

10 604 12 661 l
118 585 183 652 18.
199 583 306 654 Porro
325 585 461 652 Henoeh
474 585 590 673 genuit
612 585 706 670 lrad,
722 594 755 653 et
773 585 848 652 Ired
861 584 977 673 genuit
994 583 1150 667 blaviael,
1173 589 1206 650 et
1224 579 1365 650 Maviael
1383 579 1499 670 genuit
1513 577 1714 662 Mathusael,
1735 585 1767 646 et

10 751 11 758 ,
116 690 313 758 Μιιιιιιιιιι
336 691 453 778 genuit
469 690 622 759 Lamech.
642 691 694 759 10.
710 691 776 772 Qui
793 691 915 782 accepit
926 691 1010 758 duas
1023 711 1159 774 uxores,
1174 709 1296 756 nomen
1308 687 1370 754 uni
1386 685 1477 771 Ada,
1491 694 1525 754 et
1537 707 1659 754 nomen
1672 683 1768 752 alteri

117 794 233 864 Sella.
250 795 305 864 20.
321 795 510 888 Genuitque
525 796 597 863 lida
609 795 721 881 label,
740 797 799 887 qui
812 797 877 864 luit
890 803 982 886 pater
994 794 1215 863 habitantium
1228 793 1266 861 in
1279 791 1446 878 tentoriis,
1466 800 1565 884 atque
1583 798 1764 883 pastorum.

120 905 185 972 21.
210 901 254 970 Et
263 897 392 970 'nomen
411 901 522 970 fratris
541 901 613 991 ejus
630 899 752 970 Jubal:
777 901 845 992 ipse
866 901 931 968 fuit
949 909 1042 992 pater
1053 899 1242 968 canentium
1260 897 1385 967 eithara
1402 906 1435 968 et
1453 899 1589 988 o'rgano.
1605 897 1661 966 22.
1678 895 1769 966 Sella

121 1031 265 1100 qnoque
281 1007 398 1095 genuit
410 1005 615 1090 Tubalcein,
630 1007 690 1097 qui
702 1007 767 1075 luit
780 1007 952 1074 malleator
965 1013 998 1073 et
1013 1006 1107 1074 leber
1121 1007 1158 1074 in
1173 1013 1290 1074 cuncte
1308 1027 1409 1096 opera
1420 1005 1496 1073 saris
1513 1014 1546 1074 et
1558 1004 1649 1074 terri.
1666 1005 1768 1072 Soror

121 1135 210 1184 retu
223 1113 417 1196 Tubaloain,
432 1110 568 1180 Noema.
585 1111 640 1180 23.
656 1112 814 1202 Dixitque
828 1111 970 1179 Lamech
984 1111 1143 1180 uxoribus
1155 1111 1225 1179 suis
1236 1109 1319 1178 ada
1331 1117 1365 1176 et
1378 1109 1477 1179 Sellas
1492 1135 1501 1178 ε
1517 1110 1640 1179 Audite
1654 1131 1766 1179 vocem

124 1241 252 1302 meam,
266 1237 386 1285 uxores
406 1215 565 1301 Lamech,
581 1217 762 1285 auscultate
782 1238 966 1286 sermonem
990 1239 1127 1284 meum:
1153 1215 1311 1306 quoniam
1331 1215 1435 1283 occidi
1457 1215 1570 1285 virum
1588 1215 1626 1285 in
1642 1217 1767 1286 vulnus

124 1346 262 1407 meum,
287 1331 320 1390 et
341 1321 622 1390 adolescentulum
644 1322 680 1390 in
702 1323 841 1391 livorem
863 1345 985 1392 meum.
1002 1322 1058 1390 24.
1083 1321 1280 1413 Septuplum
1297 1320 1382 1390 ultio
1395 1321 1528 1390 dabitur
1547 1321 1587 1390 de
1604 1321 1686 1392 Cain
1702 1347 1710 1391 ε
1726 1322 1767 1390 de

10 1444 13 1555 q
126 1427 274 1497 [amech
287 1449 366 1496 vcro
379 1427 564 1517 septuagies
576 1427 705 1519 septies.
728 1429 783 1496 25.
809 1428 971 1517 Cognovit
988 1449 1121 1518 quoque
1134 1427 1242 1495 adhuc
1255 1427 1362 1495 Adam
1381 1449 1520 1496 uxorem
1532 1450 1628 1498 suam
1643 1451 1652 1494 ι
1668 1437 1701 1496 ιι
1712 1449 1769 1520 pe·
1835 1422 1838 1428 ’

10 1568 13 1665 q
125 1535 216 1626 perit
227 1533 350 1617 filium,
366 1533 561 1624 vocavitque
574 1555 695 1601 nomen
705 1533 777 1624 ejus
787 1533 880 1618 Seth,
892 1533 1023 1602 dicens:
1039 1533 1155 1600 Posuit
1168 1531 1251 1599 mibi
1263 1532 1352 1600 Deus
1365 1555 1477 1601 semen
1490 1533 1583 1602 aliud
1595 1553 1655 1624 pro
1668 1533 1766 1618 Abel,

10 1695 13 1756 ι.
126 1661 232 1731 quem
246 1637 468 1706 occiditCain.
484 1637 539 1708 26.
555 1637 668 1708 Sedet
685 1637 766 1708 Seth
788 1647 947 1709 natusest
966 1637 1074 1726 lilius,
1088 1661 1189 1730 quem
1202 1637 1332 1708 vocavit
1352 1637 1464 1708 Enos:
1483 1639 1545 1708 iste
1564 1638 1663 1730 eoepit
1674 1638 1768 1708 invo-

11 1767 12 1792 ³
127 1767 339 1816 carenomen
353 1743 498 1812 Domini.

26 1971 69 2018 ιιι
93 1979 115 2018 ι.
166 1967 196 2020 ι.
216 1965 372 2022 coorovrr.
392 1991 428 2005 -
452 1963 511 2022 lloc
528 1961 621 2021 verbo
638 1963 787 2038 Scriptura
802 1962 926 2021 bonade
970 1979 1104 2038 superse
1117 1963 1393 2022 abeodemnatum
1407 1963 1446 2022 ad
1461 1967 1608 2034 mertem,
1624 1963 1767 2042 brevique

129 2045 278 2119 significat
290 2045 429 2119 copulam
442 2045 592 2102 carnalem
602 2065 610 2116 ;
626 2047 699 2122 quia
716 2047 795 2104 enim
814 2045 927 2103 Hebraei
969 2047 1167 2118 meriturum,
1190 2045 1301 2104 sciebat
1322 2047 1463 2104 incertam
1480 2063 1543 2104 esse
1561 2047 1642 2106 diem
1663 2051 1766 2107 mortis

127 2131 275 2202 virginem
293 2133 401 2186 vocant
417 2107 529 2199 nubit
548 2131 621 2185 otmo
630 2169 640 2200 ,
660 2129 691 2186 id
707 2134 751 2186 est
770 2127 926 2187 abscondi·
969 2145 1041 2189 suae.
1057 2132 1128 2200 Quis
1141 2146 1212 2204 ergo
1225 2129 1325 2188 credat
1338 2146 1408 2188 eum
1421 2133 1766 2206 eentumaunisgenera·

128 2219 192 2272 tam
205 2218 234 2270 et
246 2213 427 2284 incognitam
438 2213 526 2285 viro,
545 2212 615 2269 binc
633 2227 700 2269 eam
716 2228 924 2286 corrumpere,
968 2214 1049 2271 tione
1072 2218 1101 2272 et
1123 2214 1339 2288 propagatione
1363 2213 1410 2271 sui
1434 2215 1549 2286 generis
1571 2214 1766 2289 abstinuisse,

126 2299 312 2356 vocantaam
326 2311 525 2368 cognoscere,
543 2295 590 2352 vel
604 2295 734 2354 revelare
751 2297 814 2368 aius
834 2297 927 2370 turpi·
969 2313 1039 2356 cum
1062 2299 1185 2356 nesciret
1207 2314 1246 2355 an
1266 2303 1384 2355 centum
1407 2297 1494 2355 aunis
1516 2302 1592 2356 esset
1611 2297 1767 2357 victurus?

127 2383 276 2453 tudinem,
290 2385 324 2438 nt
337 2384 417 2454 patet
428 2382 514 2437 lectt.
529 2395 608 2438 ιιιιι.
969 2383 1063 2455 AEque
1073 2379 1280 2455 improbabilis
1297 2384 1327 2437 et
1343 2379 1482 2438 fabulosa
1498 2384 1541 2438 est
1557 2381 1652 2454 visio,
1673 2399 1766 2458 qnam

30 2475 103 2520 ιιι·
94 2487 119 2519 ιι
166 2465 264 2538 Aliqui
277 2465 425 2534 Rebbini,
438 2480 508 2521 cum
516 2462 797 2537 nostrisboeretieis‚
819 2460 927 2538 putent
969 2465 1160 2522 S.llethodio
1173 2463 1290 2538 liar-tyri
1303 2461 1379 2521 laiso
1391 2462 1523 2522 attributi
1536 2467 1637 2521 Petrus
1649 2467 1767 2523 Comes-

33 2539 115 2646 ³²⁶³?
130 2547 323 2607 adamumin
335 2547 475 2620 paradiso
494 2548 668 2619 cognovisse
689 2549 788 2606 livam.
812 2551 868 2606 Sed
887 2567 925 2608 ex
968 2547 1037 2604 tor
1029 2563 1060 2604 m
1068 2548 1281 2605 Scholastica.
1292 2547 1385 2605 dena.
1399 2561 1466 2621 cap.
1480 2561 1547 2606 aar.
1564 2549 1651 2618 Quod
1660 2549 1768 2608 scrlrcet

40 2677 101 2721 ,ῃ
41 2607 266 2691 Ειιιιιιοιιοιι
284 2631 479 2689 communiter
492 2632 590 2688 Patres
604 2631 924 2707 doeentcontrarium,
968 2633 1063 2692 Adam
1077 2637 1193 2706 etliva,
1206 2649 1286 2691 anno
1299 2633 1392 2691 etatis
1402 2649 1517 2710 ,saque
1538 2651 1573 2692 ec
1592 2636 1698 2694 mundi
1718 2636 1769 2695 de·

130 2715 344 2775 miticetndam
357 2715 510 2772 etEvam
502 2729 534 2771 ιιι
550 2714 691 2788 paradiso
704 2716 847 2774 mansisse
867 2716 925 2773 vir-
968 2717 1047 2775 cimo
1061 2719 1186 2792 quinto,
1211 2716 1368 2790 genuerint
1389 2677 1480 2788 cain,
1503 2722 1532 2776 et
1552 2735 1686 2778 sororem
1703 2719 1768 2793 eius

128 2801 221 2872 ginas.
236 2799 285 2856 llic
304 2797 384 2855 enim
399 2801 469 2872 post
487 2798 660 2871 ejectionem
680 2799 850 2873 eparadiso
864 2800 925 2874 pri·
968 2801 1156 2872 calmanam3
1174 2817 1254 2859 anno
1271 2816 1342 2858 vcro
1359 2801 1510 2872 trigesimo
1524 2803 1679 2874 genuerint
1692 2803 1767 2862 Abe-

128 2901 179 2942 ma
195 2881 313 2956 copules
330 2897 435 2939 eorum
461 2880 495 2938 fit
520 2881 652 2938 mentio:
675 2883 823 2956 «Nuptiae,
841 2883 922 2942 aits.
967 2883 1048 2956 lem,
1062 2888 1091 2942 et
1104 2901 1237 2943 sororem
1257 2886 1321 2958 ejus
1337 2884 1515 2957 ltelboram3
1529 2902 1609 2944 anno
1626 2901 1698 2946 vero
1711 2891 1766 2948 130

127 2967 333 3040 ffieronymus,
343 2965 396 3022 lib.
406 2965 549 3021 ivcoatra
560 2967 747 3036 toriniacum,
757 2969 924 3024 terrama-
967 2967 1272 3040 caineceidcritnbel,
1280 2985 1372 3042 quem
1380 2969 1587 3042 parantesejus
1596 2971 1768 3045 planxerint
1872 3026 1878 3037 ,

126 3051 230 3126 pient,
244 3049 397 3124 virginitas
409 3049 617 3122 paradisum.»
632 3050 754 3107 Videtur
771 3066 842 3122 ergo
861 3051 924 3109 bec
968 3056 1086 3110 eentum
1101 3052 1208 3123 annis,
1228 3056 1335 3126 etpost
1348 3052 1502 3126 planctum
1516 3056 1670 3124 genuerint
1681 3055 1765 3126 Seth,

12 3211 13 3214 Ἴ
126 3137 224 3210 prima
237 3139 319 3192 extra
331 3134 504 3208 paradisum
517 3133 607 3190 fuisse
621 3133 690 3192 ndae
703 3137 732 3190 et
752 3136 819 3190 Eva
836 3149 924 3207 geue-
968 3151 1047 3194 enno
1060 3135 1152 3193 atatis
1165 3139 1194 3192 ιι
1207 3133 1313 3192 mundi
1325 3137 1389 3207 230,
1400 3140 1433 3192 ut
1445 3135 1556 3193 habent
1565 3138 1764 3211 Septuaginta.

12 3219 14 3260 ἕ
126 3221 216 3291 ratio,
229 3235 264 3278 ac
278 3221 493 3292 consequenter
505 3218 576 3275 cain
586 3217 641 3274 luit
654 3233 759 3276 eorum
774 3215 924 3293 primoge-
967 3221 1039 3277 Nam
1056 3217 1341 3294 praterjamdicta,
1357 3222 1400 3276 est
1415 3219 1464 3277 hic
1481 3221 1513 3277 in
1533 3220 1664 3280 numeris
1683 3224 1766 3297 apud

126 3305 214 3362 nitus.
231 3304 266 3361 ld
279 3304 359 3360 enim
372 3302 501 3359 insinuat
513 3318 575 3359 vox
588 3305 664 3374 Evae,
678 3319 748 3360 eum
761 3304 921 3377 parientis:
967 3303 1156 3376 Septuaginta
1170 3301 1341 3359 manilestus
1359 3318 1441 3362 error
1453 3346 1464 3375 ,
1478 3306 1507 3360 et
1522 3320 1578 3378 pro
1595 3307 1650 3364 200
1666 3299 1766 3378 legen·

130 3387 276 3446 «possedi
294 3385 448 3444 bominem
465 3400 520 3459 per
537 3387 650 3457 Deum,
666 3405 681 3441 ι
702 3403 730 3458 q.
745 3387 774 3443 d.
787 3389 851 3444 lam
863 3389 925 3460 pri·
968 3385 1042 3442 dum
1053 3388 1115 3455 130,
1126 3389 1159 3442 ut
1171 3385 1282 3443 babent
1295 3385 1426 3458 llebraea,
1436 3387 1606 3460 chaldaica,
1617 3389 1727 3447 Latina.

127 3487 209 3529 mum
217 3470 322 3544 peperi
333 3469 441 3539 lilium,
451 3467 588 3542 factaque
601 3484 669 3526 sum
681 3473 775 3527 mater
781 3469 922 3528 hominis.
1003 3471 1123 3526 Ριιιιιι
1137 3471 1209 3526 caru
1222 3484 1322 3527 arcens
1337 3488 1344 3527 :
1361 3473 1479 3528 Possem
1492 3485 1632 3530 neumas.
1647 3503 1683 3516 -
1695 3474 1765 3530 coin

160 3553 356 3612 Probabiliter
373 3555 471 3610 censet
488 3552 651 3610 Torniellus
669 3553 700 3609 in
716 3554 832 3621 Aoaot,
852 3554 925 3612 Cain
967 3550 1103 3610 hebraice
1119 3552 1198 3609 idem
1216 3555 1259 3608 est
1276 3553 1360 3626 quod
1376 3554 1544 3627 possessio,
1558 3571 1576 3613 a
1591 3554 1690 3613 radice
1704 3565 1765 3641 ηιμ

127 3639 260 3712 genitum
273 3653 336 3694 esse
350 3651 422 3694 mox
435 3638 503 3710 post
515 3635 722 3709 expulsionem
735 3637 805 3694 ada
817 3641 846 3694 et
859 3641 924 3694 Evae
967 3637 1049 3703 tona
1064 3633 1152 3692 idest
1169 3635 1290 3708 possedi.
1306 3635 1447 3695 arabicus
1459 3637 1564 3709 vertit,
1579 3641 1688 3696 lucrata
1705 3656 1766 3698 som

127 3722 312 3798 eperadiso,
327 3720 435 3778 seilicet
454 3720 554 3794 primo
568 3735 647 3776 anno
661 3719 768 3776 mundi
782 3723 811 3776 et
834 3720 905 3777 Adae
913 3761 924 3791 ,
967 3735 1016 3791 per
1039 3720 1124 3774 Deum
1144 3722 1244 3775 atnam.
1264 3719 1434 3792 Luditergo
1451 3721 1597 3796 Goropius
1614 3725 1764 3793 Becanus,

127 3811 190 3864 tum
203 3807 277 3881 quia
291 3806 384 3862 Adam
398 3808 427 3862 et
439 3807 499 3860 Eva
512 3803 678 3860 creatisunt
692 3803 924 3876 instaturaper·
968 3802 1020 3876 qui
1048 3817 1159 3859 nomen
1183 3801 1254 3858 Cain
1277 3816 1296 3857 a
1323 3801 1426 3874 lingua
1449 3803 1604 3862 llandricu
1624 3807 1764 3876 accersit,

126 3887 200 3947 fecta
222 3894 252 3947 et
269 3888 363 3946 babili
380 3889 420 3945 ad
438 3887 640 3960 generandum
652 3905 662 3958 3
676 3889 747 3943 tum
768 3887 839 3960 quia
856 3889 925 3961 post
969 3885 1055 3958 quasi
1077 3885 1148 3942 Cain
1170 3885 1249 3942 idom
1276 3885 1313 3940 sit
1333 3887 1418 3958 quod
1441 3889 1637 3959 quaeteyude,
1655 3889 1765 3960 idest,

125 3978 280 4050 peecatum
298 3988 370 4030 mox
386 3987 468 4030 aeres
487 3969 621 4028 libidinis
639 3973 667 4028 et
690 3969 806 4043 copules
822 3971 925 4027 stimu·
968 3971 1056 4025 motus
1074 3972 1139 4040 fiais
1152 3969 1201 4025 vel
1214 3972 1315 4026 cattus.
1330 3971 1431 4042 ltaque
1445 3970 1516 4028 Cain
1529 3970 1667 4029 hebraica
1684 3972 1765 4030 idem

125 4059 170 4117 los
186 4060 357 4127 senscrunt3
377 4059 443 4114 tam
461 4055 534 4130 quia
549 4055 606 4128 ipsi
619 4057 702 4110 erant
715 4053 771 4110 soli
788 4053 820 4110 in
838 4069 925 4110 mun·
967 4055 1011 4109 est
1030 4051 1114 4125 quod
1128 4052 1295 4124 possessi03
1317 4053 1360 4108 est
1374 4051 1453 4108 enim
1466 4051 1545 4109 iilius
1559 4055 1646 4128 quasi
1658 4070 1765 4129 paren-

126 4143 186 4212 do,
199 4145 229 4198 et
241 4157 296 4214 per
315 4155 366 4197 eos
380 4141 456 4197 lleus
472 4137 593 4196 volebat
610 4137 707 4194 stetim
723 4137 884 4210 propagari
897 4141 926 4193 et
968 4139 1032 4192 tum
1046 4135 1194 4209 possessio
1216 4139 1243 4191 et
1255 4135 1389 4209 supellex
1403 4153 1410 4191 ι
1423 4135 1504 4192 ιιιιάι
1515 4137 1582 4209 jure
1595 4143 1708 4196 nature
1721 4143 1765 4196 est

125 4224 318 4298 multiplicari
328 4227 391 4282 toto
405 4222 478 4280 orbe
492 4237 586 4294 genus
598 4221 775 4278 humanum.
786 4220 868 4277 Unde
882 4237 925 4277 se·
967 4215 1060 4292 patris
1079 4218 1111 4274 in
1130 4217 1225 4274 lilium
1249 4223 1396 4290 potestas3
1421 4218 1491 4275 binc
1507 4223 1606 4293 patres
1620 4227 1766 4280 vocantur

125 4307 309 4380 quiturcain
323 4306 464 4364 occidisse
475 4303 547 4361 Abel
561 4319 641 4360 anno
654 4303 746 4360 atatis
760 4304 834 4373 130,
849 4302 927 4360 scili·
969 4301 1084 4358 domini
1105 4301 1206 4356 Metti.
1226 4316 1271 4370 ιι,
1286 4315 1362 4357 vers.
1380 4303 1434 4372 233
1449 4304 1534 4360 Ereti.
1550 4319 1635 4376 ιιιιι,
1650 4307 1677 4362 1.
1694 4306 1765 4363 ilinc

126 4389 276 4464 cetpaulo
290 4391 357 4447 ante
371 4391 470 4446 ortum
486 4387 563 4445 Seth.
585 4386 652 4443 Seth
671 4387 751 4442 enim
770 4385 823 4441 illo
844 4399 925 4442 anno
968 4383 1079 4441 lactum
1101 4386 1144 4439 est
1166 4386 1199 4439 ut
1220 4387 1312 4440 Pcrsae
1325 4386 1410 4458 (teste
1423 4385 1596 4445 Αιιειοιιιι·
1588 4404 1619 4444 rn
1632 4391 1764 4462 Politia)

25 4545 26 4548 Ἴ
125 4478 213 4531 natus
226 4477 288 4544 est,
301 4477 335 4531 ut
344 4475 426 4548 petet
438 4486 553 4546 capr
571 4473 689 4527 versa
712 4469 875 4538 Quocsrca
867 4485 925 4526 rm
968 4465 1069 4524 liberis
1092 4469 1244 4522 uterentur
1266 4467 1352 4540 quasi
1366 4468 1467 4526 servis.
1482 4469 1553 4528 llinc
1567 4472 1657 4529 etiam
1670 4472 1766 4530 Sclari

125 4556 285 4630 probabile
302 4560 346 4612 est
365 4555 450 4629 qnod
469 4558 588 4612 censent
601 4553 712 4626 aliqui,-
734 4551 882 4608 adamum
896 4555 926 4608 et
969 4551 1058 4625 (teste
1071 4549 1227 4621 decursio)
1251 4549 1329 4608 lilios
1349 4551 1472 4608 arbitrio
1485 4568 1541 4610 suo
1554 4553 1725 4612 vendebant
1736 4561 1765 4612 ct

125 4641 216 4699 Eram
228 4641 364 4712 lugentes
380 4655 468 4696 suum
485 4642 640 4713 peecatum
659 4640 687 4693 et
707 4636 847 4709 lapsum,
870 4651 925 4709 per
969 4633 1154 4692 occidebant.
1168 4633 1239 4689 Dicit
1251 4650 1323 4706 ergo
1337 4637 1414 4692 Eva:
1429 4635 1570 4693 «Possedi
1580 4637 1763 4711 bominem»

126 4729 246 4782 centum
259 4738 354 4781 annos
372 4723 549 4786 abstinuisse
565 4737 623 4778 usu
640 4719 790 4791 conjugii,
804 4718 927 4776 centesi-
969 4717 1022 4774 sed
1034 4735 1049 4770 a
1059 4732 1114 4790 per
1122 4718 1247 4788 Deum»
1261 4734 1290 4790 q.
1299 4717 1329 4775 d.
1339 4721 1428 4774 Natus
1437 4723 1481 4777 est
1491 4720 1565 4777 mihi
1575 4720 1666 4793 lilius,
1679 4722 1765 4797 quasi

125 4822 248 4866 movero
271 4822 351 4865 anno
371 4806 526 4880 copulatos
546 4803 681 4878 genuisse
696 4803 788 4871 Cain,
807 4807 835 4858 et
852 4817 925 4859 mox
968 4799 1117 4875 possessio
1131 4815 1198 4858 mea
1206 4818 1215 4872 ;
1231 4801 1285 4857 sed
1303 4801 1385 4858 idem
1395 4801 1496 4876 potius
1510 4807 1553 4860 est
1566 4805 1683 4861 bomini
1695 4822 1765 4880 pos-

126 4891 198 4950 abel
213 4909 221 4948 ε
237 4892 319 4948 unde
332 4891 403 4948 cain
416 4905 495 4947 anno
513 4887 665 4960 trigesimo
677 4885 769 4943 aetatis
781 4885 923 4943 occidisse
967 4885 1071 4956 sessio,
1081 4885 1269 4942 etbaereditas
1277 4885 1350 4942 mibi
1359 4901 1377 4943 a
1387 4887 1446 4943 Deo
1455 4886 1575 4944 donata.
1584 4887 1625 4946 lta
1633 4889 1661 4946 S.
1673 4891 1765 4964 chry·

126 4977 196 5034 Abel
203 4975 355 5050 ,ideoque
364 4975 509 5033 moxloco
521 4972 619 5030 Abelis
629 4972 777 5029 adamum
787 4971 923 5043 genuisse
967 4974 1139 5028 sostomus·
1156 4971 1245 5026 allon
1267 4969 1381 5044 (inquit
1391 4967 1468 5044 Eva)
1483 4973 1589 5028 natura
1603 4972 1676 5029 mibi
1690 4989 1765 5048 pue·

126 5059 209 5134 Seth,
223 5077 306 5119 anno
319 5060 426 5118 munds
436 5061 508 5130 130
520 5057 678 5115 utvidetur
687 5071 754 5130 cap.
763 5070 792 5125 v,
804 5058 922 5114 versit.
965 5070 1035 5112 rum
1048 5053 1144 5125 dedit,
1159 5054 1213 5111 sed
1225 5053 1325 5113 divine
1333 5053 1510 5126 gratravsrc
1521 5055 1611 5113 taeoh
1622 5055 1661 5114 ad
1671 5060 1762 5116 Esau

126 5145 202 5216 11οι,
224 5147 372 5219 inquam,
394 5147 437 5202 est
461 5140 689 5216 improbabile.
713 5140 823 5197 sciebat
842 5138 922 5196 enim
969 5138 1110 5196 «Parvuli
1112 5137 1243 5212 ,inquit,
1258 5141 1326 5196 sunt
1339 5153 1417 5213 quos
1431 5139 1638 5198 donavitmlbl
1653 5144 1760 5212 Deus»
1810 5152 1884 5200 ιιοιιι

127 5189 539 5287 tdamseesseconstitutum
559 5241 578 5283 a
595 5227 674 5296 beo,
691 5227 725 5281 nt
743 5227 817 5280 esset
836 5221 924 5279 semi·
967 5221 1033 5281 (len
1055 5225 1190 5294 mett
1211 5222 1329 5284 Discunt
1350 5221 1399 5280 ιιιο
1420 5225 1557 5300 perenm
1578 5223 1679 5302 proles
1698 5225 1786 5284 csse‘
1774 5212 1885 5259 ‘im

128 5313 208 5370 nator
220 5315 251 5370 et
263 5314 448 5387 propagator
458 5325 572 5382 ειιιιιιι
589 5307 733 5379 humani3
753 5303 886 5364 sciebat
878 5321 923 5363 ιιι·
965 5305 1046 5364 dona
1059 5305 1120 5364 Dei.
1774 5273 1822 5320 Ν

272 5449 290 5488 .·'
303 5425 325 5466 ι,
408 5481 412 5488 Ι
648 5465 652 5472 ,
1138 5447 1144 5472 ,
1569 5409 1587 5464 fl

281 5505 285 5512 .
1150 5507 1153 5512 .
1348 5503 1380 5532 a„
