4088 6032
290 235 326 304 at
851 246 1349 313 macacsmrunrarcucuuni.

288 349 517 412 tiorumlnmart
525 350 677 424 ttubro,et
686 351 1076 431 Chaldaeorumpercymm,
1154 357 1250 416 Nota:
1266 357 1401 416 Peccator
1423 355 1572 431 duplicem
1585 355 1673 414 refert
1688 374 1846 431 personam
1858 401 1867 431 ,
1881 366 1910 419 at

288 441 374 510 parta
384 440 412 494 et
423 439 540 511 peracta
547 435 611 494 init.
622 435 778 510 Posterior,
785 435 961 514 quiainhac
973 437 1079 498 christi
1120 437 1233 514 duplici
1255 441 1342 516 qnasi
1362 444 1466 498 natura
1485 431 1626 510 subsistit,
1639 445 1711 512 puta
1729 441 1859 498 hominis
1883 449 1909 500 et

288 519 401 578 ultione
411 525 439 580 ct
448 520 662 594 redemptione,
676 519 767 578 iidem
780 525 848 578 sunt
860 520 959 579 hostes
968 528 996 581 et
1006 521 1079 580 ami·
1121 523 1274 592 daemonis,
1285 522 1345 580 sive
1357 521 1417 580 vitii
1427 528 1456 580 et
1468 522 1580 596 peccati
1595 540 1603 579 :
1618 522 1669 580 illa
1679 528 1723 580 est
1736 523 1845 592 militis,
1857 525 1910 584 ista

288 602 325 674 ei,
345 601 482 662 debellati
495 607 525 663 et
543 603 677 676 liberati,
692 603 784 662 enecti
797 609 826 662 et
845 605 1012 679 redempti,
1024 605 1078 664 sed
1120 604 1212 664 hostis
1221 605 1338 675 Christi3
1349 605 1400 662 illa
1410 611 1471 663 erat
1479 605 1644 677 liberanda,
1652 607 1707 663 ista
1716 606 1893 665 debellanda
1898 629 1908 681 3

287 685 417 759 ingenio,
432 687 567 746 moribus
581 693 609 746 et
621 685 727 747 affectu
741 687 907 746 dissimiles.
924 689 981 759 Qui
999 689 1078 748 euim
1120 689 1160 749 ad
1172 687 1255 746 illam
1268 687 1391 764 pertinet
1400 706 1494 746 annus
1505 689 1696 760 remissionis,
1704 692 1742 749 ad
1752 691 1839 750 istam
1848 693 1910 752 dies

286 769 371 845 prius
383 775 466 830 eraut
478 769 612 830 infideles
624 776 653 830 et
672 771 772 847 impii,
785 787 839 847 per
852 772 997 830 Christum
1011 772 1078 831 iacti
1119 771 1271 842 vindietae3
1296 771 1347 830 illa
1371 777 1560 846 comparatur
1583 773 1717 832 Israelitis
1740 777 1909 850 redemptis,

287 859 357 913 sunt
377 853 480 914 fideles
500 861 529 914 et
544 855 598 930 pit.
623 857 753 915 Christus
780 871 851 928 ergo
880 856 987 915 occidit
1008 871 1078 929 gen·
1120 857 1176 914 ista
1193 855 1334 930 AEgyptiis
1354 859 1382 912 et
1401 855 1571 929 Babyloniis
1591 857 1752 916 trucidatis.
1775 857 1820 916 Sto
1840 875 1911 932 ergo

286 941 329 996 tes
342 941 371 996 et
383 937 534 1010 homines,
549 943 578 997 et
590 939 675 1010 alios,
689 939 750 997 imo
770 939 891 998 eosdem
908 939 1077 1012 suscitavit;
1120 938 1203 997 furer
1223 937 1326 996 Christi
1340 943 1440 996 eontra
1455 939 1621 996 daemonem
1640 939 1763 1016 ejusque
1774 944 1910 1015 asseclas,

287 1021 358 1095 qaia
372 1035 402 1080 v.
421 1037 451 1094 g.
471 1022 578 1082 occidit
597 1025 712 1082 Petrum
731 1023 932 1095 idololatram,
950 1024 1077 1097 ebrium,
1120 1023 1227 1080 scilicet
1250 1022 1337 1093 vitia,
1350 1021 1472 1094 militat,
1485 1037 1578 1098 eaque
1593 1022 1632 1080 ab
1646 1023 1767 1082 homine
1781 1026 1909 1100 expellit,

286 1103 454 1164 adulterum
463 1124 472 1178 ;
495 1111 525 1168 et
537 1107 676 1165 cumdem
693 1105 859 1179 suscitavit,
880 1104 1006 1182 iecitque
1029 1109 1079 1166 Po·
1121 1112 1153 1164 ut
1165 1123 1291 1182 regnum
1305 1107 1354 1165 liei
1367 1105 1398 1166 iu
1415 1107 1536 1165 homine
1550 1105 1684 1182 collocet,
1697 1108 1909 1188 hominemque

285 1189 365 1246 hum
384 1185 547 1261 deicolam,
562 1187 714 1262 sobrium,
729 1193 858 1260 castum,
872 1193 927 1250 etc.
942 1193 997 1249 Pro
1015 1207 1077 1265 quo
1121 1191 1177 1250 sibi
1192 1197 1219 1250 et
1232 1190 1445 1250 [recrastituut.

934 1435 1256 1470 *⁴000*-

320 1693 1075 1772 convenerantaancaaseonttnatanrcntaamun·
1116 1709 1175 1770 quc
1189 1695 1228 1754 ad
1250 1694 1398 1753 Abraham
1410 1693 1528 1754 fluxisse
1547 1713 1641 1756 annos
1661 1699 1801 1760 ducemus
1816 1717 1911 1763 nona·

286 1783 328 1859 di,
340 1783 440 1843 uisum
454 1786 508 1854 cst,
518 1777 638 1841 brevem
650 1779 699 1838 hie
712 1783 741 1836 et
750 1775 938 1854 probabilem
949 1776 1074 1838 chrono-
1117 1777 1198 1852 ginta
1212 1777 1298 1837 duos.

284 1867 406 1944 legiern,
419 1865 630 1928 lectoriutilem
640 1866 668 1921 et
678 1861 841 1936 jucundam
851 1876 1028 1938 proponere,
1042 1863 1074 1919 in
1151 1865 1224 1921 Nota
1236 1867 1325 1937 primo
1339 1880 1349 1919 r
1364 1863 1473 1923 Eadem
1487 1881 1533 1923 res
1546 1863 1672 1926 subinde
1687 1883 1748 1928 uno
1762 1885 1842 1932 aune
1856 1889 1911 1931 au-

285 1967 346 2028 qua
365 1949 451 2028 quast
464 1951 496 2008 in
512 1947 635 2022 synopsi
655 1945 744 2004 unico
762 1945 868 2003 intuitu
889 1945 1074 2018 singularum
1116 1947 1215 2019 terius,
1231 1947 1357 2006 subinde
1369 1963 1431 2007 uuo
1445 1965 1524 2008 anuo
1538 1953 1684 2024 posterius
1696 1953 1909 2026 consiguatur:

284 2047 489 2108 personarum,
503 2030 551 2090 uel
564 2043 663 2089 rerum
677 2027 836 2088 illustrium
844 2029 875 2086 in
889 2043 972 2088 sacra
981 2029 1074 2104 Scrip—
1116 2029 1198 2088 verbi
1221 2031 1324 2106 gratia,
1349 2031 1388 2090 ab
1409 2031 1489 2089 exitu
1513 2031 1703 2093 Hebraeorum
1720 2053 1757 2096 ex
1779 2042 1909 2114 egypto

282 2123 349 2177 tura
362 2121 460 2176 oetates
479 2119 509 2174 et
527 2119 662 2189 tempora
681 2127 844 2188 eorumque
858 2111 1010 2171 distantias
1030 2113 1075 2170 in·
1116 2115 1258 2188 usquead
1268 2113 1599 2190 templumsulomonis,
1609 2118 1735 2178 subinde
1748 2134 1910 2180 numeran-

282 2203 409 2262 tueatur.
423 2201 527 2278 accepi
539 2213 605 2258 eam
619 2195 736 2256 abone
746 2197 943 2256 memoriali.
958 2199 988 2255 P.
1000 2199 1074 2256 Hen-
1115 2199 1163 2254 tur
1175 2195 1245 2255 anni
1260 2199 1322 2270 cro,
1336 2197 1445 2255 scilicet
1457 2200 1615 2272 complcti;
1631 2201 1757 2261 subinde
1771 2205 1834 2276 t80,
1851 2205 1910 2263 sci·

282 2285 344 2346 rico
357 2285 506 2356 Samcrio,
528 2280 582 2357 qul
601 2285 701 2340 exacte
719 2295 786 2339 eam
808 2279 986 2352 elaboravit3
1010 2291 1073 2339 uun
1114 2277 1332 2352 licetinclroati;
1345 2279 1909 2345 inchoatusenimeratannustttttcum

282 2369 375 2428 caruit
394 2373 493 2426 umen
511 2364 648 2437 mendis,
666 2379 686 2423 a
702 2363 812 2440 quihus
831 2361 984 2435 diligenter
1006 2375 1073 2423 eam
1114 2362 1202 2439 coepit
1213 2363 1323 2423 lubrica
1337 2363 1456 2440 templi:
1472 2365 1541 2423 hinc
1552 2383 1710 2426 commune
1724 2373 1767 2427 est
1780 2371 1908 2431 elmene-

282 2451 456 2528 expurgari.
477 2449 588 2510 omittit
605 2447 669 2525 ipsc
690 2446 815 2519 cainam
837 2446 916 2506 Sauli
935 2448 991 2506 soli
1003 2449 1073 2523 post
1113 2447 1252 2519 legeram
1272 2447 1403 2519 axioma,
1418 2462 1513 2508 unum
1525 2467 1637 2510 anuum
1660 2451 1692 2510 iu
1711 2451 1908 2528 chronologia

280 2531 446 2594 Samuelem
455 2531 507 2593 dut
516 2545 611 2592 anuos
620 2531 669 2603 tt),
678 2533 711 2589 ut
719 2530 851 2589 innuitur
864 2529 928 2588 Act.
940 2543 1004 2603 aru,
1018 2531 1070 2604 213
1114 2531 1227 2589 nullam
1233 2530 1337 2589 atierre
1344 2531 1538 2592 differentiam
1547 2538 1766 2608 temporum,ae
1775 2539 1904 2611 proinde

281 2621 309 2675 et
322 2619 358 2677 ue
370 2631 466 2676 annos
483 2613 656 2690 captivitatis
670 2612 717 2672 uel
735 2612 890 2686 seruitutis,
904 2629 981 2688 quos
994 2631 1071 2688 prae-
1113 2629 1175 2673 non
1188 2630 1250 2673 esse
1264 2615 1483 2675 aestimandum.

281 2697 356 2759 dixit
367 2698 506 2760 teremias
519 2711 586 2774 cap.
600 2711 667 2768 xxv,
676 2697 723 2764 ib,
737 2699 766 2754 et
779 2711 845 2771 cap.
854 2711 932 2770 xxrr,
943 2699 988 2770 tt),
1003 2713 1071 2771 pro·
1148 2701 1221 2757 Noto
1232 2699 1346 2756 meando
1361 2717 1371 2756 a
1395 2700 1472 2758 Sicut
1494 2702 1586 2760 ludaei
1599 2707 1628 2760 ct
1646 2703 1800 2764 Christiani
1818 2721 1906 2765 suam

281 2781 419 2842 hobiliter
441 2779 556 2842 orditur
579 2797 598 2839 a
624 2779 829 2855 deportatione
850 2786 879 2840 et
906 2781 1071 2857 captivitate
1112 2781 1336 2856 chronologiam
1348 2782 1541 2857 incipiuntab
1554 2785 1679 2858 adamo,
1688 2787 1906 2861 ueladiluvio,

281 2865 426 2926 tochoniae
443 2866 505 2924 sire
517 2865 657 2936 toachin,
674 2865 727 2940 qui
741 2862 795 2922 tuti
809 2863 889 2923 tilius
902 2865 1029 2938 toalaim,
1043 2869 1071 2924 et
1111 2869 1159 2927 vel
1172 2867 1210 2928 ab
1225 2867 1389 2939 Abraham,
1403 2869 1451 2926 vel
1464 2869 1503 2927 ab
1523 2886 1642 2942 egressu
1664 2872 1852 2931 Hebraeorum
1866 2889 1906 2932 ex

282 2965 375 3024 nepes
389 2948 529 3020 sedeciae,
544 2945 706 3022 dequibus
720 2947 844 3023 aliisque
859 2947 920 3006 suis
940 2947 1012 3006 locis
1025 2948 1071 3006 iu·
1111 2953 1238 3028 AEgypto
1253 2969 1260 3008 :
1276 2951 1316 3010 ita
1327 2951 1439 3010 Ethnici
1455 2969 1509 3010 sua
1522 2957 1656 3027 tempora
1670 2960 1831 3030 supputant
1842 2961 1906 3030 pra·-

281 3034 342 3091 sius
361 3047 465 3106 agam,
484 3047 579 3106 caque
593 3031 721 3090 exactus
733 3031 922 3090 examinabo.
943 3031 1018 3090 Anni
1039 3033 1070 3089 iu
1112 3051 1170 3101 mo,
1187 3033 1332 3092 attineat
1345 3035 1549 3106 Semiramide,
1567 3036 1620 3110 qui
1639 3038 1768 3111 primam
1783 3055 1906 3097 monar-

280 3117 337 3176 hao
348 3115 450 3176 tabule
463 3115 563 3189 scripti
577 3115 608 3172 ln
625 3117 722 3189 prima
735 3119 814 3173 recta
826 3113 916 3186 serie,
929 3120 957 3174 ct
977 3115 1070 3176 notati
1111 3117 1399 3190 chiamassyricrum
1413 3119 1621 3190 condiderunt,
1631 3125 1905 3196 quorumtempore

279 3197 514 3260 inlaterouloilli
524 3197 693 3272 conjuncto,
705 3197 1071 3270 significuutannosmun-
1111 3201 1184 3258 vixit
1195 3199 1353 3260 ahraham.
1365 3201 1495 3273 Secundo,
1510 3202 1651 3260 adituvio
1666 3204 1787 3276 ogygia,
1806 3221 1840 3262 ac
1857 3221 1907 3263 re·

280 3281 311 3342 dl
330 3282 491 3343 successise
513 3282 705 3340 increscentes
730 3295 825 3354 usque
848 3281 887 3340 ad
912 3282 1068 3340 Christum.
1111 3299 1171 3358 guo
1185 3283 1282 3342 inachi
1295 3289 1324 3342 et
1338 3284 1482 3344 Phoronei
1500 3299 1622 3357 regum,
1643 3287 1727 3360 quod
1749 3287 1851 3345 incidit
1871 3289 1906 3346 iu

279 3368 354 3426 Anni
366 3382 438 3427 uere
447 3366 540 3424 notati
553 3367 584 3422 in
597 3364 861 3423 hausuersislineis
872 3369 899 3423 et
912 3365 1068 3438 laterculis,
1110 3372 1245 3442 tempora
1257 3368 1346 3426 iacob
1364 3369 1545 3441 patriarchia.
1561 3371 1669 3438 Tertio,
1689 3369 1798 3432 abetlo
1812 3374 1840 3428 et
1854 3387 1906 3430 ex·

279 3451 444 3522 significant
466 3449 618 3508 distantias
637 3448 811 3506 eorumdem
824 3446 863 3507 ab
877 3448 1022 3520 invicem,
1044 3450 1070 3508 sl
1111 3449 1189 3510 cidio
1202 3452 1306 3523 Trojua,
1322 3453 1406 3525 quod
1420 3452 1516 3509 euenit
1529 3452 1587 3510 sub
1605 3456 1740 3527 tempora
1753 3456 1905 3513 samsonis

280 3547 348 3592 cum
360 3533 395 3590 iis
412 3533 465 3608 qui
477 3533 509 3590 in
522 3535 601 3590 recta
620 3531 693 3589 serie
706 3533 776 3588 sunt
793 3531 1011 3604 combinentur,
1029 3533 1069 3592 ita
1111 3539 1139 3596 et
1152 3535 1212 3594 licii
1226 3533 1384 3610 pontificis.
1395 3535 1513 3604 Quarto,
1528 3536 1566 3593 ab
1580 3537 1663 3595 initio
1677 3537 1904 3612 Olympiadum,

279 3619 313 3675 ut
323 3615 355 3673 in
368 3630 463 3674 unum
480 3615 678 3689 eumdemque
692 3612 865 3672 laterculum
882 3619 1067 3688 concurrant,
1111 3633 1178 3695 quae
1189 3623 1340 3696 coeperunt
1354 3617 1411 3677 sub
1425 3619 1516 3680 tinem
1527 3621 1610 3694 regni
1621 3620 1711 3694 Ozim,
1725 3622 1801 3695 regis
1814 3624 1904 3682 tuda.

279 3709 309 3760 r.
322 3695 683 3774 praesentassemus
695 3700 878 3756 ususversns
891 3713 1069 3758 concurrens
1111 3703 1227 3773 Quinto,
1241 3702 1281 3763 ab
1295 3701 1406 3777 origiue
1417 3701 1501 3763 urbis
1511 3707 1621 3778 Rome,
1634 3719 1702 3784 quae
1711 3705 1832 3770 coutiait
1844 3705 1904 3764 suh

279 3797 350 3843 cum
359 3784 466 3858 quarto
479 3781 511 3842 to
521 3779 598 3842 linea
611 3784 700 3854 rech,
713 3779 1009 3857 damhomadhumo
1019 3797 1070 3840 us·
1110 3783 1201 3843 finem
1211 3785 1296 3858 renai
1308 3785 1460 3859 sonabam,
1473 3786 1550 3858 rogis
1564 3788 1649 3848 toda.
