4042 6032
261 209 339 270 xcvi

251 327 320 385 urs,
343 313 476 374 ineditis
494 316 619 390 spherus
638 317 729 392 huius
740 317 913 390 regionibus
925 317 1047 390 mansit,
1089 335 1211 378 suavem
1220 321 1332 392 minus,
1345 337 1437 394 quam
1446 323 1597 394 potentem
1611 321 1764 394 opificem,
1777 319 1886 389 inipso

251 396 306 455 ubi
318 397 415 471 maior
429 398 524 458 irrerel
536 398 734 474 refrigeratio,
748 416 842 474 quam
857 402 888 458 iu
901 406 983 475 parte
1001 402 1047 458 in·
1088 416 1186 459 renim
1212 420 1245 460 ac
1270 408 1382 461 naturae
1398 401 1488 460 totius
1515 406 1638 472 exortu,
1665 419 1734 458 cum
1755 401 1886 458 maxime

251 478 351 539 feriori
356 500 366 555 3
380 486 470 558 atque
481 483 521 541 ita
534 482 714 542 nebulosum
728 484 816 542 veluti
825 483 968 543 fornicem
978 501 1046 542 con·
1089 501 1176 542 suum
1191 487 1299 559 cuique
1310 484 1446 556 modum,
1458 485 1593 542 ordinem
1607 501 1641 542 uc
1655 486 1803 542 rationem
1815 500 1887 556 prae

252 563 361 636 stituit,
375 565 429 640 qui
441 581 496 638 per
516 565 600 624 illam
619 565 800 640 diaphanam
819 568 1048 640 etmosphaerom
1087 569 1243 640 scriberet,
1271 586 1363 644 quam
1397 569 1507 626 servari
1536 569 1568 626 in
1595 573 1747 642 posterum
1775 567 1884 638 vellet3

251 645 292 706 ab
303 663 382 722 aqua
394 652 503 707 terram
512 654 683 721 contegente
693 649 904 723 separabatur:
920 651 982 708 baec
994 650 1047 708 ila·
1087 652 1246 726 quandoid),
1263 659 1296 710 ut
1310 654 1350 711 ait
1360 654 1519 726 Scriptura,
1533 659 1605 710 ceto
1618 655 1673 723 lege
1687 657 1713 708 et
1724 667 1789 723 gyro
1801 653 1886 706 colto-

250 745 311 804 que
327 735 417 789 uerat
430 732 565 790 dividens
578 731 654 790 inter
668 749 761 807 aquas
775 733 942 807 superiores
957 737 1046 807 atque
1088 735 1135 794 bot
1150 738 1272 808 obessem
1286 739 1392 810 quondo
1408 738 1508 793 uellem
1522 737 1647 806 innubat
1665 751 1788 800 sursum,
1807 738 1835 790 et
1852 735 1886 789 li-

181 870 184 878 ,
250 811 442 885 interiores„
464 831 516 872 seu
533 816 618 890 quod
640 815 720 873 idem
734 818 795 887 est,
812 817 956 890 separabat
976 820 1048 873 inter
1088 819 1183 876 brobut
1195 821 1281 888 sontes
1295 837 1459 892 optionem...
1475 825 1502 877 et
1516 822 1598 891 legem
1612 819 1728 892 ponebat
1743 821 1835 890 equis,
1852 833 1886 872 ae

251 913 343 969 opus,
360 914 428 971 qima
440 905 523 956 erant
536 898 593 956 sub
606 900 663 956 hau
677 898 755 956 acria
768 899 949 968 extensione,
964 902 991 955 et
1002 901 1046 954 ιἰι-
1088 905 1235 972 anteirent
1253 907 1318 973 tues
1333 919 1394 960 suos
1414 923 1423 960 :
1441 919 1504 959 non
1523 907 1584 970 est,
1607 902 1749 976 inquam,
1764 916 1886 958 cousen-

251 983 293 1038 ιιι·
310 996 406 1054 optus,
423 996 491 1056 quoe
510 997 602 1056 supra
622 982 719 1057 ipsam
733 983 932 1041 constiterant.
952 981 1045 1040 Nebu·
1087 987 1216 1055 tonsum,
1231 985 1270 1042 ab
1284 1001 1320 1042 eu
1335 991 1403 1042 tunc
1413 986 1499 1042 illum
1512 985 1645 1056 coepisse,
1655 985 1885 1056 quodrextraor·

249 1061 333 1121 losus
344 1064 395 1122 ille
414 1063 513 1122 iornix
532 1071 680 1124 astrorum
692 1067 815 1139 quidem
835 1066 932 1124 visum
945 1066 1065 1140 prohi·,
1088 1068 1235 1126 dinarium
1246 1068 1471 1142 violentiamque
1478 1068 1525 1139 sit,
1538 1068 1628 1141 idque
1637 1067 1737 1142 ipsum
1744 1071 1884 1123 constans

250 1145 355 1218 bebai,
377 1150 408 1205 at
430 1149 500 1205 satis
519 1163 620 1207 meare
647 1149 762 1208 sinebat
781 1151 909 1208 solarem
930 1149 1045 1218 lucem,
1087 1167 1121 1209 ec
1134 1157 1312 1226 perpetuum
1329 1168 1391 1209 esse
1403 1152 1535 1224 iussisse.
1549 1171 1565 1204 ι

250 1232 507 1305 quemadmodum
521 1237 550 1290 et
563 1232 710 1303 modofit,
723 1249 820 1308 quum
833 1232 1047 1290 nubescoelum
1122 1235 1407 1310 Dixeruntquidem,
1420 1234 1516 1292 nubes
1529 1233 1568 1291 ab
1582 1254 1597 1288 c
1610 1232 1696 1305 aquis
1709 1248 1778 1306 quse
1791 1248 1885 1304 super
1944 1255 1948 1268 ·

243 1314 415 1373 obducunt.
438 1315 515 1385 Quid
536 1332 607 1374 vero
628 1315 805 1374 discriminis
823 1321 898 1374 esset
915 1318 989 1374 iuter
1002 1320 1046 1372 at·
1087 1319 1176 1374 coelos
1199 1323 1277 1388 sunt,
1299 1339 1313 1372 a
1338 1317 1370 1376 in
1391 1317 1546 1390 scripturis
1561 1315 1712 1387 distingui.
1733 1318 1769 1372 at
1782 1317 1882 1370 Psulm.

250 1398 450 1472 mosphseram
467 1397 551 1456 illam
567 1413 709 1474 eamque,
727 1415 789 1474 qua
812 1399 905 1457 modo
923 1398 1046 1469 utimur,
1086 1401 1244 1470 cruru,nbi
1258 1400 1386 1458 coelestia
1399 1405 1428 1458 et
1440 1401 1586 1458 terrestria
1601 1399 1748 1456 omnlaad
1761 1399 1808 1455 uei
1820 1398 1883 1454 lau-

250 1495 307 1552 cgo
328 1485 408 1540 certo
426 1481 523 1539 dicere
540 1497 603 1541 non
623 1481 741 1540 audeo:
768 1479 893 1541 tortasse
905 1481 971 1538 talis
985 1485 1047 1539 erat
1087 1486 1157 1542 dem
1169 1485 1346 1556 invitantur,
1365 1485 1480 1543 nullam
1504 1484 1593 1543 video
1615 1485 1796 1541 mentionem
1819 1500 1883 1540 esso

249 1564 331 1622 illius
350 1568 442 1622 status
463 1569 551 1640 atque
573 1565 720 1636 conditio,
735 1568 769 1623 ut
782 1579 974 1640 nequaquam
993 1579 1046 1622 ne-
1088 1569 1125 1626 de
1138 1568 1280 1638 nubibus,
1290 1584 1358 1642 que
1371 1573 1471 1626 tamen
1482 1584 1537 1626 sue
1547 1568 1634 1625 valde
1644 1568 1807 1641 conspicua
1821 1584 1884 1624 ms-

251 1646 394 1705 bulosum
413 1647 557 1707 fornicem
581 1647 675 1707 scindi
698 1652 749 1706 aul
770 1647 907 1721 dissipari
927 1647 1047 1720 permit·
1087 1652 1241 1723 gnilndine
1260 1653 1363 1710 oculos
1384 1650 1569 1725 percellunt:
1592 1652 1752 1708 invitantur
1771 1651 1884 1706 solum-

196 1753 198 1756 ·
252 1735 334 1791 teret.
348 1735 465 1790 Certum
484 1731 601 1791 iuterim
619 1737 776 1806 ratumque
790 1735 849 1802 est,
863 1731 926 1788 huc
945 1731 1048 1789 omnia
1087 1735 1180 1793 modo
1196 1751 1309 1809 usqum
1322 1751 1426 1793 omnes
1440 1751 1508 1808 qua
1522 1734 1713 1809 supercoelos
1727 1738 1834 1790 sunt.»
1851 1736 1883 1790 lu

252 1815 367 1873 rabone
381 1815 480 1894 legum
494 1833 513 1875 a
526 1819 584 1874 llen
598 1815 817 1888 impositurum,
827 1829 935 1888 nempe
948 1829 985 1871 ex
994 1829 1046 1872 vo·
1086 1820 1201 1876 cantico
1214 1819 1348 1892 quidem,
1361 1823 1395 1876 ut
1408 1819 1545 1888 dicimus,
1556 1819 1646 1875 trium
1659 1832 1833 1890 puerorum,
1844 1817 1883 1873 dc

252 1899 365 1958 luntate
381 1901 517 1960 creatoris
535 1905 565 1959 et
586 1899 800 1959 conservatoris
812 1904 925 1957 naturas
933 1940 944 1970 ,
956 1898 1046 1956 inisse
1088 1901 1220 1975 utrisque
1228 1907 1271 1959 est
1279 1901 1400 1960 mentio.
1410 1901 1493 1959 Prius
1502 1900 1582 1959 enim
1596 1901 1721 1971 legitur:
1737 1901 1883 1958 «Benedi-

252 1981 345 2041 iactu:
367 1998 555 2058 quercuum
573 1984 639 2056 jure
662 1982 775 2056 optimo
795 1982 858 2040 neo
876 1981 997 2054 jussisse
1011 1998 1046 2040 ac
1088 1987 1141 2044 cito
1154 1986 1221 2043 coeli
1236 1987 1371 2045 Domino.
1390 1985 1553 2042 benedicite
1571 2000 1657 2059 aquae
1674 1999 1778 2041 omnes
1787 2025 1799 2054 ,
1813 1999 1883 2058 quse

251 2065 353 2125 iecisse
369 2065 476 2124 dicitur
489 2069 574 2123 lleus.
597 2066 664 2137 Ejus
678 2064 758 2121 enim
772 2065 909 2124 voluntas
922 2081 983 2123 uua
1004 2069 1047 2123 est
1087 2084 1177 2142 super
1190 2069 1280 2126 coelos
1291 2068 1533 2127 suutllomiuo.»
1552 2071 1584 2126 lit
1594 2074 1697 2143 postea
1710 2084 1810 2126 rerum
1822 2085 1883 2126 me

252 2164 341 2207 causa
360 2147 490 2207 efficiens
512 2149 692 2207 naturalium
706 2147 876 2219 effectuum,
898 2148 1046 2224 siquidem
1087 2152 1334 2225 teorologicarum
1347 2151 1478 2210 recensio
1491 2150 1542 2221 lit,
1556 2167 1641 2225 quaa,
1660 2157 1821 2225 antequam
1842 2155 1885 2212 ad

251 2231 315 2290 uec
331 2233 511 2290 avoluntate
527 2235 728 2290 creaturarum
741 2245 803 2288 nou
816 2233 956 2304 pendent.
1087 2239 1195 2293 terram
1205 2235 1433 2306 descendamus,
1447 2235 1619 2292 terminatur
1632 2235 1668 2292 iis
1680 2235 1793 2292 verbis:
1808 2238 1884 2293 ulle-

286 2318 379 2390 tloses
393 2331 456 2374 non
469 2315 571 2373 omnin
583 2315 645 2372 haec
658 2311 760 2385 reiert,
773 2329 841 2388 quie
854 2314 902 2372 dle
916 2315 1046 2373 secundo
1088 2318 1212 2377 nedicite
1222 2318 1341 2391 fulgura
1353 2323 1382 2376 et
1395 2317 1491 2377 nubes
1504 2319 1783 2377 conlocaverunt
1796 2335 1884 2394 aquae

251 2404 427 2459 creuerunt:
447 2399 516 2456 sutis
534 2400 598 2472 ipse
615 2399 705 2455 habet
726 2397 750 2454 si
769 2401 870 2454 narret
884 2397 990 2456 iactam
1003 2397 1047 2456 dt.
1088 2403 1254 2475 superiores
1261 2407 1330 2460 sunl
1342 2407 1406 2459 tum
1417 2417 1543 2476 vapores
1556 2403 1747 2472 disseminati,
1756 2405 1809 2478 qui
1820 2409 1884 2462 tan-

252 2481 323 2540 rino
334 2484 419 2553 jussu
439 2483 670 2554 atinosplaoerem
687 2495 782 2554 aquus
800 2479 839 2536 ab
858 2480 945 2552 equis
963 2495 1046 2554 sepa·
1089 2490 1152 2546 lum
1172 2487 1247 2546 acris
1268 2487 1498 2561 pelluciditatem
1515 2488 1673 2558 minuunt,
1687 2493 1752 2546 tum
1768 2489 1884 2560 nubes,

252 2570 382 2638 rantem;
398 2581 459 2640 qun
473 2581 505 2622 re
523 2571 599 2623 terra
616 2570 718 2622 nostra
738 2579 800 2620 non
815 2563 932 2622 modice
945 2579 1047 2636 proce-
1088 2567 1150 2624 sive
1164 2584 1205 2624 oae
1220 2568 1425 2625 distendantur
1438 2567 1470 2624 in
1484 2569 1576 2634 σιποι,
1593 2567 1654 2626 sire
1667 2567 1885 2642 conglobentur

253 2647 343 2707 debtu
355 2650 394 2707 ad
410 2647 618 2723 perfectionem
633 2665 714 2718 eam,
728 2663 820 2722 quum
835 2646 935 2720 opifex
947 2664 1047 2706 rerum
1088 2647 1120 2708 in
1140 2654 1272 2715 mmulos.
1289 2651 1350 2708 sive
1363 2651 1395 2708 in
1408 2655 1495 2708 suctu
1507 2652 1720 2720 extendantur,
1734 2668 1801 2726 qum
1813 2657 1885 2711 sunt

252 2739 319 2792 ante
327 2733 457 2792 hominis
466 2733 644 2790 creationem
656 2731 713 2806 ipsi
722 2729 855 2789 conierre
868 2731 1046 2788 decreverat.
1088 2740 1146 2790 tres
1160 2735 1315 2808 proecipuea
1335 2733 1462 2791 nubium
1475 2733 1589 2794 torma.
1608 2734 1706 2793 Nubes
1723 2750 1795 2794 vero
1814 2752 1885 2810 qun

288 2815 510 2876 thomasinus
524 2816 614 2888 hujus
628 2815 686 2872 loci
700 2813 785 2872 multi
798 2820 987 2883 censuerunt,
999 2829 1048 2872 ve·
1089 2831 1158 2874 eum
1170 2817 1338 2888 fulgoribus
1350 2816 1557 2887 nominantur,
1572 2821 1642 2876 sunt
1654 2817 1749 2876 nubes
1769 2819 1885 2893 procel-

253 2917 300 2960 ras
311 2917 419 2976 aquas,
435 2916 511 2975 quus
532 2905 561 2957 et
575 2899 724 2958 vocabant
737 2897 944 2969 elementares,
957 2913 1048 2970 supra
1088 2899 1171 2971 lusce,
1184 2916 1253 2974 quta
1266 2915 1322 2958 nec
1335 2899 1414 2970 cirri,
1428 2916 1483 2958 uec
1495 2901 1625 2972 cumuli,
1639 2917 1694 2959 nec
1710 2903 1798 2960 unius
1815 2909 1885 2962 tan·

253 2985 328 3044 aeris
341 2985 493 3058 regionam
514 2989 543 3042 el
556 2988 719 3058 pertulum
737 2983 846 3040 coelum
859 2979 948 3039 luisse
960 2981 1048 3040 diliu·
1088 2987 1153 3040 tum
1165 2981 1321 3042 unliormis
1334 2984 1415 3040 strati
1428 2999 1481 3042 seu
1494 2984 1577 3041 elatas
1597 2983 1715 3043 nebula
1728 2990 1885 3060 aspectum

253 3086 311 3142 sss,
323 3070 411 3128 etiam
424 3086 477 3144 per
490 3069 599 3127 coelum
610 3068 761 3127 stellarum
771 3065 901 3124 fixarum
912 3081 947 3124 sc
957 3081 1047 3140 supra
1088 3081 1150 3142 prae
1173 3083 1204 3123 se
1221 3066 1330 3136 ierunt,
1344 3067 1398 3124 sed
1416 3065 1618 3141 perturbatam
1639 3065 1769 3126 iormam
1791 3075 1885 3144 atqrre

252 3152 337 3212 illud.
352 3153 401 3210 llis
414 3153 500 3227 aquis
514 3151 605 3227 (quas
618 3151 743 3226 quidam
756 3149 945 3208 affirmabant
958 3150 1046 3223 longe
1089 3151 1263 3227 distractam,
1274 3167 1342 3227 quea
1349 3151 1415 3210 coeli
1422 3152 1583 3209 tumultum
1589 3152 1885 3227 acperturbationem

252 3238 386 3311 puriores
404 3240 432 3294 et
447 3237 621 3294 sinceriores
639 3236 720 3304 istis,
735 3250 811 3310 quas
824 3239 903 3292 terra
916 3233 1046 3308 sustinet)
1088 3234 1208 3294 indicat.
1236 3237 1333 3293 Potest
1355 3249 1426 3306 ergo
1453 3235 1625 3309 responderi
1646 3253 1654 3292 ι
1677 3233 1725 3293 his
1749 3236 1886 3297 versibus

254 3338 329 3395 opus
347 3337 410 3380 non
429 3321 574 3380 habemus
594 3319 635 3378 ad
647 3319 740 3377 verba
754 3319 840 3377 llosis
852 3317 1044 3390 explicanda3
1088 3318 1285 3392 phaenomena
1297 3317 1408 3392 potius,
1420 3333 1513 3392 (Ῑιιιιιι
1525 3317 1703 3377 substantias
1715 3321 1886 3379 enumerari

254 3406 388 3479 quimuro
399 3403 462 3462 huc
473 3402 637 3476 suppositio
651 3402 693 3458 cis
704 3401 826 3458 minime
838 3402 982 3473 congruit.
993 3402 1047 3459 Ubi
1089 3403 1210 3476 (noctes,
1225 3400 1687 3475 dies,lu1,tenebroe,iulguru);
1701 3406 1764 3460 tum
1772 3405 1886 3476 italum

225 3486 231 3494 ”
254 3488 334 3545 enim
344 3485 511 3543 inveniatur
528 3488 725 3556 tinnunculum
739 3500 791 3540 seu
804 3488 923 3541 canuno
945 3484 1046 3557 (realis
1089 3491 1116 3544 ct
1127 3487 1209 3543 nubes
1222 3485 1302 3544 idem
1316 3501 1379 3542 esse
1392 3501 1427 3543 so
1445 3487 1555 3557 rislum
1569 3485 1683 3542 nubium
1696 3485 1774 3560 (qliae
1787 3503 1885 3562 expc-

254 3569 366 3643 utiqus,
384 3583 456 3626 nam
468 3568 552 3641 quod
564 3583 627 3625 non
647 3573 691 3625 est
704 3583 793 3624 nemo
807 3566 886 3640 ιιιιι)
907 3581 1046 3640 separans
1089 3569 1156 3626 utic
1171 3568 1243 3626 mihi
1257 3567 1385 3627 maxime
1399 3569 1529 3643 arridet),
1542 3568 1590 3627 vel
1608 3571 1719 3640 Murro
1737 3575 1764 3628 et
1780 3573 1884 3640 nubea,

256 3669 349 3728 aquus
364 3650 584 3724 superstellares
603 3667 621 3708 a
640 3649 842 3720 terrestribus,
855 3653 884 3706 et
896 3650 1046 3722 pressione
1088 3667 1157 3727 quas
1171 3669 1205 3710 ea
1216 3651 1396 3724 iaculantur.
1408 3651 1504 3710 Nubes
1517 3652 1685 3726 procellosa
1696 3654 1806 3728 species
1819 3659 1865 3714 est
1872 3675 1884 3728 ς

255 3752 310 3794 sna
323 3733 443 3792 illarum
462 3749 530 3790 cum
546 3731 593 3790 his
611 3731 849 3804 conjunctionem
862 3732 1046 3805 prohibens?
1088 3753 1174 3812 aquea
1201 3737 1367 3810 superiores
1387 3751 1491 3807 genus.
1514 3737 1546 3793 ln
1566 3736 1624 3795 hoo
1646 3741 1744 3795 summ
1767 3738 1885 3798 cantico

256 3821 393 3878 preterea
406 3831 536 3892 quanam
553 3831 585 3872 rs
601 3821 654 3873 eut
668 3813 699 3872 in
712 3830 802 3889 quem
820 3815 912 3872 tinem
923 3815 1047 3873 retinen·
1088 3819 1240 3878 aemulls
1252 3821 1441 3896 speciespost
1451 3836 1538 3878 suum
1548 3835 1642 3892 genus
1655 3821 1884 3895 compellentur.

254 3907 303 3961 tur
317 3918 402 3977 aquas
415 3901 447 3958 in
460 3898 558 3959 medio
571 3899 668 3974 spatio
681 3912 847 3971 suspensae,
861 3914 899 3955 ne
912 3899 943 3956 in
956 3904 1046 3958 terras
1088 3910 1121 3964 ιιι
1134 3909 1202 3979 post
1221 3908 1311 3962 omnio
1331 3919 1412 3977 opero
1432 3907 1561 3970 Domini,
1581 3911 1724 3963 vocantur
1746 3905 1884 3979 singula3

256 3985 354 4045 autin
371 3984 501 4058 aliquem
521 3982 666 4041 coelestem
679 3980 928 4054 globumruanti
940 3981 1046 4040 Coniu-
1088 3993 1156 4062 post
1173 3992 1286 4055 tosus,
1302 3992 1433 4059 montss3
1447 3992 1516 4062 post
1532 3991 1603 4060 tilios
1616 3991 1760 4058 tumim
1776 3991 1884 4064 lsruc13

256 4067 376 4142 glebant
384 4067 508 4142 quidem
520 4067 559 4125 ad
572 4067 623 4124 liei
635 4065 812 4140 potentiam
827 4065 880 4122 sed
886 4064 1047 4139 prudenter
1088 4075 1157 4144 post
1171 4073 1305 4138 laecum,
1319 4072 1486 4129 sacerdotes
1499 4073 1625 4130 Domini.

256 4149 479 4224 Augustinusll)
490 4165 541 4207 eos
552 4149 716 4207 admonuit.
735 4149 840 4205 «Nunc
853 4149 1047 4222 quemadmo-
1125 4158 1189 4212 Non
1202 4171 1257 4227 ego
1270 4170 1418 4226 asserum,
1432 4171 1543 4229 aquam
1562 4156 1670 4214 nullibi
1683 4174 1747 4217 esse
1753 4159 1837 4231 ,uisi
1849 4163 1884 4222 in

256 4233 332 4292 dum
349 4235 426 4291 Deus
444 4232 600 4290 instituerit
618 4237 736 4290 naturas
761 4247 861 4289 rerum
883 4231 1046 4292 secundum
1089 4239 1191 4294 nostro
1204 4237 1295 4308 globo
1309 4241 1337 4293 et
1350 4237 1455 4309 ineius
1473 4239 1677 4311 atmosphaera.
1696 4243 1791 4300 Potest
1802 4260 1885 4320 aqua

256 4315 415 4390 scripturas
427 4315 502 4387 ejus,
515 4330 571 4371 noa
583 4315 721 4372 convenit
734 4329 866 4388 quaerere
872 4333 883 4386 3
893 4330 954 4372 non
962 4317 1047 4391 quod
1090 4321 1228 4390 existere,
1244 4325 1272 4378 et
1285 4321 1407 4394 quidem
1423 4322 1645 4396 copiosissima,
1659 4324 1690 4381 in
1703 4326 1803 4386 multis
1817 4331 1885 4388 aliis

256 4400 290 4458 in
301 4399 343 4457 eis
354 4399 451 4457 velex
462 4397 503 4456 eis
513 4397 553 4454 ad
566 4397 743 4455 musculum
755 4399 892 4471 potentiae
905 4414 965 4458 sua
977 4400 1048 4458 velit
1089 4401 1197 4475 globis,
1209 4406 1237 4459 et
1247 4403 1332 4476 quod
1345 4403 1376 4460 ln
1389 4402 1490 4476 aliquo
1502 4404 1606 4462 saltem
1618 4407 1781 4479 reperiatur
1792 4412 1884 4471 etiarn
1953 4405 1956 4408 ’

259 4483 411 4555 operari.»
430 4478 602 4539 audiendus
615 4495 737 4554 quoque
751 4481 882 4538 Peneius
896 4481 948 4553 (Ωιι
965 4485 1046 4540 clleo
1088 4484 1245 4559 probabile
1254 4489 1307 4542 est.
1322 4487 1424 4544 Utrum
1436 4501 1508 4544 vero
1521 4489 1687 4562 quidquam
1701 4491 1738 4548 de
1750 4492 1797 4550 his
1810 4497 1885 4555 ltosi

144 4601 146 4604 -
258 4561 1047 4637 meilludlctetpossedivinitussitici,utinsupremu
1089 4565 1251 4624 revelatum
1270 4565 1372 4639 luerit,
1386 4567 1504 4640 ignoro.
1520 4574 1556 4629 Αι
1576 4587 1664 4631 nemo
1680 4589 1760 4632 sana
1774 4579 1885 4638 mentis

259 4647 362 4706 mnndi
381 4649 480 4719 parte,
491 4645 655 4719 quamlibet
668 4643 767 4702 fluxus
785 4647 895 4703 humor
915 4649 945 4704 st
962 4647 1048 4705 rolu-
1089 4653 1199 4722 credat,
1212 4651 1298 4708 illum
1319 4651 1357 4710 de
1377 4652 1551 4724 huiusmodi
1564 4655 1650 4729 aquis
1664 4654 1768 4730 loqui,
1781 4661 1885 4732 potius

257 4731 328 4790 bilis
339 4747 401 4788 sese
418 4729 577 4798 contineat,
593 4742 691 4802 neque
712 4744 765 4802 per
783 4728 914 4799 subiecta
932 4729 1047 4804 liquida
1088 4733 1232 4808 quamde
1245 4734 1320 4804 illia,
1336 4750 1413 4809 quas
1426 4735 1519 4793 ludaei
1532 4737 1684 4809 sensibus,
1705 4744 1769 4798 turn
1785 4758 1885 4817 quum

258 4813 392 4872 etiamst
411 4811 476 4884 lpse
492 4810 746 4887 penetrabiliaque
769 4827 895 4884 corpora
920 4811 1045 4873 diffluat.
1088 4816 1144 4874 iste
1154 4817 1300 4888 legebant,
1316 4833 1460 4892 usurpare
1472 4823 1622 4892 poterunt3
1632 4825 1684 4880 aut
1695 4823 1886 4899 sibipsrsua·

258 4895 316 4954 Sed
327 4895 399 4970 quia
411 4899 513 4952 conus
531 4899 668 4952 naturam
682 4898 725 4952 est
737 4909 903 4967 aquarum,
920 4896 1047 4958 comceri
1090 4900 1157 4957 deal
1176 4900 1324 4958 tantuma
1341 4903 1398 4958 lleo
1413 4901 1643 4976 firmamentum,
1657 4906 1743 4980 quod
1767 4915 1886 4986 separet

260 4992 310 5038 eas
322 4977 397 5050 illic,
414 4992 478 5037 non
489 4979 535 5037 est
546 4975 868 5052 probabilesummum
878 4977 981 5053 illum,
992 4993 1047 5039 uso
1087 4982 1163 5040 inter
1176 4997 1269 5058 aquas
1280 4985 1427 5042 tenuem
1439 4988 1469 5044 et
1480 4985 1594 5060 illas,e.
1608 5003 1652 5062 g,
1662 4991 1773 5065 main
1785 4995 1886 5057 lastis

1088 5064 1175 5125 stelle
1185 5063 1290 5124 locutu
1302 5069 1381 5126 sunl.

292 5162 714 5230 (noemmultnihcaps

292 5231 707 5298 &Domitillam-ant.
1122 5229 1409 5303 otmarum.
