4100 6024
689 363 1003 450 nvcourunsscne
1020 363 1225 423 marmure.
1753 371 1772 426 e

138 484 157 523 a
166 465 280 538 Pdora,
292 466 344 538 att,
357 480 427 542 quae
439 454 580 541 scripsisti
594 465 627 523 tn
636 465 739 541 palam
749 483 839 542 pone,
853 471 882 526 et
893 468 934 527 le·
979 469 1119 528 dearum
1130 469 1226 540 magis
1245 482 1281 526 ea
1291 465 1403 528 standi
1422 465 1604 540 iacundtam,
1620 469 1707 546 qnasi
1720 484 1773 531 na-

135 553 208 624 gant
222 550 306 623 digni
321 555 351 608 et
360 549 477 622 indigni
489 567 497 606 r
511 549 692 609 nauaturos
704 553 804 610 autem
817 553 934 625 septua-
977 553 1115 624 turalem,
1130 552 1278 628 nobisque
1297 553 1485 626 congenitam
1498 555 1736 628 spondebimus?

135 633 218 706 ginta
240 633 448 704 conservabis,
469 637 503 691 ut
519 633 620 692 nudas
633 649 685 692 eos
698 635 882 708 sapientibus
895 636 933 694 ds
1012 640 1102 698 Multo
1115 639 1199 698 alitm
1212 639 1427 697 Ecclesiasticus
1444 639 1607 714 sapientem
1625 643 1769 716 pingens,
1829 648 1863 692 tt·

135 716 252 790 populo
265 720 336 788 tuo;
354 718 387 775 in
399 717 446 775 bis
460 717 541 775 enim
555 722 598 776 est
619 733 697 775 vena
716 717 890 791 intellectus,
905 722 934 776 et
977 719 1230 792 indefessumeJ'us
1241 720 1373 778 studium
1384 721 1512 794 rumpia
1522 737 1609 794 prece
1619 723 1769 796 deposcite

136 802 287 876 sapientis
308 804 394 874 ione,
415 808 443 861 ct
455 803 582 862 scientia
595 803 718 874 tlumen,
739 808 767 862 et
779 805 835 863 teci
848 805 930 863 sic.»
980 805 1185 877 «Sapientiam
1204 805 1340 862 omnium
1359 805 1551 880 antiquorum
1573 807 1707 880 exquiret
1725 823 1771 868 sa·

172 888 269 956 Quare
282 889 376 946 tiosos
386 887 561 955 identidem,
573 888 604 945 in
618 889 845 946 Deuteronomio
858 903 933 962 prae-
977 887 1072 960 piens,
1085 893 1115 945 et
1128 889 1160 946 in
1173 887 1326 962 Prophetis
1338 887 1405 960 (vel,
1416 891 1451 946 ut
1463 891 1581 948 Graecus
1589 889 1679 948 babet
1690 890 1768 962 tons,

135 971 249 1043 sertim,
263 986 352 1030 omne
364 969 471 1045 populi
484 969 660 1043 ambiguum
677 973 708 1029 et
719 970 838 1028 difficile
856 972 933 1029 circa
977 971 1315 1044 eaproptetite)vacabit,
1326 971 1526 1030 narrationem
1537 969 1768 1048 (gracettr'rgaag

136 1055 235 1128 legem
257 1055 425 1128 iudicium,
447 1054 486 1112 ed
507 1054 673 1112 secerdotes
697 1053 798 1113 reterri
820 1054 930 1122 voluitr
977 1059 1190 1122 manationes,
1208 1056 1443 1127 mptanottooemt
1456 1055 1590 1115 virorum
1602 1058 1769 1117 nominato·

136 1153 225 1208 nam,
238 1141 272 1196 ut
284 1137 327 1196 ait
338 1135 506 1207 Malachiae,
522 1152 557 1207 ιι,
574 1139 591 1193 7
610 1154 617 1193 :
639 1136 758 1216 «tabia
771 1136 932 1195 sacerdotis
977 1154 1045 1198 rum
1054 1139 1250 1208 conservabit,
1264 1142 1292 1196 et
1305 1139 1500 1210 inversutias,
1509 1157 1629 1213 mmor,
1641 1142 1769 1216 parabo·

136 1224 306 1282 mncdient
315 1222 478 1293 scientiam,
494 1225 523 1280 et
531 1223 628 1294 legem
638 1222 741 1294 (dubia
748 1223 931 1298 utiquelegis
977 1221 1075 1280 larum
1087 1223 1175 1280 simul
1190 1220 1333 1292 introibit,
1348 1222 1464 1281 occulta
1477 1223 1705 1297 proverbiorum
1716 1239 1768 1283 ex·

135 1307 301 1382 dequibus
314 1310 358 1364 est
369 1306 514 1380 questio,
534 1305 575 1362 ait
588 1307 616 1363 S.
633 1306 813 1379 Bernartius)
833 1307 932 1380 requi·
977 1307 1084 1379 quiret,
1097 1310 1126 1364 ct
1142 1307 1174 1364 in
1190 1303 1371 1364 absconditis
1385 1305 1597 1380 parabolarum
1614 1321 1768 1368 conversa·

132 1395 200 1452 rent
211 1407 251 1450 ax
268 1407 320 1450 ore
336 1391 408 1462 ejus.
424 1410 439 1442 n
453 1392 518 1458 Qua
531 1389 568 1447 de
583 1405 673 1447 causa
683 1393 712 1446 et
723 1389 855 1448 studium
867 1391 930 1462 ejus
975 1389 1056 1447 bitur
1064 1407 1073 1460 3
1087 1389 1198 1463 aperiet
1209 1403 1340 1447 ossuum
1349 1388 1538 1460 inoratione,
1550 1394 1643 1464 etpro
1655 1392 1767 1451 delictis

131 1474 339 1534 sacerdotibus
360 1473 502 1532 Dominus
522 1473 554 1532 in
570 1474 690 1529 leotrico
711 1471 862 1542 indicens,
878 1488 930 1530 eos
976 1473 1038 1530 suis
1051 1473 1265 1547 deprecabitur.
1281 1472 1310 1530 Si
1329 1471 1410 1530 enim
1423 1472 1565 1531 Dominus
1577 1489 1703 1546 magnus
1714 1492 1768 1535 vo·

132 1574 198 1635 cap.
217 1575 239 1616 x
250 1559 332 1616 hisce
350 1556 532 1630 compellat:
549 1573 565 1610 a
579 1558 613 1612 Ut
629 1555 764 1614 babeatis
778 1556 930 1614 scientiam
974 1555 1072 1627 luerit,
1087 1557 1191 1631 spiritu
1202 1556 1402 1628 intelligentias
1415 1554 1542 1630 replebit
1553 1555 1649 1628 illum,
1661 1561 1691 1615 ct
1702 1559 1767 1634 ipse

131 1643 321 1703 discernendi
330 1643 548 1701 interstinctum
557 1638 766 1713 etprolanum,
781 1637 930 1712 interpol·
974 1644 1118 1714 tanquam
1139 1640 1249 1698 imbres
1273 1639 1366 1697 mittet
1385 1637 1507 1713 eloquia
1523 1639 1672 1714 sapientia
1693 1656 1766 1715 sura,

130 1728 229 1787 lutum
236 1725 434 1796 et'mandum,
445 1722 634 1796 doceatisque
641 1721 720 1780 tilios
729 1720 817 1780 israel
828 1723 929 1782 omnia
973 1722 1037 1797 ipse
1049 1723 1151 1797 palam
1163 1724 1249 1782 faciat
1259 1721 1448 1796 disciplinam
1456 1721 1598 1781 doctrinar
1611 1734 1683 1794 sua,
1695 1727 1725 1783 et
1734 1725 1767 1784 in

129 1811 264 1884 legitima
276 1825 363 1879 mee,
381 1824 449 1883 qua
468 1808 585 1864 locutus
599 1810 643 1863 ast
656 1803 798 1864 Dominus
819 1807 859 1863 ad
877 1820 929 1865 eos
973 1806 1038 1880 lege
1050 1807 1218 1866 testamenti
1232 1805 1348 1864 Domini
1358 1804 1576 1877 gloriabitur.»

128 1909 184 1970 per
196 1909 324 1953 manum
335 1892 432 1950 liosis.
447 1911 462 1944 n
478 1894 572 1963 Atque
586 1892 620 1947 ut
632 1889 722 1961 hujus
733 1905 811 1946 curm
824 1889 929 1947 admo-
1008 1894 1122 1950 Veteres
1135 1893 1306 1950 ludaeorum
1319 1889 1448 1948 Rabbini
1460 1890 1516 1949 toti
1529 1894 1613 1950 arant
1624 1890 1657 1948 in
1676 1893 1766 1951 meris

128 1976 398 2051 neretpontiiicem
410 1973 459 2032 vel
473 1973 612 2043 maxime,
627 1973 659 2030 in
671 1972 815 2046 pectorali
830 1973 928 2046 ponti·
971 1975 1099 2047 Litteris3
1120 1975 1249 2050 indeque
1272 1982 1393 2039 calven
1414 1976 1564 2047 sephorim,
1576 1979 1725 2050 γραμματεῖς
1737 1982 1767 2036 et

128 2060 225 2120 tiociis
241 2061 289 2118 sui
311 2059 476 2118 doctrinam
496 2060 525 2114 et
546 2055 714 2126 veritatem,
735 2055 803 2126 vel,
823 2059 857 2114 ut
877 2057 929 2115 be-
971 2059 1079 2117 Scribas
1094 2063 1163 2116 sunt
1180 2057 1249 2117 dicti
1259 2076 1268 2129 ;
1283 2062 1353 2132 post
1365 2056 1514 2117 christum
1528 2071 1598 2116 vero
1612 2073 1701 2119 nemo
1715 2075 1766 2120 ne-

128 2146 230 2204 braica
243 2149 298 2215 est,
314 2150 431 2207 Urit<
443 2149 535 2205 outa
547 2145 619 2199 orto·
631 2145 803 2207 uetommim,
817 2140 929 2199 illumi·
971 2144 1025 2203 soit
1036 2143 1225 2202 liebroeorum
1231 2140 1642 2217 Rabbinosnonaliudquam
1649 2156 1765 2205 sacram

130 2229 283 2288 nationem
300 2232 330 2286 et
349 2227 561 2300 integritatem,
573 2224 635 2282 duo
656 2223 723 2283 vita
736 2223 927 2283 sacerdotalis
971 2229 1151 2303 scripturam
1163 2241 1296 2298 versare,
1310 2227 1415 2285 catera
1432 2239 1555 2285 amusos
1569 2239 1642 2283 esse.
1655 2226 1765 2286 Scitum

131 2313 252 2384 mesra,
263 2312 350 2370 certis
363 2313 465 2368 notata
472 2306 619 2384 symbolis
629 2312 754 2381 gestare,
766 2321 927 2383 coramque
970 2315 1014 2371 est
1026 2311 1103 2371 iilud
1112 2309 1251 2382 Rabbini,
1261 2310 1316 2384 qui
1329 2325 1348 2366 a
1360 2311 1469 2384 nepote
1477 2307 1763 2370 sciendarumavido

132 2413 251 2472 semper
262 2395 371 2455 intvreri
382 2394 487 2455 voluit.
502 2391 646 2452 Sedultra
657 2393 825 2452 tendamus.
970 2399 1107 2468 rogatus,
1125 2408 1199 2451 num
1218 2392 1276 2450 sibi
1298 2391 1411 2459 liceret,
1425 2394 1478 2450 aut
1495 2392 1647 2464 suaderet,
1659 2394 1763 2454 Grecis

166 2482 317 2556 Propheta
328 2479 447 2553 regius,
460 2491 570 2551 magna
583 2476 761 2551 scriptorum
774 2490 928 2537 sacrorum
970 2476 1368 2550 etiamauctcribusopcram
1377 2475 1460 2547 dare,
1474 2475 1585 2534 ironice
1598 2479 1763 2552 respondit,

132 2581 213 2642 para,
226 2565 379 2634 divium,
394 2563 532 2637 inquam,
545 2559 624 2620 illud
636 2561 759 2635 Spiritus
771 2561 867 2620 &noti
880 2575 927 2620 or·
969 2563 1068 2635 licere,
1080 2563 1173 2622 modo
1187 2562 1220 2621 id
1231 2575 1286 2619 nec
1299 2558 1476 2630 disiecerat,
1490 2574 1545 2617 nec
1555 2564 1641 2619 nocte
1652 2577 1659 2617 :
1672 2563 1763 2637 scrip·

131 2665 263 2725 ganum,
281 2663 333 2706 eas
351 2649 384 2706 in
396 2647 432 2704 iis
445 2646 518 2720 ipsis
535 2643 678 2704 sublimes
693 2649 722 2701 et
742 2659 865 2703 arcanas
882 2647 926 2701 te-
969 2647 1129 2706 tamenim
1140 2644 1258 2718 sesain
1272 2643 1337 2716 lege
1350 2642 1468 2702 Domini
1480 2643 1762 2705 meditandumesss

130 2734 240 2794 nebras
255 2746 437 2806 agnoscam,
451 2728 629 2789 creberrime
642 2725 708 2786 aliis
723 2727 849 2800 aliisque
860 2741 928 2784 ver·
969 2729 1018 2790 die
1031 2746 1066 2789 ae
1080 2733 1175 2789 nocte.

130 2818 177 2876 bis
189 2820 266 2887 orat,
279 2818 327 2873 Pe.
341 2829 428 2874 cxvru
441 2833 448 2871 :
461 2813 592 2872 «Revela
600 2811 704 2872 oculos
714 2825 809 2881 meos,
819 2813 847 2868 et
855 2826 926 2869 con·
1003 2816 1049 2875 Ad
1062 2829 1175 2874 novum
1189 2829 1350 2888 pergamus
1362 2813 1435 2872 novi
1452 2811 1572 2871 raucas
1584 2813 1761 2874 instrumen-

130 2900 268 2960 sidmabo
281 2898 432 2957 mirabilia
441 2897 551 2970 delego
563 2900 648 2967 tua,o
661 2893 714 2954 ubi
723 2893 861 2952 hebraice
870 2898 924 2966 est,
968 2902 1033 2959 tum
1047 2917 1055 2956 ι
1069 2899 1099 2958 S.
1113 2901 1214 2958 Petrus
1227 2913 1295 2957 oum
1309 2895 1502 2973 epistolarum
1515 2898 1544 2955 s.
1560 2897 1643 2957 Pauli
1655 2901 1760 2958 meme.

131 2993 250 3050 neram
259 2993 307 3056 vap
318 2962 357 3047 *ιι
368 2984 415 3055 gol
430 2983 492 3039 enci
503 2981 639 3050 mathita,
649 2977 820 3037 devolveab
830 2977 925 3036 oculis
968 2982 1070 3055 nisset,
1083 2980 1246 3055 subiungit,
1265 2981 1298 3038 in
1314 2979 1351 3038 tis
1366 2979 1506 3054 wedam
1520 2994 1582 3036 assa
1598 2999 1613 3034 ι
1630 2981 1761 3041 difficilia

129 3072 203 3129 mais
216 3069 363 3144 (velamen
371 3065 504 3138 caliginis
514 3063 646 3136 scilicet),
656 3068 686 3121 et
698 3061 776 3121 clara
787 3061 927 3121 intuebor
967 3065 1133 3137 intellectu,
1154 3078 1224 3140 qum
1240 3063 1353 3122 indocti
1374 3065 1403 3120 et
1418 3061 1571 3120 instabiles
1586 3064 1760 3138 depravant,

129 3153 279 3211 meabilis
293 3150 368 3222 legis
380 3151 451 3207 tnoe.
468 3167 483 3202 a
496 3147 525 3206 Si
537 3151 637 3206 tantus
650 3146 815 3220 propbeta,
828 3147 925 3221 inquit
968 3151 1080 3210 sicutet
1092 3153 1211 3209 cataras
1221 3149 1394 3222 Scripturas,
1404 3149 1444 3206 ad
1454 3163 1540 3205 suam
1551 3149 1686 3222 ipsorum
1695 3166 1762 3225 per·

129 3239 156 3295 S.
169 3238 368 3309 Hieronymus
378 3228 736 3296 mamistanensem
750 3230 925 3303 ignorantiae
967 3235 1151 3305 ditionem»
1167 3237 1247 3307 epist.
1264 3234 1297 3304 D,
1311 3248 1377 3306 cap.
1392 3247 1441 3304 ιιι;
1457 3237 1485 3290 et
1502 3234 1631 3292 anterius
1645 3250 1711 3310 cap.
1725 3251 1736 3292 ι
1751 3255 1760 3294 :

128 3321 295 3390 confitetur,
310 3334 371 3393 qna
383 3333 440 3376 nos
458 3319 547 3392 putas
560 3314 720 3390 parvulos,
735 3317 764 3372 et
776 3328 852 3388 pene
866 3314 924 3372 lac·
970 3320 1099 3377 comnis
1114 3317 1270 3394 prophetia
1285 3317 1438 3390 scripturae
1452 3317 1575 3391 propria
1588 3318 1761 3393 interpreta-

10 3393 12 3413 '
127 3409 223 3462 tontes
234 3402 358 3461 inscitia
371 3398 672 3460 noete'ciroumdarit
690 3397 750 3456 lico
764 3400 863 3456 sutem
875 3413 925 3457 ve·
966 3401 1046 3462 tione
1059 3417 1121 3462 non
1132 3400 1183 3474 te;
1198 3415 1260 3460 non
1272 3401 1353 3458 enim
1366 3400 1518 3458 voluntate
1530 3401 1663 3460 humana
1671 3402 1760 3462 allata

126 3488 228 3547 lamen
240 3503 305 3545 non
318 3485 462 3544 selamin
475 3483 659 3552 taciellosis‚
674 3482 770 3541 sedet
787 3481 819 3538 in
831 3484 925 3541 Evan·
967 3490 1011 3546 est
1026 3484 1191 3561 aliquando
1210 3483 1378 3560 prophetie,
1401 3486 1455 3543 sad
1472 3485 1581 3558 Spiritu
1597 3486 1702 3544 Sancto
1716 3486 1760 3544 in·

11 3637 13 3656 ,
127 3571 239 3644 salietis
262 3574 291 3628 tt
313 3567 460 3643 brosiolis
475 3569 609 3642 potitum
624 3570 684 3636 est;
703 3569 732 3624 et
745 3565 802 3623 nisi
823 3569 926 3640 aperta
967 3572 1069 3647 spirali
1081 3571 1172 3630 locuti
1185 3574 1254 3628 sunt
1267 3570 1359 3627 sancti
1375 3569 1426 3626 Dei
1440 3569 1586 3627 homines.
1601 3589 1617 3622 u

11 3701 13 3716 ι
126 3657 237 3718 inerint
249 3655 387 3712 universa
401 3668 470 3726 quas
488 3651 597 3724 scripta
610 3648 741 3720 suntab
759 3663 796 3706 eo
808 3650 862 3723 qui
872 3649 925 3709 ha·
1002 3653 1760 3729 Ejmgermanusofflciostmartyriilaurea,S.Pau-

11 3745 14 3814 ⁵,
126 3740 307 3799 betclavem
325 3737 434 3806 David,
455 3733 620 3809 quieverit
640 3735 670 3791 et
691 3746 780 3791 1161110
802 3733 924 3805 claudit,
966 3740 1030 3812 lus,
1055 3755 1118 3799 non
1140 3737 1283 3798 naturalis
1302 3737 1413 3810 ingenii
1435 3737 1529 3809 vires,
1555 3738 1608 3795 sed
1627 3738 1761 3810 eiusdem

12 3815 14 3860 ³
127 3823 384 3882 clauditatnemo
395 3821 500 3893 aperit,
513 3817 598 3876 nullo
616 3815 677 3875 tilio
689 3818 838 3875 restitnit
850 3831 924 3891 pen·
966 3823 1091 3899 Spiritus
1111 3823 1275 3897 gratiarum
1299 3821 1460 3880 divisiones
1485 3826 1654 3895 nuncupat,
1676 3824 1761 3897 quod

127 3909 278 3968 denarr.»
969 3924 986 3962 c
1007 3906 1057 3966 alii
1078 3921 1133 3982 per
1155 3905 1399 3980 Spiritumssdetur
1418 3920 1516 3962 sermo
1535 3905 1696 3978 sapientia,
1711 3905 1762 3964 alii

160 3992 253 4050 Audit
264 3989 402 4048 ieremias
414 4003 505 4062 capr
519 4005 528 4044 ι
544 3986 747 4062 «Priusquam
764 3990 794 4045 ta
810 3986 924 4047 torma·
966 4006 1065 4050 sermo
1078 3989 1218 4060 scientias,
1232 3987 1411 4058 atlantides,
1425 3987 1476 4046 alii
1487 3988 1760 4061 gratiasanitatum,

125 4093 190 4137 rem
203 4076 236 4133 in
247 4079 343 4146 utero,
356 4073 430 4132 novi
441 4076 479 4142 ta,
493 4076 522 4130 et
535 4075 695 4146 antequam
708 4071 802 4129 exires
811 4073 848 4130 dc
859 4072 924 4130 vul·
967 4075 1017 4133 alii
1031 4074 1165 4149 operatio
1179 4074 1332 4144 virtutum,
1348 4072 1399 4128 alii
1412 4072 1580 4145 prophetia,
1590 4072 1641 4130 alii
1654 4073 1762 4130 discre-

13 4149 14 4214 t
124 4176 174 4231 va,
188 4157 459 4228 moderantem
470 4153 842 4230 propbetamingcntibus
854 4155 924 4215 dedi
965 4157 1007 4216 tio
1022 4155 1248 4233 spirituum,alii
1257 4169 1366 4228 genere
1378 4155 1560 4226 linguarum,
1570 4155 1620 4214 alii
1632 4155 1761 4230 denique

125 4248 169 4315 te;
187 4264 204 4297 ι
219 4246 361 4300 ettamen
374 4241 522 4298 exclamat
537 4257 544 4296 :
560 4244 644 4297 «Aa
656 4255 685 4310 n,
699 4239 823 4297 Domine
836 4240 922 4311 Deus,
966 4241 1167 4315 interpretatio
1180 4255 1389 4307 sermonum»
1404 4243 1415 4296 1
1430 4240 1551 4296 Deiota.
1566 4255 1619 4312 ιιι,
1632 4241 1761 4316 ideoque

13 4383 14 4388 ,
126 4343 192 4386 ecee
203 4326 304 4385 nescio
317 4325 413 4398 loqui,
424 4323 497 4398 quia
508 4337 584 4398 puer
598 4336 653 4394 ego
667 4336 773 4379 sum.»
965 4327 1101 4400 posuisse
1117 4327 1207 4382 Deum
1223 4323 1254 4381 in
1276 4323 1402 4380 Ecclesia
1420 4324 1568 4398 quosdam
1587 4324 1760 4397 Apostolos,

160 4411 267 4481 isaiae,
289 4424 356 4484 cap.
378 4421 424 4478 vr,
448 4405 600 4480 Seraphim
620 4405 660 4462 ad
681 4419 713 4461 se
733 4403 923 4464 advolantem
967 4410 1041 4470 aiios
1055 4409 1226 4483 Prophetas,
1238 4407 1314 4465 alios
1329 4408 1660 4489 Doctoresdlibivero,
1675 4425 1706 4467 se
1720 4410 1760 4467 ad

126 4495 258 4571 aspexit,
272 4491 447 4566 calculoque
460 4490 554 4562 ignito
564 4503 599 4547 os
612 4487 839 4546 vaticinatorum
853 4489 923 4548 ada·
965 4495 1059 4569 pedes
1070 4491 1236 4551 Gamaiielis
1250 4492 1346 4563 legem
1356 4491 1495 4549 edoctum
1508 4492 1672 4565 glorietur;
1687 4491 1760 4550 alibi

125 4581 300 4654 parientem.
942 4597 947 4605 ·
966 4579 1099 4635 Pastoras
1112 4579 1142 4634 et
1154 4575 1316 4649 Episcopos
1328 4579 1438 4645 monet,
1453 4579 1487 4633 ut
1497 4591 1528 4634 ss
1541 4580 1679 4649 praestent
1689 4591 1760 4648 ope-

158 4661 310 4733 Eaecbleh
333 4674 400 4733 cap.
422 4674 457 4730 ιι,
472 4656 596 4716 intuitus
616 4656 744 4731 speciem
761 4655 924 4730 quadrifidi
965 4661 1061 4721 rarios
1071 4657 1305 4730 inconfusibiles,
1316 4663 1393 4717 recta
1406 4663 1562 4718 ructantes
1570 4658 1696 4717 verbum
1709 4675 1759 4716 ve-

126 4745 275 4816 animalis,
293 4743 456 4816 gloriaque
472 4739 606 4811 Domini,
619 4754 734 4814 pronus
747 4738 826 4797 cadit
838 4739 871 4797 in
881 4739 924 4799 ta·
965 4745 1070 4816 ritatis,
1083 4747 1117 4800 ut
1134 4744 1249 4817 possint
1269 4743 1419 4801 exhortari
1441 4743 1473 4800 in
1487 4743 1620 4802 doctrina
1634 4757 1716 4814 sana,
1731 4747 1759 4800 et

126 4831 211 4901 ciem,
228 4831 441 4901 erectusquea
463 4824 570 4900 spiritu
585 4823 661 4895 silet,
675 4824 749 4882 dum
761 4822 871 4896 pariter
889 4837 924 4882 os
966 4845 1017 4890 eos
1037 4829 1091 4904 qui
1113 4828 1318 4886 contradicunt
1337 4842 1479 4899 arguere;
1495 4829 1548 4886 sed
1566 4828 1641 4902 quid
1661 4843 1759 4887 mora·

126 4913 330 4988 eipandstun
965 4916 1058 4973 murt

157 4999 263 5060 Daniel
281 5013 333 5070 vu,
347 4999 376 5067 8,
389 4995 517 5054 verbum
537 4995 588 5053 Dei
601 4995 634 5052 in
652 4995 741 5054 corde
761 4999 923 5068 conservat,
1000 4997 1164 5057 Audiamus
1191 4997 1338 5055 Christum
1363 5013 1371 5054 ε
1399 5016 1415 5052 a
1439 4997 1624 5069 Scrutamini,
1648 4998 1756 5073 inquit,
1815 5011 1851 5056 aa

126 5085 176 5144 sed
190 5079 426 5155 cogitationibus
444 5079 639 5138 conturbatur
647 5121 657 5150 ,
668 5083 698 5137 et
713 5077 803 5137 iacias
822 5080 849 5138 ei
866 5081 923 5138 im·
965 5081 1165 5156 scripturam
1181 5082 1256 5154 quin
1268 5095 1340 5137 vero
1352 5080 1453 5139 dotem
1466 5081 1554 5152 banc,
1569 5081 1613 5139 uti
1630 5085 1659 5140 et
1671 5083 1759 5141 thau·

126 5171 275 5236 mutatur,
289 5168 449 5239 stupetque
462 5164 502 5222 ed
519 5162 682 5234 visionem,
699 5177 736 5221 eo
749 5165 835 5238 quod
849 5164 925 5222 desit
966 5165 1161 5238 maturgiam,
1175 5163 1446 5239 miraculorumque
1460 5164 1688 5235 omnigenorum
1705 5182 1760 5240 po-

16 5291 17 5326 ,
126 5253 285 5325 interpres3
309 5252 339 5306 at
359 5263 416 5307 nos
437 5247 613 5306 eorumdem
628 5245 856 5320 vaticiniorum,
871 5263 925 5322 pa·
964 5254 1115 5321 testatem,
1139 5249 1273 5308 Ecclesiae
1297 5265 1358 5304 sue
1379 5251 1554 5305 testamento
1575 5249 1759 5321 consignavit

16 5329 17 5336 ’
127 5331 309 5404 rubetarum,
324 5331 528 5404 aenigmatum,
544 5335 573 5388 et
587 5331 797 5406 symbolorum
813 5330 924 5390 facilio-
965 5334 1235 5407 Christus,qunndo
1246 5332 1277 5389 in
1288 5331 1396 5388 coelum
1406 5347 1581 5390 ascensurus
1593 5331 1758 5389 valedicens

127 5431 190 5472 rem
202 5416 276 5490 ipsis
294 5430 403 5474 eornm
415 5413 610 5488 scriptoribus
622 5414 858 5488 intelligentiam,
872 5421 924 5475 aut
966 5421 1124 5494 apostolis,
1145 5415 1260 5493 aperuit
1280 5415 1339 5473 illis
1358 5431 1489 5489 sensum,
1511 5419 1545 5473 ut
1566 5415 1758 5489 intelligerent

17 5641 19 5744 t

17 5853 19 5936 i
