4210 6038
296 349 351 425 111
782 355 1332 438 11111111111111111111111111.
1352 361 1442 425 xxiv:

298 461 507 560 egrediemur
526 469 567 540 ad
587 469 803 541 hauriendam
822 496 954 564 aquam.
980 467 1033 540 11.
1055 471 1162 562 Igitur
1174 469 1305 563 puella,
1327 471 1382 541 cui
1399 495 1461 560 ego
1475 466 1610 541 dixero:
1630 464 1757 542 inclina
1772 467 1926 564 hydriam

298 585 388 644 tuam
409 587 447 646 ut
462 572 592 663 bibam;
615 587 647 646 et
667 578 726 647 illa
746 579 974 669 responderit:
993 579 1093 662 Bibe,
1112 578 1197 670 quin
1216 587 1250 646 11
1265 577 1398 646 camelis
1415 578 1481 646 tuis
1499 579 1585 646 dabo
1602 587 1717 669 potum
1739 603 1747 646 :
1767 578 1839 670 ipsa
1855 587 1924 662 est,

171 729 175 742 ·
295 704 396 772 quam
411 686 599 774 praeparasti
617 707 711 752 seruo
729 694 786 752 tuo
799 685 888 754 Isaac
903 709 913 752 :
935 693 968 753 et
986 707 1045 774 per
1057 684 1119 752 hoc
1136 683 1320 771 intelligam
1335 684 1424 774 quod
1442 683 1556 752 feceris
1576 684 1833 752 misericordiam
1849 705 1925 753 cum

295 787 429 858 1111111111
444 811 528 857 meo.
552 790 605 857 15.
626 789 773 857 Necdum
786 789 874 857 intra
887 811 921 857 se
934 790 1035 858 verba
1047 789 1284 880 compleverat,
1304 796 1336 856 et
1349 811 1421 856 ecce
1438 788 1582 858 Rebecca
1595 788 1841 879 egrediebatur,
1856 788 1926 857 filia

295 891 456 978 Bathuel,
473 893 535 962 lilii
553 893 700 979 Meli-hee,
716 895 829 964 uxoris
846 895 988 981 Nachor,
1008 895 1119 964 fratris
1129 892 1326 979 -dbraham,
1341 893 1465 963 hahens
1484 893 1637 987 hydriam
1658 895 1693 962 iu
1707 895 1840 986 scapula
1852 917 1923 964 sua.

299 1001 351 1070 16.
368 1000 485 1070 Puella
496 1001 613 1069 decora
625 1002 745 1086 nimis,
761 1002 922 1091 virgoque
935 999 1178 1092 pulcherrima,
1199 1009 1232 1067 et
1244 999 1410 1088 incognita
1421 1000 1494 1072 viro
1512 1025 1521 1068 :
1540 1000 1749 1070 descenderat
1761 1008 1872 1070 autem
1884 999 1926 1070 ad

293 1109 431 1194 fontem,
447 1115 480 1175 et
492 1106 686 1198 impleverat
700 1107 864 1196 hydriam,
880 1129 918 1178 ac
931 1106 1167 1174 revertebatur.
1186 1107 1238 1173 17.
1254 1105 1469 1197 Occurritque
1481 1107 1512 1174 ei
1525 1127 1651 1188 cervias,
1667 1115 1700 1173 et
1712 1107 1778 1173 ait:
1794 1106 1927 1175 Pauxil·

293 1214 366 1284 lum
379 1235 475 1306 aquae
488 1212 571 1282 mihi
586 1211 626 1280 ad
639 1212 821 1282 hibendum
834 1213 943 1303 praebe
956 1212 997 1279 de
1011 1211 1129 1302 hydria
1139 1220 1209 1280 tua.
1229 1212 1281 1280 18.
1297 1211 1379 1292 Quae
1393 1211 1559 1303 respondit
1573 1235 1581 1278 :
1597 1209 1694 1296 Bibe,
1708 1209 1840 1280 domine
1856 1207 1923 1296 mi:

293 1317 506 1412 celeriterque
519 1317 670 1409 deposuit
682 1317 834 1410 hydriam
849 1338 948 1410 super
961 1317 1077 1386 ulnam
1090 1339 1205 1403 suam,
1226 1323 1259 1386 11
1271 1317 1361 1386 dedit
1374 1317 1405 1386 ei
1419 1325 1545 1408 potum.
1569 1317 1621 1384 19.
1642 1315 1793 1407 Cumque
1805 1317 1863 1386 ille
1875 1316 1926 1386 bi·

292 1425 412 1510 bisset,
427 1425 544 1516 adjecit
559 1449 567 1492 :
583 1423 671 1506 Qiriu
685 1433 718 1492 ct
730 1424 863 1494 camelis
876 1423 942 1492 tuis
954 1423 1106 1492 hauriam
1119 1445 1261 1513 aquam,
1276 1424 1379 1492 donec
1391 1421 1501 1491 cuncti
1513 1421 1639 1491 bibant.
1660 1423 1715 1491 10.
1731 1423 1926 1492 llffnndeus-

292 1531 523 1625 quebydriam
537 1529 775 1616 iuuenalibus,
795 1530 935 1598 recurrit
951 1529 993 1597 11
1012 1537 1150 1620 puteum
1168 1537 1207 1596 ut
1224 1528 1372 1597 hauriret
1385 1551 1505 1620 aquam
1523 1551 1532 1595 1
1555 1537 1587 1596 11
1602 1528 1753 1596 haustam
1771 1529 1925 1597 omnibus

292 1637 425 1706 camelis
438 1635 538 1704 dedit.
557 1635 610 1702 11.
627 1635 698 1726 lpse
711 1643 820 1704 autem
836 1632 1119 1726 contemplabatur
1132 1655 1204 1702 eam
1218 1636 1355 1719 tacitus,
1375 1635 1457 1702 11111
1474 1635 1588 1704 volens
1601 1643 1715 1702 11111111
1731 1656 1924 1726 prosperum

293 1742 356 1810 iter
368 1766 467 1812 suum
481 1743 607 1812 11111111
624 1739 805 1825 Dominus,
827 1764 871 1808 an
888 1763 967 1810 non.
989 1740 1044 1808 11.
1066 1731 1246 1832 Postquam
1259 1748 1370 1810 autem
1387 1740 1543 1810 biberunt
1558 1739 1696 1825 cameli,
1716 1739 1854 1830 protulit
1871 1739 1924 1810 vir

293 1850 583 1932 inarrassemus,
614 1847 833 1938 appendentes
854 1846 950 1914 siclos
971 1846 1075 1930 duos,
1102 1854 1135 1914 et
1159 1846 1307 1914 armillas
1332 1845 1467 1915 totidem
1489 1846 1600 1937 pendo
1620 1845 1776 1913 siclorum
1796 1846 1921 1916 decem.

293 1955 347 2026 13.
370 1955 525 2046 Dixitque
538 1952 579 2022 ad
593 1975 665 2020 eam
680 1976 688 2018 :
704 1951 808 2042 Cujus
820 1974 855 2022 es
876 1951 972 2019 filial
985 1951 1094 2020 indica
1108 1951 1190 2019 mihi
1207 1973 1215 2018 :
1232 1959 1279 2020 est
1293 1953 1328 2019 iu
1341 1952 1439 2020 domo
1453 1953 1555 2044 patris
1568 1951 1617 2020 tui
1629 1951 1722 2020 locus
1733 1951 1774 2020 ad
1788 1973 1923 2021 manen·

292 2062 468 2131 11111111.
490 2061 572 2143 Oua:
588 2055 756 2149 respondit
772 2078 778 2124 :
800 2057 886 2126 Filia
902 2079 977 2126 sum
990 2057 1172 2142 Batbuelis,
1187 2055 1250 2124 filii
1265 2055 1422 2143 Melchae,
1442 2079 1542 2148 quem
1559 2058 1687 2148 peperit
1698 2057 1761 2148 ipsi
1779 2057 1920 2129 Nachor.

290 2169 345 2238 15.
361 2167 403 2236 111
415 2165 557 2250 addidit,
572 2165 682 2234 dicens
693 2190 701 2232 :
711 2163 887 2233 Paleerum
900 2185 1033 2255 quoque
1047 2172 1080 2232 et
1092 2163 1173 2232 [oeni
1186 2163 1370 2254 plurimum
1384 2171 1433 2231 est
1445 2163 1535 2254 apud
1552 2185 1630 2248 uos,
1650 2170 1683 2232 et
1700 2163 1791 2232 locus
1803 2165 1924 2254 spatio-

290 2271 401 2344 susad
420 2271 631 2341 manendum.
653 2271 708 2340 16.
728 2271 904 2339 Inclinavit
924 2291 958 2338 se
971 2270 1090 2354 homo,
1113 2278 1147 2337 et
1164 2270 1314 2338 adoravit
1332 2269 1530 2354 Dominum,
1546 2268 1602 2336 17.
1617 2269 1728 2338 dicens
1744 2293 1752 2336 :
1767 2270 1923 2339 Benedic-

291 2390 345 2450 tus
364 2377 526 2448 Dominus
547 2377 635 2446 Deus
654 2375 781 2445 domini
802 2377 867 2446 mei
887 2376 1076 2460 Abrabam,
1098 2375 1159 2466 qui
1178 2397 1246 2446 nen
1265 2373 1402 2444 abstulit
1422 2373 1675 2444 misericordiam
1698 2381 1731 2443 et
1751 2377 1922 2446 veritatem

291 2507 384 2558 stram
398 2485 565 2554 adomino
579 2503 672 2568 meo,
691 2489 723 2550 et
740 2489 827 2551 recto
840 2481 958 2550 itinere
970 2503 1024 2550 me
1036 2479 1191 2573 perduxit
1208 2481 1245 2552 iu
1261 2479 1397 2550 domum
1412 2481 1523 2550 {ratris
1541 2481 1668 2550 domini
1681 2481 1758 2550 mei.
1781 2483 1835 2554 18.
1857 2483 1923 2554 Cu·

291 2591 395 2660 currit
408 2591 519 2680 itaque
533 2590 665 2680 puella,
681 2597 714 2655 et
726 2587 893 2656 nuntiavit
905 2587 941 2654 in
954 2587 1091 2655 domum
1104 2587 1300 2657 matrissuae
1314 2589 1426 2656 omnia
1438 2610 1514 2680 quae
1528 2588 1688 2657 audieret.
1704 2589 1759 2656 19.
1775 2589 1923 2658 Habebat

292 2704 402 2766 11111111
420 2696 564 2764 Rebecca
581 2697 715 2764 fratrem
732 2694 866 2764 nomine
886 2693 1021 2779 Labeo,
1044 2693 1104 2784 qui
1121 2693 1260 2763 festinus
1273 2716 1421 2784 egressus
1438 2702 1487 2762 est
1505 2694 1546 2762 ad
1565 2694 1752 2779 hominem,
1774 2695 1832 2764 ubi
1854 2705 1923 2766 erat

291 2803 376 2871 fons.
392 2801 446 2872 30.
464 2801 614 2892 Cumque
627 2801 762 2871 vidisset
778 2801 911 2870 inaures
923 2810 957 2867 11
973 2798 1121 2868 armillas
1132 2799 1168 2868 in
1184 2801 1338 2870 monibus
1351 2801 1472 2870 sororis
1488 2823 1581 2888 11111,
1600 2810 1633 2870 11
1651 2802 1794 2870 audisset
1806 2811 1922 2871 cuncta

291 2908 392 2976 verbe
405 2907 575 2976 referentis
591 2933 598 2974 :
621 2908 700 2976 11111
712 2909 843 2976 locutus
854 2915 903 2975 est
917 2904 999 2974 mihi
1012 2904 1111 2973 homo
1125 2927 1134 2972 :
1155 2903 1246 2974 venit
1259 2897 1301 2974 11
1314 2907 1445 2991 virum,
1465 2907 1524 2998 qui
1538 2900 1644 2975 stabat
1652 2907 1748 2999 juxta
1760 2909 1919 2994 camelos,

292 3022 325 3082 et
336 3035 436 3106 prope
450 3014 573 3082 iontem
586 3035 703 3106 aquae,
718 3013 773 3084 31.
787 3013 936 3104 dixitque
948 3011 990 3080 ad
1000 3034 1077 3079 eum
1092 3036 1102 3080 :
1116 3011 1310 3102 Ingredere,
1325 3011 1492 3081 benedicte
1504 3011 1656 3081 Domini:
1672 3035 1732 3082 cur
1743 3014 1823 3082 foris
1836 3021 1920 3084 11111

290 3119 473 3212 preparavi
493 3119 651 3205 domum,
670 3129 704 3188 et
719 3121 829 3190 locum
846 3117 991 3188 camelis.
1012 3113 1066 3187 31.
1085 3115 1127 3186 Et
1144 3114 1328 3187 introduxit
1341 3141 1418 3187 eum
1432 3119 1468 3185 in
1488 3117 1690 3210 hospitium:
1712 3142 1750 3188 ac
1767 3121 1922 3190 destravit

289 3226 450 3312 camelos,
466 3225 620 3318 deditque
633 3226 743 3316 paleas
754 3234 787 3295 et
799 3227 949 3310 loenum,
964 3231 997 3292 et
1009 3247 1132 3316 aquam
1144 3223 1187 3292 ad
1200 3223 1359 3293 lavandos
1371 3224 1469 3315 pedes
1482 3224 1572 3315 ejus,
1587 3231 1620 3293 et
1632 3225 1781 3294 virorum
1794 3227 1853 3318 qui
1869 3249 1921 3295 ve·
1935 3237 1937 3242 “

289 3337 407 3402 nerant
418 3352 494 3400 cum
507 3354 557 3399 eo.
575 3329 629 3399 33.
645 3327 687 3400 Et
701 3329 867 3423 appositus
880 3339 929 3400 est
941 3327 977 3398 in
985 3338 1159 3422 conspectu
1172 3325 1243 3422 ejus
1257 3328 1362 3420 panis.
1378 3329 1443 3410 Qui
1455 3328 1522 3398 ait:
1538 3322 1612 3400 Non
1623 3331 1803 3417 comedam,
1821 3329 1922 3402 donec

289 3439 408 3530 loquar
426 3458 591 3506 sermones
608 3459 708 3507 meos.
723 3436 912 3530 'Respondit
928 3437 960 3504 ei
976 3462 984 3503 :
1003 3435 1165 3527 Loquere.
1188 3435 1243 3504 31.
1266 3438 1312 3504 At
1331 3435 1411 3504 ille:
1434 3435 1577 3520 Servus,
1599 3437 1730 3527 inquit,
1752 3438 1921 3508 Abraham

289 3567 388 3613 sum:
409 3543 464 3614 35.
482 3551 514 3612 et
526 3543 687 3613 Dominus
699 3543 867 3614 benedixit
879 3541 1014 3612 domino
1027 3563 1101 3610 meo
1113 3541 1232 3628 valde,
1251 3540 1546 3635 magnificatusque
1559 3552 1629 3612 cst:
1650 3552 1683 3612 et
1699 3545 1789 3613 dedit
1801 3545 1831 3614 ei
1844 3569 1921 3616 ores

291 3659 323 3721 et
335 3651 447 3738 boves,
465 3660 638 3742 argentum
653 3660 687 3720 et
698 3673 839 3734 aurum,
859 3671 969 3720 servos
988 3655 1021 3718 et
1033 3647 1191 3734 ancillas,
1211 3647 1352 3718 camelos
1368 3659 1401 3716 et
1417 3649 1537 3718 asinos.
1556 3649 1611 3718 36.
1634 3649 1676 3718 Et
1688 3653 1813 3741 peperit
1825 3651 1919 3740 Sara,

290 3780 375 3827 uxor
388 3757 514 3828 domini
527 3758 605 3844 mei,
621 3757 732 3826 filium
745 3756 881 3825 domino
894 3777 968 3824 meo
982 3756 1017 3822 in
1031 3763 1197 3824 senectute
1208 3775 1281 3840 sua,
1297 3753 1451 3846 deditque
1465 3755 1516 3823 illi
1530 3757 1642 3826 omnia
1659 3780 1734 3849 quae
1748 3759 1919 3830 habuerat.

289 3865 344 3936 37.
365 3863 406 3932 Et
425 3864 590 3956 adjuravit
606 3886 659 3932 me
680 3858 834 3932 dominus
854 3883 967 3944 meus,
989 3860 1121 3930 dicens:
1146 3859 1221 3928 Non
1243 3861 1380 3952 accipies
1396 3884 1534 3932 uxorem
1550 3862 1622 3931 filio
1639 3886 1712 3932 meo
1730 3863 1770 3933 de
1789 3865 1922 3936 filiabus

237 4043 245 4058 ‚
289 3970 571 4056 Charranaeorum,
591 3970 784 4062 inquorum
801 3975 886 4034 terre
899 3965 1031 4052 hahito;
1051 3968 1108 4037 38.
1130 3968 1186 4036 111
1199 3967 1241 4036 11
1253 3968 1389 4036 domum
1404 3969 1506 4059 patris
1519 3968 1585 4036 mei
1598 3991 1733 4061 perges,
1748 3979 1781 4040 et
1793 3974 1833 4042 de
1846 3996 1922 4064 cog·
2002 4033 2007 4051 ,

288 4079 421 4148 nabore
444 4099 517 4147 mea
529 4075 665 4166 accipies
683 4095 820 4142 uxorem
835 4071 905 4144 filio
919 4094 1005 4142 mco.
1026 4071 1081 4142 39.
1101 4073 1263 4162 legavero
1277 4073 1429 4165 respondi
1446 4073 1580 4144 domino
1600 4097 1697 4144 meo:
1718 4077 1807 4158 Quid
1820 4079 1848 4147 si
1861 4103 1922 4149 no-

151 4179 153 4186 ’
288 4185 389 4254 luerit
401 4184 514 4252 venire
528 4202 656 4250 mecum
671 4178 818 4248 mulieri
833 4178 888 4246 10.
904 4178 1084 4263 Dominus,
1100 4179 1169 4267 ait,
1184 4177 1221 4247 in
1233 4179 1329 4270 cujus
1341 4188 1513 4272 conspeetu
1528 4182 1684 4267 ambulo,
1702 4183 1921 4274 1111111131-

150 4361 153 4370 ,
287 4291 359 4362 lum
372 4311 472 4360 suum
485 4295 606 4372 tecum,
622 4294 655 4353 et
667 4285 786 4374 diriget
799 4285 887 4354 11111
902 4291 994 4354 tuam
1009 4308 1018 4352 :
1034 4285 1238 4376 accipiesque
1250 4307 1387 4358 uxorem
1403 4285 1473 4354 filio
1488 4307 1561 4355 meo
1574 4288 1615 4355 de
1627 4290 1820 4377 cognatione
1833 4313 1917 4375 mea,

288 4397 373 4466 etde
385 4396 483 4465 domo
496 4390 597 4484 patris
610 4389 687 4458 mei.
709 4392 764 4458 11.
783 4391 943 4459 Innocens
961 4391 1025 4460 eris
1038 4414 1059 4460 1
1071 4391 1299 4461 maledictione
1313 4414 1404 4478 mea,
1424 4415 1501 4462 cum
1520 4395 1649 4464 veneris
1664 4396 1921 4488 adpropinquas

287 4524 397 4586 meos,
417 4507 450 4567 et
462 4519 529 4566 non
543 4496 692 4566 dederint
704 4493 776 4564 tibi.
793 4495 848 4564 11.
865 4496 952 4565 Veni
965 4518 1043 4584 ergo
1056 4496 1153 4566 hodie
1173 4497 1215 4566 11
1234 4497 1357 4566 iontem
1376 4520 1493 4590 aquae,
1512 4507 1545 4567 et
1562 4499 1655 4568 dixi:
1676 4501 1815 4572 Domine
1832 4503 1921 4574 Deus

287 4607 413 4679 dimini
430 4603 496 4673 mei
514 4601 703 4687 Abraham,
722 4602 751 4670 Si
768 4601 916 4671 1111911311
929 4603 1019 4671 Viam
1034 4625 1161 4687 metm,
1180 4603 1215 4670 in
1237 4627 1305 4696 que
1317 4626 1407 4674 nunc
1423 4605 1571 4675 ambulo.
1594 4607 1649 4676 13.
1669 4607 1749 4676 Ecce
1762 4617 1812 4678 sto
1822 4609 1927 4700 juxta.

287 4713 412 4782 11111111
429 4729 543 4802 aquae,
563 4715 596 4778 et
614 4709 709 4796 virgo
726 4729 802 4800 quae
819 4709 1005 4798 egredietur
1018 4706 1060 4778 ad
1073 4707 1289 4779 hauriendam
1300 4735 1446 4808 aquam,
1468 4713 1610 4781 audierit
1627 4737 1648 4782 a
1668 4737 1741 4784 me:
1764 4715 1814 4782 Da
1836 4714 1920 4784 mihi

286 4815 473 4912 pauxillum
486 4834 582 4906 aqum
595 4811 636 4882 ad
650 4813 830 4882 bibendum
845 4837 887 4882 ex
900 4813 1019 4906 hydria
1033 4823 1114 4884 tua:
1135 4817 1190 4884 11.
1212 4825 1244 4886 11
1261 4817 1381 4886 dixerit
1392 4818 1476 4886 mihi
1493 4844 1500 4886 :
1516 4819 1557 4888 Et
1571 4830 1607 4889 tu
1621 4820 1718 4904 bibe,
1737 4829 1770 4890 et
1787 4821 1920 4892 camelis

286 4923 353 4992 tuis
365 4921 517 4991 hauriam
533 4946 541 4988 :
560 4920 632 5012 ipsa
644 4928 691 4990 est
704 4921 837 5006 mulier,
859 4943 961 5013 quam
975 4920 1174 5012 praeparavit
1184 4922 1347 5014 Dominus
1364 4923 1434 4994 filio
1453 4923 1579 4994 domiui
1592 4926 1669 4994 mei.
1690 4927 1745 4996 15.
1764 4927 1920 5019 Dumque

285 5028 357 5100 hac
371 5028 488 5098 11111111
503 5048 632 5096 mecum
645 5027 833 5112 volverem,
853 5027 1006 5119 apparuit
1022 5027 1169 5099 Rebecca
1187 5031 1323 5100 veniens
1342 5055 1419 5102 cum
1435 5029 1575 5124 hydria,
1596 5057 1697 5124 quam
1715 5035 1867 5126 portabat
1879 5035 1916 5104 in

284 5134 439 5225 scapula:
455 5132 684 5224 descenditque
697 5129 739 5201 ad
752 5132 898 5217 iontem,
914 5141 947 5202 et
959 5134 1070 5203 hausit
1082 5158 1215 5228 aquam.
1231 5137 1273 5206 Et
1285 5138 1338 5208 aio
1352 5140 1394 5208 ad
1407 5163 1479 5208 eam
1493 5163 1500 5207 :
1518 5139 1567 5208 Da
1581 5141 1664 5210 mihi
1678 5142 1854 5232 paululum
1867 5141 1916 5210 hi·

285 5238 444 5310 11111111.
459 5237 542 5319 Quae
555 5236 712 5308 1111111111
724 5237 875 5332 deposuit
887 5239 1041 5331 hydriam
1054 5241 1095 5310 de
1107 5242 1246 5312 humero
1260 5295 1269 5330 ,
1285 5252 1317 5314 et
1331 5244 1416 5314 dixit
1429 5246 1532 5316 mihi:
1553 5246 1595 5316 Et
1608 5255 1645 5316 tu
1658 5247 1751 5334 bibe,
1766 5256 1799 5318 et
1810 5270 1919 5318 came

285 5343 327 5416 lis
344 5345 410 5418 tuis
428 5344 573 5420 tribuam
590 5350 716 5432 potum.
740 5343 834 5433 Bibi,
857 5352 890 5415 et
911 5341 1090 5442 adaquavit
1108 5352 1260 5421 camelos.
1283 5354 1339 5421 17.
1362 5353 1632 5446 Interrogarique
1652 5375 1746 5444 eam,
1770 5363 1803 5424 et
1821 5354 1917 5424 dixi:

2068 5025 2071 5116 ,³
