4118 6042
663 207 906 280 cementa
924 211 958 281 ta
974 207 1131 288 arcein,
1148 225 1213 282 aar.
1231 209 1287 283 itt.
1740 217 1795 292 aot

159 307 278 387 cados,
292 316 425 393 cenrptoi
442 316 572 396 ponat,
590 321 625 382 at
642 334 695 393 per
707 319 765 384 bno
779 323 844 386 tum
857 336 956 396 popa·
999 321 1196 388 memhabera
1205 319 1400 396 altitudinem,
1407 321 1442 394 nt
1451 320 1682 398 apophaticae
1693 321 1795 404 abate

159 396 222 470 lus,
234 403 300 457 tum
314 403 450 460 sacerdos
463 404 659 464 admoneatur·
678 404 833 474 castitatis,
847 410 876 467 et
893 421 956 465 core
999 406 1145 482 apopulo
1158 406 1289 480 conspici
1302 409 1433 480 possent,

159 481 278 541 tissime
291 486 555 560 messanamque
568 487 599 544 in
612 487 702 544 sacris
715 493 759 547 est
771 488 952 551 adhibenda.
1035 491 1143 553 Verum
1162 490 1329 564 respondeo
1350 491 1407 552 hoc
1425 494 1605 568 preceptum
1618 491 1708 564 spisse
1720 495 1795 562 tem.

158 565 251 636 igitar
271 581 340 624 oum
358 569 526 628 sacerdotes
544 585 718 632 communes.
735 571 792 630 sub
807 572 908 632 tunica
920 572 955 631 li·
998 587 1181 647 persarum,
1195 582 1224 632 st
1243 575 1366 638 durasse
1383 579 1498 635 matam
1511 579 1645 649 tempore
1658 577 1794 640 meras

159 663 217 706 nea
229 649 349 722 extima,
365 651 663 726 daquacap.xxv1a,
677 669 753 712 vers.
772 657 809 714 29
816 695 826 725 ,
837 658 954 715 matum
999 656 1058 716 culi
1071 657 1205 728 itosaici,
1220 658 1343 731 quando
1364 657 1474 728 scilicet
1491 660 1567 730 heus
1582 675 1651 720 eum
1666 660 1793 728 Hebraeis

159 731 353 792 induerentur
371 733 564 806 subligaculis
575 734 676 806 lineis,
689 735 774 798 tacite
785 737 817 795 in
830 751 954 796 ascensu
998 737 1153 796 habitabat
1171 739 1203 797 ia
1222 739 1370 812 tentoriis,
1387 740 1420 797 id
1440 747 1484 798 est
1500 747 1567 798 ante
1582 741 1794 822 aedificaturus

159 815 310 887 paduam
330 818 423 876 videri
442 818 606 891 potuissent
624 834 729 879 corum
750 819 952 890 sublimaria,
998 822 1155 881 Salomone
1176 822 1282 882 stabile
1300 824 1463 898 templum,
1477 825 1545 884 loco
1564 826 1793 904 inperpetuum

160 902 213 956 eut
224 900 312 958 etiam
325 901 360 957 iis
370 901 477 974 apertis
486 901 534 961 vel
544 903 650 975 passis,
662 903 728 975 ipsa
740 903 884 973 verenda3
896 903 953 963 hae
998 903 1101 962 electo.
1116 906 1190 962 Cum
1210 905 1290 963 enim
1310 909 1403 964 tiosos
1420 923 1490 968 cum
1510 907 1638 970 liebraeis
1651 912 1792 977 continuo

160 983 199 1040 de
211 999 301 1042 causa
313 983 400 1042 hosce
413 985 524 1056 gradus
536 986 675 1048 vatathio
689 988 774 1046 heus.
998 987 1236 1059 peregrinaturus
1255 993 1331 1046 esset
1349 1005 1404 1066 per
1423 990 1573 1055 desertam
1595 993 1793 1068 quadraginta

195 1068 288 1138 liuius
319 1067 499 1127 contrarium
528 1067 618 1127 fiebat
648 1068 680 1128 ia
711 1068 836 1143 impuris
862 1066 953 1128 sacris
998 1071 1085 1130 anuis
1099 1072 1239 1145 usquein
1253 1073 1406 1142 Chanaan,
1420 1071 1793 1148 ideoqueheoiabricatu·

160 1149 272 1224 Priapi,
288 1150 328 1208 ad
350 1165 418 1222 quus
439 1151 532 1218 ludaei
551 1152 639 1210 raldo
656 1150 775 1211 fuerunt
794 1150 950 1224 proclives,
997 1167 1049 1208 rus
1063 1156 1152 1224 esset,
1166 1169 1227 1211 non
1241 1155 1372 1212 solidum
1385 1156 1548 1230 templum,
1560 1159 1612 1214 sed
1625 1159 1751 1234 mobile,
1763 1170 1793 1236 et

159 1236 194 1290 ut
212 1235 292 1306 patet
313 1235 348 1291 iil
367 1237 434 1304 ileo.
455 1249 521 1306 cap.
542 1248 596 1304 xv,
610 1249 686 1290 vers.
702 1236 737 1290 th
755 1238 784 1292 et
804 1237 849 1291 13.
871 1234 952 1293 Unde
997 1235 1084 1307 quasi
1094 1240 1239 1294 castrense
1247 1236 1470 1294 tabernaculum
1477 1239 1589 1312 ;voluit
1598 1243 1707 1319 pariter
1717 1247 1791 1316 haus

138 1348 140 1356 ,
160 1319 193 1374 D.
205 1317 347 1387 Thomas,
361 1319 372 1374 i
385 1319 419 1386 ll,
431 1318 532 1384 Quart.
547 1318 605 1388 Cli,
621 1321 676 1377 art.
690 1321 719 1388 t,
733 1317 773 1376 ed
785 1320 814 1389 6,
827 1321 903 1376 etex
916 1332 952 1376 eo
997 1318 1089 1374 altare
1102 1334 1166 1375 esse
1180 1318 1308 1390 mobile,
1324 1319 1452 1397 ideoque
1465 1336 1610 1400 parvum,
1623 1325 1717 1387 altum
1737 1330 1792 1387 sci·

159 1402 308 1475 lyranus,
322 1405 429 1475 putant
444 1402 492 1458 bic
509 1402 601 1460 vetari
620 1402 731 1473 gradus
749 1401 781 1460 in
798 1401 898 1472 altari,
913 1402 953 1460 ad
997 1401 1065 1460 licet
1085 1403 1144 1458 tres
1163 1401 1294 1472 cubitos,
1309 1405 1342 1459 ut
1360 1403 1456 1474 gradu
1477 1405 1505 1460 et
1524 1419 1648 1465 ascensu
1663 1409 1703 1469 ad
1715 1409 1792 1477 illud

159 1486 376 1554 excindendam
398 1485 610 1545 idololatriam.
633 1489 707 1544 Nam
727 1485 759 1542 ia
779 1485 887 1557 sacris,
909 1485 952 1542 in·
999 1499 1077 1557 opus
1089 1500 1151 1543 non
1164 1490 1249 1546 esset.
1266 1484 1408 1544 Salomon
1425 1501 1496 1544 vero
1515 1487 1547 1544 in
1560 1505 1676 1550 summa
1690 1493 1791 1568 reipu-

159 1569 281 1645 quiunt‚
294 1570 390 1642 Priapi
403 1585 458 1627 sua
471 1569 615 1644 pudenda
627 1568 752 1628 Gentiles
766 1567 880 1642 populo
899 1568 953 1626 de·
996 1567 1082 1626 bbere
1095 1585 1168 1642 pace
1186 1568 1336 1626 aedificans
1350 1572 1408 1626 heo
1422 1567 1613 1642 magnificum
1630 1569 1790 1649 templum,

159 1653 324 1712 nudabant.
344 1656 423 1720 tiano
444 1668 564 1710 causam
578 1651 642 1710 tuse
662 1651 854 1726 prosequitur
866 1650 953 1718 vilal·
997 1653 1072 1710 sicut
1090 1654 1167 1712 illud
1186 1653 1276 1726 longe
1293 1653 1389 1725 majus
1407 1658 1435 1711 et
1451 1655 1686 1726 magnificentius
1700 1659 1792 1727 aditi·

158 1739 275 1812 pando,
288 1738 342 1799 lib.
355 1740 389 1795 iv
400 1740 439 1793 tie
454 1739 575 1809 Templo,
587 1753 652 1810 cap.
666 1751 764 1794 cmx.
996 1735 1073 1792 cavit
1085 1751 1178 1811 quam
1191 1738 1283 1793 htoses
1295 1736 1536 1794 tabernaculum:
1552 1739 1592 1796 ita
1608 1741 1717 1818 pariter
1729 1759 1791 1804 ma·

194 1825 256 1883 imo
269 1824 332 1898 ipse
344 1824 407 1880 hec
420 1822 513 1880 verba
527 1839 535 1878 ε
554 1825 644 1880 ahlou
663 1821 803 1883 ascendes
819 1836 873 1895 per
886 1836 953 1894 gre·
993 1817 1043 1889 jus
1056 1823 1084 1876 et
1097 1818 1333 1892 magnificentius
1347 1819 1503 1878 aedificavit
1516 1822 1621 1892 altare,
1636 1824 1729 1885 altum
1741 1827 1792 1888 de.

136 1905 851 1979 ¹dusadaltaremeum,narevaleturturpitudo
863 1910 949 1974 tua‚a
996 1917 1061 1958 cem
1074 1901 1206 1974 cubitos,
1221 1904 1260 1960 ad
1281 1905 1365 1979 quod
1385 1903 1510 1980 proinde
1529 1905 1672 1978 gradibus
1692 1926 1792 1973 ascen-

159 1991 200 2048 sic
215 1991 354 2065 explicat,
369 2009 396 2062 q.
417 1991 446 2046 d.
464 2009 479 2044 a
494 1993 557 2047 Non
575 1990 715 2048 ascendes
728 2006 782 2063 per
794 1990 920 2060 gradus,
934 2009 949 2042 a
997 1986 1067 2044 dere
1087 1987 1252 2060 oportebat.
1266 1989 1299 2045 id
1314 1987 1355 2044 ita
1376 2004 1439 2046 esse
1458 1993 1538 2063 patet
1555 1991 1687 2051 Ezechiel.
1703 2009 1790 2069 xum,

158 2091 242 2132 more
256 2074 427 2144 Gentilium,
440 2090 454 2128 a
466 2089 518 2143 ne,
531 2093 546 2127 a
559 2074 591 2130 id
604 2076 656 2144 est,
668 2073 796 2130 hocfine
808 2073 950 2142 almodo,
995 2083 1072 2125 vers.
1091 2074 1142 2140 tr,
1165 2087 1227 2144 quo
1245 2072 1312 2129 loco
1331 2073 1367 2130 de
1388 2073 1498 2146 templo
1520 2073 1693 2146 Ezechielis,
1706 2073 1791 2150 quod

159 2161 193 2215 ut
212 2174 249 2215 ex
267 2158 332 2215 altis
351 2157 494 2228 gradihus
514 2158 614 2214 aitaris
636 2157 747 2214 reveles
765 2162 794 2215 ct
812 2156 952 2214 ostendas
992 2151 1128 2211 adinstar
1135 2154 1312 2212 Salomonici
1321 2171 1492 2229 expressum
1501 2162 1554 2228 est,
1564 2158 1669 2216 dieitur
1680 2178 1711 2216 :a
1723 2163 1791 2220 Gra·

157 2243 241 2299 tuam
258 2240 487 2314 turpitudinem,
499 2244 574 2314 puta
595 2241 749 2310 genitalia,
762 2243 795 2296 ut
807 2239 952 2296 iaciebant
997 2235 1055 2293 dus
1074 2238 1138 2309 eius
1158 2237 1295 2310 (altaris)
1310 2241 1386 2296 versi
1399 2240 1612 2313 adorientem,
1625 2261 1640 2296 a
1656 2243 1710 2301 ubi
1723 2245 1790 2304 licet

158 2323 260 2382 incesti
274 2329 302 2382 et
314 2323 435 2382 nefandi
447 2325 606 2399 lthyphuiii
618 2325 650 2380 in
664 2325 753 2394 sacris
764 2323 870 2396 Priapi,
880 2325 952 2388 teste
996 2321 1030 2383 a.
1042 2321 1134 2387 David
1145 2327 1173 2379 et
1183 2325 1214 2378 R.
1226 2323 1365 2396 Salomon
1376 2324 1575 2398 respondeant
1582 2326 1692 2398 gradus
1700 2328 1789 2386 hosce

158 2409 312 2480 athenaeo,
326 2407 380 2464 lib.
401 2409 471 2480 xiv,
486 2424 552 2482 cap.
566 2421 629 2465 rur.
644 2409 750 2465 Verum
772 2409 831 2479 sic,
845 2421 901 2479 pro
919 2419 954 2461 oe
996 2399 1087 2459 tuisse
1100 2404 1217 2477 planos,
1230 2411 1303 2478 puta
1314 2406 1506 2464 acclivitatem
1517 2407 1606 2480 plane
1619 2415 1647 2466 et
1660 2412 1791 2485 aequabi-

78 2559 84 2568 ι
158 2493 305 2558 reueletur,
319 2491 480 2548 dicendum
497 2491 609 2562 fuisset,
624 2507 658 2547 ae
671 2492 778 2548 sactes.
793 2492 858 2546 ilaec
872 2488 952 2544 enim
996 2485 1061 2543 liter
1074 2488 1281 2546 ascendentem
1294 2490 1333 2546 ad
1354 2490 1578 2548 similitudinem
1595 2494 1714 2566 pontis3
1741 2495 1790 2552 aiii

142 2573 222 2632 duo
242 2567 379 2649 opposita
396 2574 535 2632 ridentur
555 2592 564 2632 ε
583 2574 641 2631 hoc
654 2574 733 2630 enim
747 2575 789 2629 est
803 2570 952 2640 affirmati·
996 2588 1067 2642 reto
1082 2573 1180 2646 dicant
1192 2574 1303 2644 gradus
1316 2573 1372 2631 hos
1389 2572 1478 2631 fuisse
1491 2579 1574 2632 extra
1586 2577 1710 2647 atrium,
1720 2577 1792 2636 iuis·
1890 2609 1894 2616 =

158 2672 245 2730 vum,
254 2658 329 2714 illud
336 2658 518 2730 negativum.
530 2661 619 2716 Porro
626 2657 859 2730 huiusfoeditatis
867 2672 952 2729 aequa
996 2673 1088 2732 seque
1102 2658 1183 2732 ipsos
1197 2659 1308 2729 gradus
1323 2657 1402 2729 atrii,
1416 2658 1527 2732 quibus
1545 2661 1584 2717 ad
1601 2660 1677 2719 illud
1692 2678 1792 2721 ascen-

159 2759 195 2808 ae
212 2743 308 2816 Priapi
328 2742 438 2813 cultus,
456 2741 628 2815 proximum
644 2741 703 2799 hoe
719 2740 806 2799 blesis
819 2742 952 2813 temporo
997 2741 1123 2799 debatur
1142 2758 1149 2798 ε
1170 2744 1270 2798 tamen
1284 2741 1333 2797 alii
1349 2741 1461 2814 passim
1475 2758 1561 2799 veros
1575 2747 1603 2799 et
1617 2745 1790 2815 magnificos

160 2826 357 2890 eratilehraeis
366 2825 646 2900 periculum‚eaque
657 2825 694 2881 de
705 2838 794 2880 causa
805 2823 860 2880 hac
870 2837 953 2878 sano·
997 2827 1116 2880 censent
1133 2823 1189 2881 hos
1203 2823 1291 2881 tuisse
1306 2825 1434 2895 gradus,
1445 2840 1506 2882 non
1521 2825 1604 2896 atrii,
1619 2829 1671 2885 sed
1692 2829 1790 2886 altaris

158 2911 238 2971 tione
250 2911 365 2984 vetatur
379 2913 407 2967 et
420 2913 549 2968 cavetur.
560 2911 633 2966 Nam
645 2907 794 2964 transituri
808 2912 890 2963 erant
900 2907 953 2962 tie·
996 2905 1146 2976 magnifici
1160 2910 1189 2963 et
1203 2907 1306 2964 decem
1323 2906 1438 2964 cubitos
1460 2907 1529 2979 nlti3
1543 2907 1635 2982 idque
1648 2910 1791 2984 liquet-ex

159 2995 232 3055 braei
244 3011 313 3052 cum
328 2995 404 3052 hiose
417 3008 471 3067 per
483 2991 682 3060 Moabitidem,
693 2991 746 3047 ubi
760 2991 891 3062 impense
904 3003 954 3046 co·
995 2993 1087 3045 textu.
1102 2988 1206 3045 Videre
1219 2992 1262 3047 est
1276 3004 1327 3047 eos
1344 2989 1459 3062 egregie
1472 3005 1628 3064 expressos
1645 2993 1677 3050 in
1695 2995 1791 3066 effigio

159 3080 275 3140 lebatur
295 3077 494 3154 Beelphegor,
517 3077 548 3133 id
571 3079 614 3134 est
635 3075 774 3148 Priapus,
796 3073 914 3148 ipsique
934 3088 953 3131 a
996 3073 1081 3146 apud
1092 3072 1313 3147 Vileipandum,
1323 3089 1393 3147 pag.
1403 3076 1466 3135 388.
1476 3075 1555 3132 Sicut
1565 3091 1636 3146 ergo
1645 3078 1792 3152 templum

158 3163 292 3222 htoabitis
312 3161 489 3220 selboltandi
511 3163 594 3218 erant
617 3160 657 3217 ad
678 3159 742 3230 ejus
765 3157 889 3215 cultum.
908 3157 954 3214 Sic
997 3155 1163 3216 Salomonis
1182 3157 1214 3213 in
1231 3157 1422 3229 cherubinis,
1436 3157 1617 3230 porticibus,
1632 3159 1729 3231 atriis,
1744 3177 1793 3218 co-

159 3249 239 3307 enim
261 3246 388 3320 legimus
410 3247 522 3304 Numa.
545 3258 620 3314 xxv,
646 3242 781 3300 liebraeos
804 3257 823 3298 a
845 3239 953 3314 puellis
997 3241 1123 3313 lumnis,
1136 3242 1211 3300 mari
1222 3259 1305 3300 aeneo
1313 3251 1328 3312 ,'
1337 3241 1664 3313 mensis,cande1abris
1677 3248 1705 3301 et
1716 3245 1793 3302 mul·

158 3330 260 3403 Moab,
270 3329 409 3408 pellectos
423 3329 462 3386 ad
475 3327 711 3398 fornicationem,
722 3325 850 3384 initiatos
863 3324 953 3382 luisse
996 3324 1034 3384 tis
1045 3325 1109 3384 aliis
1123 3344 1130 3382 :
1145 3325 1186 3382 ita
1199 3329 1227 3382 et
1238 3325 1270 3382 in
1283 3324 1382 3396 altari,
1397 3325 1521 3400 ejusque
1534 3327 1677 3398 gradibus
1697 3328 1791 3386 diver·

158 3409 353 3492 Beelphegor,
370 3410 403 3469 id
423 3413 480 3482 est,
499 3409 625 3468 coluisse
648 3409 786 3483 Priapum
810 3426 817 3464 :
836 3423 898 3482 qua
916 3409 953 3466 de
998 3425 1066 3466 sum
1078 3409 1133 3466 tuit
1146 3425 1164 3466 a
1177 3409 1383 3480 tabernaculo,
1398 3413 1427 3466 et
1440 3409 1524 3467 altari
1538 3411 1678 3484 btosaico,
1696 3427 1792 3485 eoque

159 3513 249 3556 causa
261 3495 351 3571 plaga
363 3495 395 3552 in
408 3509 459 3552 cos
473 3493 620 3563 desaeviit,
632 3509 723 3567 quam
744 3491 815 3550 stitit
831 3491 954 3548 Phineas
997 3493 1086 3564 longe
1093 3493 1289 3567 prestantius,
1299 3491 1503 3550 hcetndinstar
1510 3493 1637 3564 Moesici,
1647 3501 1793 3568 quantum

159 3583 258 3643 occiso
268 3581 401 3657 principe
411 3580 506 3638 tribus
517 3579 645 3652 Simeon,
654 3578 744 3651 hujus
756 3576 873 3634 sceleris
885 3577 954 3636 eho·
997 3576 1062 3636 fieri
1077 3577 1190 3651 potuit,
1205 3581 1320 3635 servata
1333 3578 1433 3636 debita
1450 3577 1569 3636 fabricae
1583 3580 1792 3651 proportione,

158 3683 243 3740 rago.
997 3661 1144 3733 templum
1156 3677 1260 3732 suum,
1276 3660 1384 3731 altare,
1396 3665 1462 3732 etc,
1475 3661 1626 3718 aedificarit
1640 3663 1791 3720 Salomon.

195 3752 292 3823 ilices,
306 3751 330 3811 11
343 3750 469 3820 Paralip.
482 3762 527 3818 tv,
548 3748 562 3803 t
573 3787 584 3817 ,
598 3744 707 3803 <heitar
720 3744 758 3803 de
771 3743 929 3803 Salomone
945 3761 952 3801 r
1034 3743 1145 3802 Simiha
1158 3743 1333 3818 temporalia
1343 3749 1490 3819 praecepta
1502 3743 1582 3802 dedit
1593 3744 1723 3803 Christus
1734 3747 1793 3819 pri·
1904 3817 1908 3826 Ι

162 3835 266 3892 «Fecit
281 3849 403 3908 quoque
416 3832 506 3888 altare
527 3845 643 3886 aeneum
662 3829 765 3885 decem
785 3828 955 3886 cubitorum
998 3827 1106 3905 mitivae
1128 3828 1278 3898 Ecclesiae,
1292 3829 1323 3885 id
1344 3832 1388 3886 est
1404 3829 1649 3902 apostatarum
1667 3845 1720 3888 eos
1734 3831 1794 3904 pri·

160 3916 324 3978 altitudinis
340 3909 377 3971 :a
401 3914 482 3986 atqui
500 3914 539 3970 ad
560 3914 637 3969 hane
656 3911 841 3968 altitudinem
855 3927 956 3969 ascen·
998 3927 1083 3968 mum
1097 3910 1177 3968 misit
1192 3911 1395 3980 Evangelirare
1410 3928 1463 3982 per
1476 3911 1625 3982 iudaeam,
1640 3913 1749 3976 scilicet
1762 3918 1795 3972 ut

161 4000 243 4059 danti
253 3996 408 4056 necessarii
419 3998 501 4052 erant
512 3997 639 4066 gradus3
653 4009 724 4062 ergo
737 3993 877 4050 Salomon
888 3992 956 4050 iecit
998 3994 1075 4051 irem
1093 3993 1174 4063 hini,
1185 3996 1218 4048 ut
1240 3993 1315 4049 irent
1336 3993 1376 4049 ad
1396 3993 1532 4063 ludaeos,
1547 4010 1608 4051 non
1622 3995 1794 4071 addentes,

161 4083 249 4152 hosne
264 4081 390 4154 gradus,
404 4077 457 4154 qui
470 4082 569 4137 tamen
580 4077 628 4133 hic
641 4076 785 4132 vetantur.
1000 4092 1054 4134 nec
1067 4076 1106 4134 ad
1113 4074 1332 4145 Samaritanus,
1346 4079 1379 4132 ut
1393 4091 1454 4132 non
1467 4074 1576 4134 terreat
1589 4079 1714 4151 virgam,
1727 4085 1794 4154 cta,

197 4168 365 4246 Respondet
378 4164 534 4223 abulensis
550 4167 578 4220 et
590 4163 708 4233 Rihcra,
722 4161 775 4218 lib.
790 4161 812 4218 ll
827 4163 867 4218 De
882 4164 956 4218 Tem·
1000 4161 1101 4218 blattis.
1116 4174 1168 4229 xx,
1183 4175 1259 4216 vers.
1278 4161 1296 4216 5
1319 4161 1347 4215 et
1365 4158 1427 4231 se'q.
1440 4173 1448 4214 τ
1463 4173 1530 4232 quac
1548 4159 1660 4218 Christo
1676 4167 1794 4222 mortuo

159 4255 223 4329 pto,
245 4269 310 4327 cap.
331 4267 387 4322 xx,
402 4249 434 4306 in
449 4249 528 4320 tine,
545 4247 577 4305 in
600 4245 683 4305 altari
705 4245 871 4304 Salomonis
894 4261 957 4304 uon
1000 4247 1115 4303 constat
1130 4259 1182 4302 eos
1198 4259 1260 4301 non
1279 4253 1494 4314 servasse,nec
1516 4259 1631 4301 serrare
1646 4249 1794 4320 potuisse,

161 4338 251 4396 titisse
274 4335 384 4409 gracias¹
405 4333 519 4407 hgneos
542 4335 593 4389 aut
614 4330 767 4404 lapideos,
788 4332 841 4389 sed
862 4330 958 4389 conti·
1001 4343 1070 4386 cum
1090 4325 1173 4384 missi
1195 4329 1263 4384 sunt
1282 4325 1481 4399 evangelizare
1499 4327 1640 4387 omnibus
1658 4330 1797 4402 gentibus

162 4437 258 4481 nuum
280 4433 435 4479 ascensum
454 4417 491 4474 de
508 4420 600 4486 terra,
613 4415 667 4488 qui
683 4413 828 4488 perstatim
845 4413 958 4473 unifor-
1001 4427 1055 4486 per
1067 4414 1163 4470 totum
1178 4409 1282 4468 orbem
1297 4409 1344 4484 (t).

162 4507 248 4576 miter
266 4504 428 4578 tollebatur
444 4501 477 4558 in
496 4499 589 4561 ultum
605 4517 612 4556 :
627 4499 727 4595 itaque
744 4514 806 4556 non
819 4497 958 4556 erantibi
1035 4551 1069 4617 (¹)
1083 4551 1177 4602 Eadem
1191 4549 1256 4603 mio
1284 4549 1317 4602 ab
1333 4549 1462 4604 homme
1479 4553 1557 4607 dnm
1586 4555 1703 4612 eamdem

162 4589 375 4686 aliquigradus
386 4585 418 4646 in
429 4601 559 4684 quofqm
573 4599 743 4680 ³⁵⁰f³¹¹⁸¹f³n⁹
754 4586 958 4679 p⁰sset⁵³⁰?”‘
1002 4630 1071 4676 rarat
1088 4623 1155 4686 apud
1173 4587 1298 4674 Romanos
1316 4623 1408 4687 legem.
1428 4624 1468 4675 Cl.
1490 4591 1612 4691 Gelliam,
1632 4633 1701 4683 licor.
1719 4572 1797 4680 m?

163 4673 241 4734 d⁰t¹s
254 4670 407 4748 turP¹md⁰
421 4670 544 4740 findam,
558 4671 586 4724 et
599 4667 692 4724 Vldel'l
704 4681 723 4723 ³
736 4665 861 4761 ΡΟᾩΠῙΟ·
877 4668 959 4737 cale·
1002 4694 1047 4746 lib.
1063 4691 1095 4752 X,
1111 4707 1165 4756 cap.
1180 4707 1221 4743 xv.
1233 4693 1335 4744 Servius
1350 4695 1382 4744 ad
1393 4697 1487 4762 (hacid.
1505 4697 1547 4759 tv,
1563 4701 1608 4746 titt
1619 4713 1627 4747 ε
1638 4713 1652 4746 a
1662 4701 1735 4762 Apud
1754 4715 1800 4750 ve-

162 4761 250 4817 tanus
266 4771 338 4814 vero
354 4756 440 4830 putat
452 4753 501 4812 hia
514 4767 576 4809 non
590 4766 695 4808 omnes
708 4765 833 4808 omnino
847 4751 959 4821 gradus
1002 4769 1082 4828 teres,
1101 4763 1268 4814 Flaminicnm
1290 4764 1346 4828 plus
1368 4765 1450 4816 tribus
1472 4765 1609 4830 gradibus,
1632 4767 1681 4818 nisi
1703 4771 1799 4824 Grecos

162 4841 315 4918 prohiberi
327 4839 359 4898 ia
372 4838 472 4908 altari,
485 4837 538 4898 sed
553 4834 663 4894 multos
677 4839 705 4894 et
716 4835 807 4904 ailoe,
817 4850 871 4908 per
882 4850 959 4907 quos
1002 4837 1094 4899 malas,
1107 4836 1225 4884 scandere
1243 4847 1294 4884 non
1310 4835 1421 4916 licebat,
1434 4849 1465 4886 ne
1481 4836 1532 4884 ulia
1545 4849 1601 4898 pars
1616 4837 1709 4919 pedum
1727 4843 1781 4902 eius
1789 4877 1798 4908 ‚

163 4925 273 4988 scitica
288 4923 384 5020 videri
405 4920 501 5016 possit
519 4919 672 5017 turpitudo
686 4917 847 5014 sacerdotis
863 4933 961 5012 spau-
1003 4906 1731 5034 ffimgdffiigsfflgstpffig{tigilffinffisffluzobgs
1743 4923 1799 5035 stig·

163 5025 215 5070 ⁰⁰⁵
237 5024 308 5082 &3⁰
329 5008 378 5065 1¹¹⁰
398 5007 545 5100 permisti,
567 5005 730 5077 praesemm
751 5017 777 5057 εἰ
801 5015 909 5057 seusun
933 5002 961 5057 et
1004 5015 1093 5098 rentur
1106 5047 1194 5098 adtolli
1212 5013 1308 5098 vestem
1340 5055 1385 5098 ant
1401 4989 1498 5098 nuder?
1507 5060 1600 5097 crura·
1619 4993 1679 5099 ”affirm
1702 4995 1762 5102 idgg
1772 5038 1798 5100 et

164 5091 280 5162 mOffisse
293 5083 839 5159 ²¹⁵0⁴³11deb3¹¹⁸3“aqueneusvetando
849 5083 961 5156 padus
1003 5119 1075 5170 scalae
1094 5119 1185 5168 Graecae
1199 5085 1327 5177 dicuntur:
1337 5117 1398 5181 quia
1411 5118 1448 5167 ita
1457 5085 1624 5182 fabricantur,
1641 5109 1753 5172 ut‘omni
1767 5135 1799 5171 ex

165 5175 197 5234 in
216 5175 315 5247 Rutili,
334 5173 423 5232 Simfll
441 5171 547 5242 vetnit,
558 5185 599 5244 1t⁰
611 5169 700 5228 nimis
713 5169 807 5227 altum
825 5172 854 5229 02
866 5170 961 5230 “⁰³1⁶
1005 5197 1075 5256 parte
1088 5189 1236 5253 compagine
1250 5188 1394 5240 tabularum
1415 5187 1504 5242 clausae
1519 5189 1585 5253 sint,
1603 5203 1635 5240 na
1651 5191 1797 5256 adspectant

165 5276 233 5318 eum
245 5259 373 5324 facerent
383 5258 489 5328 altare;
500 5253 628 5325 debebat
637 5259 734 5314 &men
746 5255 836 5314 aliare
848 5255 961 5313 medio·
1005 5264 1035 5314 ai
1053 5259 1163 5324 corporis
1179 5260 1289 5326 aliquam
1307 5265 1402 5324 partem
1415 5257 1591 5312 admittant.»
