4100 6024
252 355 292 416 ς,
806 339 1118 401 nacoarmsrnaa
1136 341 1341 404 mamaea.

255 459 375 520 dentiae
388 453 537 531 synodus,
550 465 588 511 ne
600 463 668 508 mos
680 447 731 508 ille
744 447 863 523 uspiam
876 446 1050 519 labasceret,
1091 451 1148 520 ast,
1160 452 1193 506 ut
1203 448 1351 519 diximus,
1363 461 1451 506 nosse
1464 446 1536 505 istos
1548 445 1658 518 libros,
1669 448 1699 506 et
1710 445 1737 504 sl
1750 447 1889 506 nondam

253 549 304 617 aa,
325 559 390 602 rm.
403 541 443 611 v,
456 537 521 596 tuse
533 537 572 594 da
585 534 711 593 bodone
724 547 815 592 sacre
826 533 981 608 scripture
994 537 1052 591 sta-
1091 531 1132 589 ad
1144 530 1341 602 intedectum,
1355 530 1484 602 legando
1496 534 1595 588 marea
1608 529 1656 587 vel
1670 529 1813 590 mandare
1827 546 1890 588 me·
1948 598 1952 604 ,

150 693 155 702 ,
254 631 319 688 tuat
340 622 509 691 etsanciat,
522 617 692 692 edicatque,
711 617 790 676 utin
804 618 945 676 omnibus
959 619 1052 676 Cano-
1092 614 1212 687 moriae,
1233 615 1281 673 vel
1304 616 1427 673 omnino
1448 613 1615 686 incognitos
1635 630 1698 674 non
1721 614 1886 686 habere3»

254 713 392 771 uicorum
404 704 543 775 carbas,
558 703 770 762 nonachorum
782 701 871 760 etiam
884 706 913 760 et
925 702 1051 775 Regula
1092 699 1201 758 deinde
1213 699 1350 758 solertius
1363 699 1592 773 diligentiusque
1604 699 1791 772 singulorum
1802 715 1889 758 sensa

254 794 354 864 riam,
378 787 580 862 omnibusque
603 785 734 862 publicis
759 786 923 860 gymnasiis
946 787 1052 845 eadem
1092 783 1299 858 pervestigare.
1323 785 1357 841 lit
1375 783 1404 842 S.
1426 782 1548 840 Basilius
1570 782 1698 856 prologo
1712 784 1744 842 in
1758 783 1887 841 isaiam:

255 875 435 945 stabiliatur,
459 870 593 941 dotetur,
612 873 847 944 promoveatur:
871 873 964 944 atque
989 875 1053 928 tam
1092 867 1274 942 Requiritur,
1285 867 1340 939 ait,
1354 865 1475 926 anaidem
1490 865 1523 924 in
1540 867 1689 940 Scriptura
1702 866 1886 939 exercitatio,

257 962 411 1028 docentes,
433 970 527 1031 mam
552 953 697 1012 amcam
723 953 874 1012 Beneficiis
899 953 1053 1013 Ecclesiae·
1092 955 1126 1009 ut
1138 951 1274 1023 majestas
1287 955 1376 1025 atque
1389 965 1530 1010 arcanam
1543 950 1888 1010 divinorumverborum

254 1043 320 1102 licis
333 1040 443 1112 ornati,
457 1038 608 1096 tractuum
621 1037 810 1112 perceptione
820 1037 886 1108 jure
899 1037 1052 1095 communi
1092 1039 1236 1110 perpetue
1248 1035 1439 1094 meditatione
1449 1036 1550 1094 animo
1563 1034 1761 1109 imprimatur.

255 1139 409 1195 concesse,
423 1121 455 1179 in
468 1121 601 1180 ahmam
614 1120 760 1178 huanhu.
774 1121 899 1191 Etssae,
911 1137 979 1179 cum
991 1136 1052 1179 ssc-
1127 1120 1259 1187 &moda
1273 1121 1396 1193 insignis
1414 1120 1521 1178 eodem
1542 1121 1696 1194 dispositio
1710 1125 1753 1178 est
1764 1121 1887 1180 humilis
1946 1133 1982 1174 ro.

254 1210 398 1270 tardorum
418 1207 549 1266 hostium
568 1209 741 1265 nostrorum
753 1206 852 1265 omnis
866 1205 914 1263 hic
928 1206 1052 1264 desudet
1093 1204 1185 1262 animi
1198 1205 1352 1275 modestia,
1368 1204 1407 1262 do
1419 1220 1481 1278 qua
1498 1206 1526 1264 S.
1541 1206 1732 1278 augustiam,
1747 1207 1831 1280 epist.
1850 1210 1886 1265 56
1897 1191 2009 1308 ὼὲξρξῆξς

255 1293 401 1353 industria
408 1332 418 1363 ,
434 1295 468 1349 ut
480 1305 541 1348 noa
552 1291 609 1347 nisi
620 1291 782 1366 Scripturas
795 1293 928 1363 crepent,
941 1290 1053 1364 pudeat
1093 1287 1130 1345 od
1143 1291 1300 1347 blascorum
1313 1308 1322 1344 r
1335 1291 1423 1348 allon
1436 1288 1541 1361 adam,
1555 1291 1611 1361 ait,
1626 1291 1666 1348 ed
1675 1293 1887 1364 capessendam
1899 1318 1933 1356 m
1966 1325 2010 1356 me

255 1375 453 1436 mmdanum
465 1378 494 1431 et
508 1374 710 1432 orthodoxum
720 1372 918 1446 theologam,
930 1373 977 1431 vel
987 1375 1051 1432 tan-
1093 1375 1122 1430 et
1139 1371 1334 1432 obtinendam
1347 1371 1517 1444 vennam,
1533 1376 1564 1430 et
1576 1387 1691 1431 sacram
1712 1373 1888 1446 sapientiam
1899 1375 1976 1420 aem

188 1521 191 1528 ,
255 1460 353 1521 tillum
365 1460 424 1519 illis
437 1460 611 1529 concedere,
631 1459 743 1534 pudeat
755 1457 795 1516 ab
809 1458 851 1516 eis
863 1457 942 1518 viad
955 1473 990 1516 ac
1003 1473 1053 1516 sa·
1093 1455 1174 1516 uam
1187 1458 1320 1529 munias,
1335 1473 1428 1531 quam
1446 1473 1515 1532 ques
1528 1457 1643 1515 munita
1656 1461 1700 1514 est
1713 1458 1752 1518 ab
1766 1475 1822 1530 eo,
1835 1461 1889 1533 qui

254 1547 369 1623 perari;
381 1545 456 1621 quin
469 1557 540 1602 varo
553 1559 616 1602 aon
628 1545 744 1602 tantum
752 1541 845 1601 verba
858 1557 948 1600 sacres
959 1542 1053 1616 Scrip-
1093 1556 1250 1614 gressrmm
1260 1544 1442 1612 nostrorum,
1455 1545 1599 1615 braquam
1612 1543 1698 1613 aeus,
1713 1542 1793 1602 videt
1806 1543 1890 1602 intir-

255 1634 330 1688 turs
348 1633 482 1703 crepent,
506 1627 559 1685 sed
581 1630 610 1685 et
629 1641 750 1685 sensum
769 1626 932 1699 &nulnum
945 1625 1053 1684 dmen-
1093 1624 1236 1683 mitatem.
1251 1628 1290 1683 lla
1303 1628 1348 1683 est
1359 1627 1460 1683 autem
1478 1627 1572 1697 prims
1590 1623 1751 1697 humilitas,
1771 1629 1890 1684 emunda

256 1715 317 1771 tur.
340 1714 383 1772 lta
404 1711 463 1770 tcta
484 1709 690 1769 hereticorum
703 1711 734 1768 in
748 1709 1054 1784 ipsosmetretorque-
1093 1707 1256 1778 humilitas,
1270 1707 1539 1779 teticbunrilitas3
1553 1710 1583 1766 et
1596 1708 1714 1781 quattus
1726 1709 1891 1783 interroga-

256 1795 347 1868 hunt‚
362 1799 391 1853 et
410 1813 426 1853 e
446 1796 593 1869 Scriptura
606 1793 731 1852 haereses
745 1808 850 1852 omnes
863 1793 1014 1851 revincent
1025 1797 1053 1850 et
1094 1806 1151 1862 ras,
1164 1791 1222 1850 hoc
1234 1792 1315 1850 idem
1326 1791 1464 1851 dicerem.
1477 1793 1578 1865 ltaque
1585 1791 1671 1850 sicuti
1677 1795 1889 1854 Demosthenes

253 1878 446 1954 jugulabunt.
472 1879 549 1937 Facit
561 1878 618 1937 boc
633 1876 728 1935 solide
742 1880 771 1934 et
782 1879 882 1934 exacte
894 1875 1052 1932 illustrissi-
1094 1875 1309 1950 ineloquentia
1325 1874 1561 1950 pronuntiationi
1583 1875 1713 1949 primas,
1731 1880 1889 1951 secandas,

256 1979 325 2022 mus
338 1963 530 2021 bellarminus
543 1959 614 2019 fidei
626 1959 846 2034 hyperaspistes
859 1963 888 2016 et
905 1959 1052 2018 haeresum
1094 1959 1192 2017 tertias
1207 1957 1289 2018 dedit
1303 1976 1310 2016 ε
1327 1959 1367 2017 ita
1379 1973 1436 2030 ego
1450 1959 1482 2016 in
1494 1957 1599 2015 Christi
1607 1959 1752 2033 sapientia
1763 1962 1890 2036 primas,

257 2050 378 2116 shator,
392 2046 424 2103 in
436 2045 498 2102 suis
514 2044 728 2102 Controversia:
739 2042 825 2116 quod
836 2057 913 2116 opus
925 2041 1052 2117 proinde
1094 2042 1250 2113 monades,
1261 2042 1360 2101 tertias
1371 2040 1451 2102 dabo
1462 2040 1630 2113 humilitati,
1644 2059 1737 2116 quam
1746 2046 1890 2104 llominus

256 2127 480 2205 impenetrabile
489 2131 533 2184 est
546 2130 576 2185 et
587 2124 839 2202 incomparabile,
853 2139 907 2183 neo
917 2140 936 2183 a
948 2124 1053 2185 Chrbti
1095 2128 1194 2186 noster
1206 2128 1239 2183 at
1252 2126 1387 2198 doceret,
1400 2124 1574 2185 humiliatus
1593 2130 1637 2184 est
1652 2145 1668 2182 a
1690 2142 1824 2201 nascens,
1843 2131 1890 2188 vi-

256 2212 443 2288 temporibus
462 2211 618 2285 hucusque
631 2211 727 2269 simile
740 2211 772 2268 in
789 2210 846 2268 hoc
860 2225 966 2282 genere
978 2210 1055 2268 vidit
1094 2225 1177 2283 vens,
1191 2213 1220 2269 et
1231 2211 1371 2270 moriens.

255 2296 399 2367 Ecclesia,
412 2298 447 2354 nt
458 2294 564 2354 merito
583 2294 713 2353 varimds
726 2292 883 2352 catholicae
900 2308 1005 2354 maras
1025 2297 1055 2352 et
1130 2295 1228 2366 ldem,
1241 2293 1295 2353 b'b.
1315 2296 1337 2352 ll
1351 2296 1392 2352 lle
1403 2296 1537 2353 bactram
1550 2294 1719 2362 christiaco,
1733 2313 1800 2371 cap.
1816 2313 1865 2377 xm
1879 2315 1888 2356 e

257 2379 439 2440 antemurale
452 2377 668 2454 vocariposait.
977 2411 980 2418 ·
1098 2379 1252 2453 «cogitat,
1263 2377 1376 2452 iuquit,
1388 2378 1543 2453 scripura
1555 2379 1707 2438 studiosus
1716 2381 1793 2440 illud
1811 2387 1891 2456 lpo-

138 2490 200 2594 mra.
223 2557 238 2591 v
294 2470 327 2526 v.
342 2473 435 2610 Ammo
454 2484 492 2526 ex
511 2467 558 2526 h'n
572 2465 713 2525 omnibus
727 2465 1052 2610 tffieuegthporviderm
1095 2461 1890 2608 gtgicngSctetmciatctmbaritasoditmttihffine

137 2561 248 2714 ffifffflf'
260 2555 1054 2710 ffiumeefflfpffigffiagfflmffiffl
1095 2560 1184 2698 00τᾶιὲ
1198 2588 1233 2688 ui
1248 2561 1745 2699 ffilfflngh’tffimfffiz
1757 2555 1891 2707 fundati}

137 2728 181 2775 aaa
219 2729 362 2778 aurursus
383 2718 474 2776 animi
498 2718 718 2793 comparatione
739 2719 780 2778 ad
801 2734 868 2778 eam
893 2719 1051 2790 accedere,
1095 2714 1245 2790 possimus
1264 2714 1515 2791 comprehendere
1528 2732 1596 2774 eum
1610 2715 1751 2774 omnibus
1765 2719 1890 2791 Sanctis,

138 2793 248 2899 {rw
259 2802 406 2878 quibusve
432 2801 528 2860 fulciri
560 2801 705 2877 presidiis
732 2805 876 2875 oporteat.
909 2801 1053 2860 Nimirum
1095 2813 1164 2873 qaae
1185 2798 1223 2856 sit
1242 2797 1385 2869 latitudo,
1398 2798 1567 2871 longitudo,
1581 2799 1707 2859 altitudo
1721 2803 1890 2876 etprolon·

145 2867 245 2972 ,ffl'
258 2892 351 2961 prima
364 2887 546 2962 comparatio
560 2889 594 2944 ut
607 2885 676 2961 quis
690 2883 820 2944 tractum
832 2901 871 2946 ex
881 2885 939 2944 boo
953 2885 1052 2944 stadio
1096 2882 1181 2952 dum,
1193 2881 1226 2940 id
1243 2885 1297 2954 est,
1310 2897 1426 2940 oruoem
1440 2883 1557 2941 bomini
1572 2900 1581 2940 z
1600 2899 1663 2957 quo
1685 2884 1771 2956 signo
1793 2888 1889 2945 erucis

156 2986 229 3032 rama
259 2971 392 3045 colligat,
404 2974 448 3028 est
462 2969 564 3028 crebra
578 2985 668 3028 sacrae
684 2969 839 3044 Scriptura
851 2968 954 3040 lectio,
969 2967 1053 3026 audi
1096 2965 1193 3023 omnis
1207 2966 1283 3024 actio
1297 2965 1460 3024 Ghrhtiana
1473 2965 1659 3038 describitur,
1675 2967 1753 3026 bene
1769 2971 1890 3042 operari

138 3051 181 3151 {⁸¹⁹
191 3058 247 3141 cs·
259 3061 307 3115 tas
328 3055 444 3127 creber,
465 3055 533 3114 viva
550 3054 681 3113 doctoris
699 3069 777 3124 vox,
801 3058 830 3113 et
847 3053 880 3112 tn
892 3054 973 3112 hisce
982 3069 1053 3113 con·
1095 3049 1127 3108 in
1140 3050 1300 3122 christo,et
1308 3049 1335 3108 ei
1344 3052 1565 3123 perseveranter
1573 3049 1715 3138 inherere
1724 3067 1759 3110 ao
1769 3069 1890 3126 sperare

139 3119 1054 3296 ,ι’ἐξιιιιςιιιιιιιιιιιιιιιιι
1095 3133 1890 3290 semitractatam

239 3261 245 3273 .
678 3263 686 3278 ,
886 3265 895 3293 ‚
1877 3253 1890 3265 ,

254 3309 469 3380 Educatpacr„
480 3305 819 3365 dooetmemoriamesse
827 3304 1052 3380 cellampenua·
1094 3302 1186 3361 ritstis
1199 3301 1319 3374 Christi,
1341 3317 1403 3376 que
1414 3300 1537 3374 equehs
1554 3307 1598 3359 est
1616 3302 1707 3374 Patri,
1727 3319 1781 3376 per
1794 3321 1890 3378 quiem

255 3393 330 3449 riam
344 3391 577 3464 disciplinarum.
591 3389 675 3447 Plato
686 3390 718 3447 in
728 3389 859 3446 Theaeteto
867 3388 980 3458 asserit,
991 3390 1071 3448 me-'
1093 3385 1171 3444 taeta
1182 3388 1252 3444 sunt
1260 3385 1374 3456 omnia,
1385 3388 1419 3443 ut
1428 3384 1606 3458 impleamur
1618 3385 1651 3444 in
1663 3401 1784 3446 omnem
1791 3388 1890 3462 plani·

137 3467 382 3542 mamlamoriam
407 3489 469 3531 esse
492 3477 616 3532 matrem
639 3485 810 3542 musarum,
831 3475 860 3530 at
876 3471 1051 3545 sapientiam
1093 3470 1228 3528 mairem
1242 3469 1307 3535 beia
1321 3488 1337 3523 s
1351 3469 1404 3528 abi
1417 3471 1497 3527 enim
1505 3469 1887 3546 humilitas,ibisapientia,

136 3545 246 3650 ”maffia
258 3569 321 3613 esse
333 3557 484 3614 memoris
494 3559 524 3612 et
532 3556 720 3631 experientis
728 3554 833 3612 libam.
845 3554 878 3613 ld
887 3569 957 3612 cum
967 3553 1050 3628 alibi,
1093 3553 1135 3611 ait
1146 3553 1286 3612 Salomon
1298 3555 1424 3612 Proocrh.
1439 3569 1485 3625 xr;
1499 3558 1528 3612 et
1541 3554 1763 3629 Christusipso:
1780 3558 1889 3616 «Con-

167 3667 213 3712 m,
258 3644 322 3696 tum
334 3637 506 3696 maximein
520 3653 604 3695 sacra
617 3637 900 3711 Scriptura,testeS.
916 3637 1051 3708 Augusti-
1093 3635 1179 3694 liteor
1191 3635 1256 3708 tibi,
1269 3638 1362 3709 Pater,
1373 3637 1606 3696 uomineeoeliet
1616 3642 1717 3712 terram
1731 3640 1889 3714 maha-

121 3731 127 3740 ·
257 3737 312 3792 no,
326 3720 379 3778 lib.
392 3722 415 3778 ll
429 3723 469 3776 lle
482 3723 616 3778 bremae
630 3720 798 3786 christiana,
812 3733 878 3792 cap.
893 3735 935 3789 rx,
948 3720 1050 3780 locum
1094 3720 1218 3779 condisti
1229 3721 1293 3780 haee
1306 3737 1324 3778 a
1336 3720 1519 3794 sapientibus
1531 3725 1560 3778 et
1571 3722 1788 3796 prudentibus,
1801 3729 1832 3783 et
1841 3741 1889 3784 re-

254 3804 358 3876 habet,
382 3820 451 3879 que
472 3807 554 3860 tanta
576 3817 677 3860 rerum
696 3801 850 3872 varietate,
867 3804 912 3861 tot
924 3802 1009 3862 libris
1021 3810 1050 3863 et
1092 3803 1194 3862 velasti
1207 3819 1242 3862 ea
1253 3805 1386 3881 parvulis
1397 3824 1405 3863 z
1418 3804 1471 3878 ita,
1480 3806 1726 3880 Peter,quoniam
1738 3807 1782 3866 sio
1791 3809 1890 3882 placi-

253 3887 403 3947 sententiis
414 3889 538 3945 conset.
547 3887 588 3942 Ea
595 3887 716 3959 propter
727 3884 861 3954 Ecclesia,
874 3889 907 3943 ut
917 3891 1049 3947 nosbam
1092 3889 1157 3948 tum
1167 3886 1223 3945 tait
1232 3893 1299 3946 ente
1312 3892 1350 3948 te.
1363 3908 1379 3945 a

252 3973 301 4030 hic
323 3971 498 4030 memoriam
514 3970 612 4042 juvet,
631 3968 720 4026 nobis
744 3970 776 4027 in
794 3967 970 4042 quotidiano
983 3976 1048 4032 tum
1128 3974 1161 4031 at
1171 3988 1252 4044 sana,
1261 3974 1431 4046 aitarens,
1446 3975 1590 4050 abyssum
1602 3975 1777 4048 ignorantie
1789 3980 1886 4039 noris.
1952 3993 1994 4040 el.

252 4053 387 4112 sacrificii
409 4055 516 4124 llisse,
539 4056 604 4110 tum
625 4052 769 4110 Horarum
781 4052 992 4112 canonicarum
1004 4055 1049 4115 ot·
1091 4057 1125 4114 lit
1137 4055 1228 4130 quid,
1242 4071 1362 4130 queso,
1376 4073 1439 4132 pree
1452 4058 1521 4129 ilai,
1539 4074 1601 4134 prs
1619 4059 1716 4133 angeli
1728 4061 1886 4137 sapientia,
1973 4099 1981 4110 -

251 4139 335 4208 ficio,
359 4139 399 4196 ita
419 4137 582 4194 Bibliorum
602 4149 730 4207 pensam
749 4133 960 4206 distribuit,ut
972 4153 1048 4212 quo·
1091 4139 1274 4198 asthominis
1286 4141 1482 4216 scientia‚qui
1495 4157 1621 4217 panon
1632 4146 1692 4204 ileo
1703 4145 1887 4219 didicit‚in·

250 4221 348 4279 tannis
367 4224 464 4278 totam
487 4217 703 4292 persolvamus.
728 4218 839 4276 Eodem
858 4218 964 4289 juvant
981 4224 1047 4281 tum
1090 4221 1175 4281 linita
1183 4225 1506 4297 ignoratttristotales,
1515 4231 1639 4286 etexeo
1648 4231 1772 4303 Seneca,
1786 4231 1888 4290 aiebat
1914 4243 2013 4302 targa.

249 4302 481 4376 alia,tum·pias
493 4301 543 4358 ille
562 4299 831 4360 Ecclesiasticorum
844 4302 1046 4375 ctlteligioso·
1090 4307 1209 4365 nullum
1219 4323 1362 4380 magnum
1374 4310 1527 4382 ingenium
1541 4311 1604 4370 sina
1618 4313 1747 4372 mixtura
1761 4315 1887 4374 demen-
1917 4315 2012 4354 ΜΨ

249 4402 318 4445 rum
330 4401 419 4458 usus,
433 4388 467 4443 at
478 4385 510 4442 in
519 4399 604 4441 omna
616 4387 645 4442 et
654 4383 782 4479 prandio
793 4385 833 4442 ad
842 4398 1047 4458 maneamne·
1089 4391 1138 4450 tim
1151 4391 1294 4464 attissa,
1308 4407 1363 4452 neo
1375 4399 1487 4468 potest,
1501 4397 1612 4470 inquit,
1630 4399 1743 4470 mande
1754 4400 1885 4475 aliquid,
1913 4367 2014 4488 Ξέξῗὲ

249 4473 305 4545 put
312 4469 455 4527 nimirum
466 4482 563 4524 unum
574 4483 591 4524 a
604 4465 900 4542 Riblnspraelegatur,
911 4475 939 4529 et
947 4470 1045 4545 prisco
1089 4479 1119 4533 et
1140 4491 1232 4550 supra
1251 4479 1370 4536 crebros
1390 4478 1490 4552 loqui,
1503 4480 1561 4537 nisi
1574 4483 1656 4538 mota
1669 4497 1753 4539 mens
1768 4501 1777 4539 ε
1792 4490 1887 4560 atque
1901 4493 2024 4540 merua

249 4561 368 4617 Petram
389 4571 473 4614 more
495 4553 556 4611 cibi
569 4554 784 4612 sacrishitteris
798 4557 984 4616 condiantur.
999 4557 1046 4616 Sic
1089 4559 1130 4618 ad
1150 4559 1209 4617 hoc
1226 4559 1412 4632 ebrietatem,
1436 4561 1491 4620 sad
1510 4579 1607 4621 raram
1631 4565 1743 4623 laudet.
1766 4569 1810 4624 lla
1826 4569 1888 4629 tibi

153 4705 155 4709 ,
248 4641 417 4700 'tridentina
425 4638 564 4713 synodus
579 4638 676 4698 statim
690 4639 775 4696 initio
788 4640 927 4698 sessionis
937 4644 958 4700 ll
970 4658 1045 4717 pree·
1088 4645 1219 4701 mentem
1231 4646 1389 4714 amenum,
1397 4645 1447 4701 vel
1459 4647 1629 4719 tremulis,
1639 4650 1686 4706 vel
1696 4649 1820 4723 insignis
1832 4667 1887 4710 cu·-

249 4726 331 4799 cipit,
340 4725 414 4782 utin
424 4724 639 4798 Episcoporam
648 4722 758 4783 mensis
770 4722 939 4780 divinarum
951 4727 1045 4800 Serip-
1085 4726 1196 4799 iusque
1208 4725 1329 4798 ingenii,
1338 4728 1519 4786 ataltlssima
1532 4730 1770 4806 philosophetur.
1785 4737 1887 4805 Quare

249 4813 382 4866 turarum
395 4808 482 4865 lectio
494 4806 702 4866 admisceatur.
712 4808 834 4879 insuper
842 4821 897 4864 nec
909 4809 1044 4868 omittant
1087 4808 1212 4883 pulchre
1233 4812 1262 4867 S.
1284 4810 1450 4870 bernardus
1462 4827 1551 4870 serm.
1567 4816 1602 4871 37
1615 4817 1775 4877 incurreras
1801 4823 1890 4879 ells-

248 4891 405 4963 theologi,
427 4891 514 4964 quod·
528 4889 768 4948 doctissimorum
781 4887 898 4961 legibus
911 4893 1044 4963 praescri-
1088 4907 1169 4952 cesse
1192 4897 1245 4963 est,
1267 4893 1374 4968 inquit,
1388 4899 1421 4954 at
1442 4896 1572 4968 cognitio
1586 4899 1654 4970 llei,
1674 4905 1704 4958 et
1716 4902 1888 4980 suiipsius,

248 4974 347 5046 bitur,
361 4978 394 5032 ut
406 4975 583 5049 quotidiana
595 4971 719 5032 lectione
731 4972 910 5046 Scripturam
923 4972 981 5032 sibi
1000 4974 1044 5036 ta·
1086 4977 1509 5053 praeeatsoientiamnostram3
1522 4983 1757 5042 seminatavobis
1766 4989 1808 5045 ed
1816 4987 1887 5060 jas-

248 5057 394 5116 miliarem
407 5057 542 5115 reddant.
1085 5060 1354 5132 tltiem,etmetite
1369 5077 1454 5136 spem
1466 5064 1662 5136 vita‚ettum
1677 5068 1800 5128 demum
1813 5071 1890 5132 illu·

282 5141 326 5196 lta
337 5141 365 5196 S.
380 5138 859 5211 augustinealihtlnenoetrmc
872 5139 1040 5211 casseaco,
1085 5143 1212 5203 minabit
1233 5159 1289 5203 vos
1307 5146 1409 5205 lumen
1431 5147 1573 5220 soieatiae;
1599 5151 1712 5210 adhoc
1732 5169 1804 5226 ergo
1818 5171 1888 5216 non

248 5237 315 5297 cap.
330 5234 377 5278 rx:
392 5225 450 5279 ala
459 5221 506 5278 his
518 5222 659 5280 omnihus
670 5221 770 5293 libris,
783 5222 892 5296 inquit,
906 5223 1042 5284 timentm
1085 5231 1163 5286 recte
1175 5227 1322 5301 proditur,
1337 5229 1394 5288 uisi
1404 5230 1522 5300 justitia
1542 5247 1663 5304 germen
1675 5225 1827 5308 praecedat
1841 5241 1889 5300 ad

248 5306 357 5377 Deum,
379 5308 408 5362 et
420 5305 527 5378 pietate
539 5305 687 5363 mansueti
700 5311 838 5379 quaerunt
856 5306 1041 5368 voluntatem
1084 5313 1228 5384 enimam,
1242 5329 1280 5370 ex
1292 5329 1355 5388 quo
1367 5313 1512 5374 formatur
1523 5333 1651 5390 manum
1661 5319 1740 5392 vitre,
1752 5335 1816 5378 aaa
1828 5338 1890 5397 ps·

248 5387 313 5457 θοις
336 5387 421 5460 eujus
445 5387 543 5461 oporte
564 5388 612 5446 vel
634 5387 746 5450 laboris
761 5390 860 5464 prima
873 5389 1040 5453 obsamstb
1084 5398 1132 5458 lea
1145 5400 1362 5494 gloriantes.
1374 5400 1531 5475 drogonus
1543 5401 1764 5476 pretetialib.
1778 5409 1886 5470 lloroa
1977 5488 1981 5492 ,
