4088 6032
659 521 661 526 Ι
716 384 1290 506 COMMENTARIA

294 873 1252 1074 PENTATEUCHUM
1326 883 1700 1078 MOSIS.

859 1239 1134 1278 m

792 1489 1194 1586 ARGUMENTUM.

208 1713 334 1788 liehraei,
346 1719 419 1774 teste
432 1717 459 1774 S.
471 1717 651 1790 Hieronymo
661 1717 693 1774 in
703 1719 829 1792 Prologo
843 1722 970 1793 galeato,
1014 1723 1106 1780 Porro
1122 1725 1213 1780 iloses
1224 1723 1374 1797 antiquior
1381 1721 1448 1794 luit,
1455 1725 1484 1780 et
1495 1725 1627 1798 tempore
1637 1723 1727 1796 longe
1734 1740 1811 1799 prae·

172 1803 217 1857 tot
236 1803 396 1857 numerant
417 1799 511 1857 libros
525 1801 553 1858 S.
575 1800 748 1874 Scripturas,
769 1808 842 1876 puta
865 1806 971 1862 veteris
1015 1807 1099 1863 cessit
1111 1822 1214 1864 omnes
1228 1808 1344 1864 Grreciae
1362 1811 1389 1864 et
1401 1806 1556 1864 Gentilium
1571 1807 1810 1883 sapientes‚puta

172 1883 360 1954 Testamenti,
370 1887 445 1957 quoi
457 1883 570 1942 habent
581 1885 638 1960 iiiii
650 1884 772 1956 litterae,
785 1893 857 1960 puta
867 1890 971 1962 viginti
1015 1891 1189 1962 ilcmcrum,
1216 1892 1395 1965 Hesiodum,
1419 1890 1580 1962 Thaletem,
1601 1892 1808 1970 Pythagoram,

173 1968 251 2025 duos
261 2008 273 2039 ,
284 1983 396 2041 eosque
410 1967 443 2025 in
454 1971 513 2024 tres
528 1967 634 2025 classes
648 1969 784 2027 dividunt
800 1990 807 2026 :
821 1971 925 2030 scilicet
939 1973 970 2030 in
1014 1975 1179 2045 Socratem,
1197 1979 1225 2032 et
1236 1976 1283 2032 his
1298 1975 1428 2032 seniores
1441 1975 1602 2048 Orpheum,
1620 1976 1734 2049 Linum,
1748 1979 1809 2036 llu-

171 2057 273 2118 ΠἹἹη
287 2053 376 2118 thero,
398 2051 431 2107 id
450 2056 494 2108 est
514 2055 621 2126 teqem:
640 2056 867 2122 tartarearum,
881 2056 912 2112 id
927 2061 970 2112 est
1013 2073 1118 2129 saeum,
1132 2059 1294 2128 Herculem,
1310 2058 1521 2130 AEsculapium,
1537 2059 1714 2132 Apollinem,
1732 2061 1807 2134 quin

171 2135 320 2206 propicior
336 2154 346 2193 r
370 2143 506 2198 minin:
520 2137 651 2203 tetulim,
666 2137 756 2194 idest
772 2140 968 2212 laptoprcpiso.
1012 2143 1041 2196 et
1055 2140 1154 2214 ipsum
1165 2141 1337 2198 Mercurium
1352 2139 1589 2212 trismegistum,
1603 2141 1656 2216 qul
1670 2143 1806 2200 omnium

170 2221 267 2279 l'hora
280 2221 342 2279 sive
355 2221 403 2280 lex
416 2221 621 2296 complectitur
634 2225 862 2282 Pentateuchum
873 2268 882 2295 ,
895 2230 969 2300 puta
1011 2221 1067 2280 luit
1086 2224 1318 2298 antiquissimus.
1338 2223 1388 2281 iilo
1409 2223 1488 2282 enim
1504 2221 1661 2281 Mercurius
1683 2226 1805 2284 Trisme·
1817 2231 1926 2278 ucece-

170 2307 316 2381 Genesim,
328 2307 476 2380 Exodum,
488 2307 658 2380 Ledaeum,
670 2311 814 2370 Numeros
829 2315 857 2368 et
866 2312 969 2369 Deute-
1011 2305 1115 2378 gistus,
1129 2308 1204 2366 aits.
1216 2307 1466 2379 Augustinus,llh.
1474 2310 1551 2366 xviii
1564 2311 1601 2366 lie
1612 2309 1694 2367 crois
1704 2327 1803 2384 rum,
1817 2292 1926 2397 '‘effi‘'

169 2393 354 2462 ronomium,
369 2391 422 2466 qui
435 2391 476 2448 ite
489 2407 580 2450 nona
592 2394 680 2465 Mose,
693 2395 798 2451 nivali
809 2394 902 2462 Philo,
915 2395 967 2456 sed
1011 2405 1105 2464 nepos
1113 2391 1169 2450 luit
1179 2392 1300 2465 majoris
1309 2391 1459 2462 ilercurli,
1472 2393 1558 2465 cuius
1568 2397 1719 2453 maternus
1730 2411 1804 2454 avers
1830 2386 1911 2458 esve}

168 2491 187 2531 a
207 2476 396 2554 Septuaginta
418 2476 627 2553 interpretibus
648 2477 736 2539 divisi
756 2481 784 2536 et
805 2479 968 2553 nuncupati
1011 2476 1804 2554 Atlasastrolcgus,etaequallePromethel‚eotempore
1823 2475 1915 2521 *1¹¹³st-

168 2562 238 2616 sunt
245 2602 254 2632 ,
269 2575 338 2622 cum
352 2562 439 2617 antea
452 2575 530 2618 unus
545 2564 621 2618 essct
634 2560 709 2620 liber
723 2561 807 2634 legis.
1009 2557 1187 2634 floruitque
1207 2559 1280 2618 vixit
1297 2562 1401 2618 lloses.
1419 2559 1472 2617 Ubi
1486 2561 1604 2619 adverte
1618 2565 1716 2620 lieren
1730 2567 1804 2622 Pen-

202 2643 363 2722 i’rophetas
375 2642 509 2720 duplices
517 2647 686 2716 numerant,
701 2645 817 2720 priores
827 2648 856 2702 et
870 2649 968 2718 poste·
1008 2645 1179 2700 teteuchum
1192 2643 1364 2717 simpliciter
1376 2643 1595 2718 conscripsisse,
1609 2661 1663 2719 per
1679 2647 1804 2706 modum

164 2725 259 2784 rlores
276 2727 415 2804 :priores
427 2731 536 2786 vocant
555 2730 660 2800 iosue,
675 2728 831 2800 iudicum,
846 2730 924 2787 Ruth
938 2733 967 2786 et
1009 2727 1096 2784 dlaril
1109 2727 1157 2785 rel
1169 2728 1337 2802 annaliumr
1351 2731 1438 2786 losue
1453 2735 1573 2800 umen,
1586 2729 1634 2786 vel
1654 2745 1745 2803 quem
1766 2732 1803 2790 si·

165 2815 297 2886 quatuor
324 2811 418 2871 libros
443 2815 574 2888 semim,
605 2813 784 2894 posteriores
814 2821 967 2872 recensent
1008 2811 1110 2870 milem
1123 2813 1245 2870 eosdem
1259 2812 1315 2870 hos
1328 2810 1414 2871 ilcsis
1427 2811 1592 2870 annalesin
1606 2813 1744 2872 ordinem
1758 2816 1802 2872 di·

164 2895 288 2970 lsalam,
303 2896 473 2975 ieremlem,
487 2895 666 2960 Ezechielem
679 2901 710 2955 et
728 2897 888 2958 duodeoim
907 2899 965 2956 ml·
1008 2897 1143 2969 gessisse,
1158 2895 1340 2967 distinxisse,
1353 2899 1382 2953 et
1401 2894 1558 2978 sententies
1570 2896 1730 2954 nonnullas
1751 2900 1805 2956 ad-

165 2996 255 3040 nores
265 2983 440 3057 prophetas.
1008 2980 1118 3038 didisse
1130 2985 1159 3039 et
1172 2979 1340 3039 intexulsse.
1355 2979 1400 3037 sio
1413 2977 1536 3037 enimin
1549 2978 1608 3038 flne
1624 2983 1803 3039 Deuterono-

200 3066 409 3140 llegiographa
421 3069 580 3124 numerant
592 3065 648 3123 iob
656 3107 666 3137 ,
679 3063 833 3137 Psalmos,
844 3067 964 3124 Prover-
1007 3065 1061 3121 mii
1074 3082 1155 3123 mors
1169 3063 1255 3124 llosis
1263 3106 1273 3136 ,
1290 3077 1327 3121 eo
1340 3063 1444 3137 utique
1459 3065 1595 3134 mortuo,
1610 3079 1629 3120 a
1649 3065 1737 3124 iosue
1755 3066 1802 3123 vel

164 3149 232 3220 bia,
247 3150 453 3216 ecclesiasten,
471 3150 624 3214 Canticum
637 3149 846 3220 umerorum,
862 3149 965 3214 iianie·
1007 3147 1067 3208 alio
1086 3149 1230 3222 quopiam
1253 3147 1374 3206 additur
1392 3150 1422 3206 et
1445 3146 1631 3205 describitur.
1646 3147 1691 3206 Sic
1706 3165 1802 3208 ncne
1909 3187 1911 3194 ,

165 3231 237 3305 lem,
251 3233 346 3292 libros
360 3233 617 3310 Paralipomenon,
632 3234 756 3290 Esdram
774 3237 803 3289 et
815 3234 927 3291 Esther.
1007 3235 1095 3303 ldoee,
1108 3233 1161 3290 sed
1172 3231 1211 3290 ab
1225 3231 1284 3290 alio
1293 3230 1449 3306 quopiam,
1459 3237 1491 3287 ut
1504 3231 1631 3303 ridetur,
1640 3231 1706 3289 laus
1717 3249 1801 3292 men·

69 3323 134 3378 erge
201 3316 432 3387 Pentateuchus,
447 3317 480 3374 ld
493 3322 536 3374 est
555 3317 731 3395 quintuplex
748 3317 807 3374 hcc
820 3316 963 3375 volumen
1006 3315 1171 3374 suetudinis
1190 3315 1276 3374 llosis
1296 3315 1450 3372 intertexta
1472 3318 1516 3372 est
1531 3315 1616 3374 lium.
1631 3329 1672 3374 xrs
1682 3358 1691 3387 ,
1713 3319 1740 3374 s.
1756 3319 1801 3376 Sio

58 3391 145 3429 Μ
165 3401 317 3471 mosterot
327 3399 489 3462 chronicon
503 3399 618 3458 mundi.
633 3403 701 3472 Ejus
713 3401 792 3458 enim
805 3416 963 3472 argumen·
1007 3398 1101 3456 (icum.
1120 3413 1184 3470 xrs,
1198 3402 1247 3469 ib,
1269 3398 1341 3456 urbs
1355 3397 1418 3455 Lais
1435 3401 1558 3454 vocatur
1570 3401 1649 3467 Dan,
1664 3415 1733 3458 cum
1748 3402 1800 3458 diu

53 3445 155 3552 fflssf‘u'
164 3489 229 3542 tum
244 3489 287 3541 est
296 3489 394 3542 texere
402 3483 556 3543 historiam
567 3487 597 3541 ct
609 3483 834 3558 chronologiam
843 3486 961 3556 mundi,
1004 3486 1074 3557 post
1086 3486 1223 3560 tempora
1234 3483 1319 3542 liceis
1333 3487 1439 3540 vocate
1452 3482 1490 3539 sit
1502 3485 1679 3558 numquam
1688 3501 1799 3544 nomen

163 3585 199 3626 ao
212 3573 295 3641 gesta
306 3568 541 3642 patriarchamm
554 3585 573 3625 a
584 3567 682 3644 prima
695 3568 800 3625 mundi
815 3569 961 3626 creatione
1004 3570 1067 3623 lico
1080 3566 1121 3624 ibi
1136 3583 1192 3640 pro
1210 3569 1274 3624 buis
1292 3566 1485 3623 substitutum
1508 3570 1567 3636 est,
1589 3581 1650 3623 non
1663 3583 1683 3624 a
1700 3570 1798 3641 iosus,

161 3671 259 3730 usque
279 3655 320 3711 ad
333 3658 459 3710 mortem
480 3653 577 3710 iiosis.
599 3655 631 3709 ln
644 3652 747 3710 Genesi
766 3652 846 3709 enim
868 3657 961 3710 ilosee
1004 3649 1057 3706 sed
1075 3649 1114 3708 eh
1128 3649 1186 3706 alio
1201 3649 1253 3722 qui
1266 3650 1412 3722 posterius
1425 3649 1509 3706 vixit.
1528 3651 1573 3706 Sic
1586 3652 1669 3710 Num.
1682 3665 1743 3721 ιιι,
1758 3651 1798 3710 ah

158 3737 287 3810 pertenit
305 3753 324 3793 a
342 3734 491 3810 principle
505 3737 684 3794 creationem
705 3736 821 3807 mundi,
836 3741 864 3794 et
880 3739 961 3810 gesta
1003 3731 1063 3790 alic
1073 3733 1181 3807 pariter
1191 3733 1286 3791 additi
1297 3737 1366 3790 sunt
1378 3749 1456 3790 vers.
1466 3735 1567 3804 iaie,
1576 3735 1622 3792 ti.
1633 3735 1697 3791 Pari
1706 3738 1797 3793 modo

158 3821 277 3891 adami,
292 3823 368 3890 livae,
382 3823 453 3890 Noe,
468 3820 603 3890 abrahe,
618 3822 708 3889 isaac,
723 3818 824 3876 iacobi
839 3823 867 3876 ct
885 3817 960 3877 ello·
1003 3822 1091 3876 iosue
1106 3835 1186 3876 mors
1208 3818 1248 3876 ab
1268 3817 1327 3876 alio
1348 3817 1450 3876 addita
1469 3821 1529 3888 est,
1549 3821 1629 3876 icccc
1644 3833 1710 3892 cap.
1730 3821 1795 3891 uit,

157 3921 228 3961 rum
248 3905 403 3978 usquead
426 3907 553 3960 mortem
576 3903 706 3976 iosephi.
726 3905 759 3960 ln
774 3904 878 3960 Exodo
894 3919 960 3976 per-
1001 3917 1078 3959 vers.
1090 3905 1137 3960 29.
1153 3901 1217 3959 Pari
1230 3901 1321 3958 modo
1335 3900 1493 3974 prophetis
1507 3902 1638 3958 ieremirs
1651 3918 1670 3959 a
1683 3905 1796 3960 Baruch

156 3987 341 4045 secutionem
368 3987 549 4058 Pharaonis,
572 3987 702 4060 indeque
724 3987 826 4044 decem
854 3988 958 4060 plagae
1002 3985 1124 4056 digesta,
1138 3989 1167 4042 et
1180 3987 1212 4041 in
1225 3984 1361 4042 ordinem
1375 3984 1494 4043 redacta
1509 3989 1568 4054 est,
1583 3986 1626 4041 uti
1640 3986 1795 4044 ostendam

155 4071 291 4152 AEgyptl,
315 4086 465 4144 egressum
488 4069 678 4127 liebraeorum
704 4085 740 4126 ex
761 4072 906 4143 AEgypto,
930 4075 958 4127 et
1000 4068 1173 4141 prelatione
1193 4069 1224 4124 in
1249 4067 1414 4124 teremiam.
1433 4068 1478 4126 Sic
1501 4073 1529 4125 et
1550 4069 1702 4141 parabolas
1716 4071 1795 4129 Salo·

155 4153 425 4232 peregrinationem
442 4169 497 4227 per
510 4154 681 4223 desertum3
701 4152 755 4209 ubl
774 4153 805 4209 in
819 4153 887 4210 Sino
907 4155 957 4212 de·
1000 4152 1109 4222 monis,
1125 4167 1187 4208 non
1200 4150 1238 4207 ab
1253 4151 1330 4225 ipso,
1344 4151 1398 4207 scd
1411 4151 1449 4207 ab
1464 4151 1539 4222 aliis,
1555 4169 1592 4208 ex
1603 4153 1667 4224 eius
1679 4154 1794 4228 scriptis

155 4237 295 4310 calogum
316 4241 495 4311 ceterasque
514 4238 593 4308 leges
613 4239 703 4294 alico
722 4243 908 4309 acceperunt.
925 4240 956 4295 ln
999 4239 1145 4306 congestas
1158 4239 1186 4290 et
1199 4235 1319 4304 digestae
1334 4239 1420 4304 sunt,
1434 4237 1467 4290 nt
1489 4239 1569 4308 patet
1589 4239 1792 4308 Pecc.11v,l.

154 4320 282 4378 Levitico
298 4321 506 4378 describuntur
520 4337 603 4378 secra
619 4325 646 4377 et
663 4319 820 4391 sacrificia,
836 4321 894 4378 cibi
906 4337 956 4378 vc-
999 4321 1089 4375 Porro
1098 4318 1262 4375 iloscshrec
1275 4318 1382 4390 partim
1392 4318 1559 4388 traditione,
1573 4320 1682 4392 partim
1694 4321 1794 4383 divim

153 4401 304 4474 titi‚lesta,
316 4403 426 4483 aliique
434 4403 517 4474 ritus,
528 4403 718 4460 lustrationes
725 4406 753 4460 ct
760 4405 953 4476 caeremonia,
997 4403 1188 4472 revelatione,
1203 4401 1311 4475 partim
1327 4400 1440 4458 oculari
1457 4401 1638 4475 inspectione
1652 4403 1754 4461 didicit
1766 4410 1794 4464 et

153 4493 215 4544 tam
237 4487 346 4562 popuii
367 4503 460 4562 quam
481 4489 672 4546 sacerdotum
685 4492 715 4544 et
732 4487 907 4544 heritarum.
922 4493 954 4545 in
997 4487 1126 4559 accepit:
1140 4501 1210 4542 narn
1222 4499 1289 4558 qnae
1300 4485 1331 4539 in
1344 4483 1458 4555 Exodo,
1470 4486 1609 4557 Levitico,
1621 4488 1754 4552 ilumeris
1764 4492 1794 4546 et

152 4571 289 4628 ilumeris
297 4575 470 4628 numeratur
478 4570 622 4644 populus,
631 4570 781 4646 principes
796 4575 824 4628 et
836 4572 952 4644 Levites,
997 4569 1225 4626 Deuteronomio
1250 4571 1362 4639 narrat,
1381 4583 1417 4626 ea
1438 4583 1567 4642 praesens
1588 4569 1651 4644 ipse
1669 4570 1745 4628 vidit
1764 4576 1794 4629 et

153 4655 224 4711 item
244 4653 443 4728 quadraginta
463 4654 530 4712 dum
554 4654 724 4710 mansiones
744 4653 952 4726 liebroeorum,
997 4653 1095 4724 gessit.

152 4753 415 4818 eorumqneaeque
428 4753 464 4796 ao
477 4738 526 4795 liei
540 4737 666 4809 gestain
680 4737 816 4807 dosert03
831 4738 953 4812 insuper
1033 4743 1105 4797 Nota
1127 4739 1251 4796 mecedo
1278 4739 1398 4814 Scripsit
1423 4739 1560 4800 Genesim
1585 4742 1699 4814 lloses,
1721 4757 1791 4801 cum

151 4824 321 4878 recensetur
334 4820 491 4896 prophetia
502 4821 632 4889 Balaam,
645 4835 680 4876 ac
689 4819 805 4877 bellum
818 4820 953 4880 liebraec-
995 4823 1065 4880 exul
1079 4827 1178 4894 ageret
1190 4821 1222 4884 in
1236 4822 1362 4894 hladlan,
1375 4824 1467 4881 smus
1483 4839 1519 4893 u,
1535 4826 1580 4896 iti,
1595 4825 1635 4882 ait
1648 4825 1790 4900 Perarius,

151 4921 220 4963 rum
238 4921 309 4963 cum
329 4904 501 4963 Medianitis.
528 4905 804 4974 deuteronomium,
821 4905 882 4964 sivo
907 4922 951 4962 se·
994 4908 1086 4980 idque
1100 4908 1139 4964 ed
1152 4905 1385 4964 consolationem
1405 4906 1606 4980 liebrreorum,
1621 4909 1675 4984 qui
1693 4909 1725 4967 ln
1741 4913 1791 4969 it-

151 4991 251 5048 cunda
265 4989 327 5062 lex,
337 4988 441 5064 repetit
453 4992 483 5046 et
495 4988 623 5045 inculcat
637 4986 763 5044 ltebrsels
775 4988 855 5059 leges
865 4993 951 5046 antea
995 4995 1087 5064 gypto
1102 5007 1120 5047 a
1133 4990 1284 5047 Pharaone
1297 4989 1555 5064 opprimebantur.
1564 4993 1671 5050 verum
1684 4993 1790 5052 melius

151 5075 185 5132 in
197 5075 317 5146 Exodo,
342 5073 469 5132 Levitico
483 5077 513 5130 et
532 5072 665 5130 ilumeris
679 5089 699 5130 a
711 5075 771 5130 lieo
784 5089 838 5146 per
852 5077 950 5131 llosen
994 5074 1124 5131 sentiunt
1136 5074 1348 5144 Theodoretus,
1358 5075 1437 5132 Beda
1450 5077 1480 5132 et
1490 5075 1625 5138 Tesmine
1636 5077 1665 5152 (a
1678 5077 1790 5151 quibus

96 5151 102 5160 '
154 5159 248 5220 datas.
993 5174 1056 5216 non
1069 5158 1203 5215 dissentit
1213 5157 1368 5229 Eusebius,
1378 5156 1485 5216 lib.Vll
1495 5161 1534 5216 lie
1543 5161 1669 5232 l’roepcr.
1678 5175 1745 5236 oep.
1755 5177 1787 5232 n,

65 5243 143 5292 seer
189 5245 262 5301 licta
273 5247 374 5316 primo.
394 5241 703 5301 suctorl‘entateuchi
720 5243 870 5300 estlioses
885 5259 894 5300 ι
907 5243 949 5302 ita
992 5242 1017 5299 si
1030 5241 1192 5316 verbaejus
1201 5245 1334 5302 accurate
1342 5239 1785 5316 expendanturitamtlenesim,
1817 5234 1886 5312 ΜΨ

44 5299 112 5350 ¹¹²
155 5328 262 5386 docent
278 5343 382 5384 omnes
395 5327 486 5384 Grrecl
498 5328 527 5384 et
541 5326 644 5397 Latini,
653 5325 715 5383 imo
729 5327 793 5401 ipse
806 5325 947 5399 Christus,
992 5341 1085 5402 quam
1101 5330 1232 5400 quatuor
1244 5329 1400 5399 sequentes
1418 5325 1545 5386 librora
1564 5328 1642 5386 llose
1662 5327 1786 5402 scriptos
1798 5305 1905 5406 ,2⁹¹1ss

153 5417 187 5465 ut
205 5415 285 5484 patet
305 5413 384 5467 lomi.
399 5427 420 5480 r,
435 5415 469 5467 Π
483 5415 512 5467 ct
524 5413 578 5480 ⁴5i
598 5413 677 5468 icoc.
694 5425 723 5481 v,
741 5413 792 5482 se,
817 5416 845 5470 et
864 5413 946 5471 alibi.
993 5430 1054 5470 esse
1068 5411 1135 5485 post
1149 5423 1299 5480 egressum
1313 5407 1501 5466 llshreeorum
1516 5426 1552 5467 ex
1566 5414 1702 5484 egypto,
1717 5427 1784 5468 oum
1805 5419 1896 5468 deero.
