4020 6026
908 593 961 657 Vl.

714 755 752 809 Dc
769 751 949 809 Pentateucho
966 751 1152 809 sementem.

154 917 355 984 samaritanis
368 917 558 983 Palaestinam
574 917 778 982 incolentibus
792 935 865 981 suus
881 925 945 996 est,
957 933 1020 980 non
1034 933 1120 980 secus
1139 935 1174 980 ac
1185 915 1296 980 iudeis
1310 915 1441 992 catoris,
1462 914 1601 979 hebraice
1615 913 1746 996 scriptus

117 1017 348 1096 Pentamuchus,
363 1017 586 1080 characteribus
599 1017 651 1078 ille
663 1017 816 1079 retenbns
831 1015 995 1078 Phoeniciis
1006 1021 1156 1077 exaratus.
1168 1017 1209 1076 De
1218 1015 1307 1094 cujus
1318 1018 1404 1075 atate
1413 1012 1580 1091 acorigine,
1594 1011 1746 1092 undcpri-

117 1129 202 1174 mum
215 1112 355 1191 haustus,
368 1121 400 1177 et
408 1132 445 1177 ex
459 1114 569 1195 quibus
578 1113 731 1177 codicibus
744 1113 785 1176 sit
796 1112 978 1193 descriptus,
991 1112 1125 1174 multum
1138 1117 1169 1172 et
1181 1109 1264 1172 varie
1276 1116 1323 1172 est
1332 1109 1540 1188 disceptatum.
1555 1111 1634 1174 Sunt
1644 1115 1746 1172 numm

115 1303 284 1359 dorisaltem
303 1305 424 1375 potuisse
439 1305 515 1361 haud
530 1305 582 1361 erit
595 1305 757 1375 negandum
765 1323 773 1374 3
781 1304 861 1370 itam,
871 1304 895 1358 si
908 1302 1073 1373 compilator
1081 1317 1157 1358 unus
1167 1301 1213 1357 his
1226 1299 1333 1370 scriptis
1346 1299 1429 1370 plura
1440 1299 1505 1354 addi
1517 1299 1648 1371 potuerit,
1658 1301 1747 1359 alium

116 1399 145 1440 ιι
157 1384 193 1442 iis
206 1385 318 1457 aliquid
331 1403 476 1449 resecasse.
491 1389 601 1445 credere
612 1388 675 1459 quis
689 1389 783 1444 vetati
797 1387 919 1445 Cuilibet
934 1385 1091 1458 hypothesi,
1107 1393 1138 1440 ut
1152 1391 1236 1458 patet,
1251 1390 1329 1456 porta
1342 1384 1432 1439 datur.
1447 1383 1518 1454 Ergo
1533 1385 1669 1442 sententis
1684 1402 1748 1458 quaa

116 1475 173 1538 post
185 1469 280 1526 llosen
293 1469 486 1538 Pentateuchi,
505 1471 596 1542 qualis
609 1487 685 1526 nuuc
696 1477 802 1540 exstat,
816 1469 993 1540 scriptionem
1010 1469 1129 1540 reponit,
1144 1468 1260 1524 omuino
1271 1467 1433 1540 periculosa,
1449 1466 1597 1524 temeraria
1607 1473 1636 1525 et
1645 1469 1747 1526 fatho-

2 1624 6 1637 ,
115 1551 174 1608 dcis
185 1553 341 1624 rejicienda
355 1559 405 1608 est.
421 1555 461 1610 lta
474 1555 575 1610 Walta.

146 1637 216 1694 Nota
229 1639 269 1692 5⁰.
286 1638 442 1694 ltichardus
457 1639 571 1707 Simon,
587 1639 707 1694 Histoire
721 1640 784 1693 crit.
799 1637 838 1692 da
862 1638 890 1692 V.
909 1637 949 1704 T,
966 1638 1017 1693 lib.
1035 1638 1057 1706 l,
1073 1653 1134 1708 cap.
1151 1651 1182 1705 n,
1197 1652 1225 1706 p.
1243 1639 1293 1704 tc,
1308 1634 1473 1706 conjectavit
1486 1633 1579 1691 llosen
1591 1649 1649 1690 uon
1662 1636 1748 1708 scrip-

115 1719 188 1790 sisse,
200 1721 256 1776 uisi
271 1720 357 1791 leges,
372 1721 517 1776 historiam
531 1738 595 1778 vero
611 1721 725 1776 notariis
742 1720 877 1792 puhlicis,
892 1721 942 1792 qui
955 1721 1095 1792 prophotas
1110 1719 1175 1774 dicti
1190 1718 1303 1788 tuerint,
1318 1717 1493 1774 scribendam
1507 1717 1662 1789 reliquisse.
1680 1719 1748 1776 lies-

115 1803 215 1876 pondet
232 1804 324 1860 Jahn:
339 1822 354 1855 ιι
368 1803 395 1875 a)
412 1803 506 1874 Stylus
529 1821 576 1876 pro
596 1805 681 1859 variis
700 1805 871 1860 diversorum
894 1809 1039 1860 auctorum
1058 1803 1165 1874 scriptis
1186 1802 1275 1872 magis
1295 1803 1423 1858 variaret.
1441 1800 1467 1873 h)
1485 1801 1589 1858 Notarii
1610 1804 1748 1875 propheta

115 1902 260 1958 nunquam
279 1895 553 1956 commemorantur,
569 1903 619 1943 nac
640 1888 801 1956 genealogi,
823 1888 931 1958 proprie
954 1887 1068 1965 scribe,
1085 1901 1212 1957 unquam
1235 1886 1349 1941 nomine
1364 1886 1560 1957 prophetarum
1581 1886 1746 1946 salutantur.

115 1970 176 2027 Esto
189 1978 298 2040 sutem,
310 1970 335 2042 c)
347 1977 380 2025 ιι1
391 1970 421 2025 hi
434 1971 573 2041 quapiam
585 1970 818 2040 consignaverint,
832 1971 886 2039 uti,
897 1987 922 2026 e.
938 1987 966 2041 g.
982 1971 1108 2026 tabulam
1123 1975 1296 2039 receptarum
1311 1969 1433 2041 partium
1447 1969 1638 2037 tabernaculi,
1657 1971 1747 2029 Emcd.

114 2067 202 2122 mm,
217 2068 309 2122 ιιιιι,
324 2054 482 2123 catalogum
498 2054 595 2126 populi
608 2061 636 2110 et
651 2055 821 2124 Levitarum,
838 2060 927 2110 castra
940 2061 968 2110 ι1
978 2054 1087 2110 ordines
1099 2053 1299 2122 llebrmorum,
1314 2053 1387 2108 dona
1400 2052 1568 2125 principum,
1586 2055 1670 2111 Num.
1685 2072 1747 2128 pas-

115 2137 178 2205 sim,
191 2143 220 2192 et
238 2137 380 2208 quaepiam
394 2137 469 2206 alia,
487 2153 607 2207 quorum
626 2138 715 2210 stylus
737 2145 799 2192 acta
818 2139 930 2209 publica
951 2137 1072 2208 redolat3
1089 2138 1173 2194 tiosos
1191 2143 1286 2193 tamen
1305 2153 1338 2193 ca
1358 2138 1524 2207 acceptando
1540 2138 1608 2194 iecit
1627 2155 1687 2196 sua.
1710 2141 1747 2196 Er

115 2219 285 2292 quibusdam
298 2227 394 2276 autem
410 2219 477 2275 locis
487 2230 611 2293 apparet,
622 2224 713 2278 Mosen
728 2237 943 2293 nonnunquam,
958 2237 1036 2276 more
1050 2221 1119 2276 olim
1128 2221 1208 2277 valde
1219 2222 1331 2291 usitato,
1343 2222 1458 2278 notariis
1471 2222 1596 2280 dictasse.
1611 2224 1746 2296 Denique,

114 2301 144 2375 d)
155 2308 245 2359 castra
259 2303 468 2373 lsraelitamm,
482 2311 566 2375 atque
577 2305 645 2360 adeo
664 2305 812 2375 historica,
827 2311 895 2362 teste
915 2305 975 2361 loco
992 2305 1075 2359 Num.
1091 2319 1191 2374 ιιιιιι,
1204 2307 1232 2373 1,
1250 2320 1268 2360 a
1284 2307 1356 2362 diosa
1372 2305 1525 2376 conscripta
1538 2305 1660 2363 fuerunt.
1679 2307 1747 2376 Qua

114 2386 146 2442 ll.
161 2385 262 2442 Simon
273 2386 388 2457 pmtulit
402 2385 444 2441 tt.
458 2387 580 2459 losephi,
597 2387 787 2444 Rabbinorum
801 2395 828 2443 at
848 2388 963 2444 Petrum
982 2387 1109 2443 Ecclesia
1123 2387 1194 2457 loca,
1209 2402 1261 2444 neo
1281 2387 1394 2444 edicunt
1407 2403 1470 2458 quea
1488 2388 1550 2443 vult
1567 2389 1664 2446 Simon
1671 2431 1682 2461 ,
1696 2406 1747 2448 neo

3 2475 4 2540 ξ
113 2469 219 2528 iactum
231 2477 291 2525 tam
301 2469 452 2540 antiquum
466 2472 612 2526 contestari
625 2478 749 2543 possunt.
764 2490 779 2526 a

3 2561 4 2580 ¹
145 2556 218 2612 llots
231 2558 271 2610 4⁰.
290 2555 493 2612 pentateuchus
507 2570 564 2610 non
579 2554 634 2610 iuit
647 2555 767 2612 relictus.
780 2585 812 2596 -·
823 2556 845 2611 l.
858 2556 1031 2624 Argumenta
1041 2570 1105 2627 qum
1121 2553 1272 2623 relictionl,
1284 2552 1316 2609 in
1331 2568 1541 2627 quamcumque
1559 2561 1670 2614 eccam
1684 2558 1747 2630 reji-

112 2639 210 2703 ciatur,
221 2639 350 2695 obstant:
365 2637 392 2710 u)
408 2656 425 2691 a
438 2637 469 2693 Si
481 2653 551 2711 opus
567 2638 646 2694 ltosis
660 2639 759 2694 fuisset
778 2639 914 2708 relicuum,
940 2639 1046 2693 indoles
1061 2638 1164 2706 lingum
1180 2643 1205 2692 et
1221 2637 1287 2709 styli
1303 2637 1485 2693 recentiorem
1499 2645 1606 2709 saperet
1618 2645 1746 2710 aetatem,

112 2724 319 2782 offenderentur
328 2721 424 2790 verba,
434 2736 496 2792 que
507 2722 539 2777 in
547 2721 746 2778 recentioribus
758 2723 888 2793 operibus
897 2721 979 2777 obvia
988 2729 1054 2776 sunt
1058 2740 1068 2792 3
1079 2722 1164 2776 verba
1173 2727 1268 2776 autem
1279 2721 1465 2777 Pentateucho
1476 2721 1637 2794 peculiaria,
1647 2725 1747 2781 saltem

112 2807 256 2880 pleraque,
268 2804 456 2861 starchaismi
469 2812 587 2861 cssenta
601 2805 724 2862 redolere
742 2805 881 2861 eliminati
888 2823 898 2875 ;
914 2820 980 2860 nam
994 2808 1053 2861 haec
1066 2805 1163 2860 omnia
1176 2803 1304 2860 minutiis
1319 2805 1460 2875 deputata,
1476 2821 1527 2862 uec
1537 2808 1607 2864 adeo
1627 2809 1747 2866 studiose

113 2897 207 2948 curata
220 2888 350 2945 inissem.
365 2887 559 2945 characterem
570 2889 646 2945 huno
660 2889 726 2960 styli
739 2889 784 2944 his
798 2888 877 2945 libris
886 2897 915 2944 et
927 2888 1067 2960 imprimis
1081 2889 1291 2946 Deuteronomio
1304 2889 1400 2945 nullus
1413 2890 1586 2961 imprimere,
1596 2893 1693 2948 nullus
1708 2893 1748 2949 ite

113 2981 185 3032 totus
202 2988 353 3046 personam
366 2973 447 3030 llosis
460 2973 586 3044 induere,
596 2981 679 3046 atque
688 2973 741 3029 hac
750 2973 854 3030 ratione
864 2973 898 3030 ad
910 2974 1045 3045 populum
1057 2973 1086 3028 iu
1100 2973 1157 3028 illis
1165 2973 1305 3045 adjunctis
1314 2973 1495 3030 constitutum
1510 2973 1588 3046 loqui
1603 2976 1745 3045 potuisset.

112 3057 138 3128 b)
151 3057 346 3128 Quiscumque
358 3056 459 3128 scripta
472 3059 553 3113 llosls
563 3057 703 3114 reduxisse
714 3062 868 3114 statuatur:
886 3062 910 3112 l.
921 3073 979 3112 non
993 3057 1136 3129 quaelibet,
1149 3057 1192 3112 uti
1203 3057 1235 3112 in
1252 3056 1340 3112 diario
1354 3056 1416 3113 fieri
1430 3057 1515 3126 solet,
1529 3065 1612 3129 prout
1623 3065 1746 3130 tempore

113 3158 170 3200 sese
182 3141 372 3212 excipiebant,
388 3141 565 3212 digessisset,
579 3149 612 3198 ut
623 3146 684 3214 jam
702 3141 797 3212 leges,
808 3145 869 3213 y'am
884 3148 978 3211 gesta,
987 3144 1048 3211 jam
1062 3141 1228 3197 monitiones
1242 3141 1374 3210 referret;
1388 3145 1416 3196 2.
1433 3155 1484 3197 nec
1506 3140 1580 3212 leges
1599 3142 1746 3212 quospiam

114 3226 191 3282 toties
204 3223 380 3297 repetiisset,
401 3226 509 3298 quoties
524 3227 706 3299 promulgataa
725 3225 839 3282 inerunt
845 3243 854 3295 3
866 3231 916 3280 aut
928 3225 955 3280 b.
971 3224 1069 3280 saltem
1084 3226 1168 3294 leges,
1183 3239 1247 3295 quaa
1262 3225 1292 3279 in
1317 3223 1528 3281 Deuteronomio
1545 3231 1701 3295 mutantur,
1715 3224 1746 3282 in

114 3309 252 3384 prioribus
264 3307 420 3380 omisisset;
433 3325 523 3382 nequa
542 3311 627 3367 etiam
650 3313 678 3366 t.
693 3316 755 3381 post
774 3315 900 3365 accurate
918 3307 1083 3379 descriptam
1102 3307 1222 3363 formam
1240 3305 1411 3364 tabernaculi
1426 3313 1455 3364 ct
1475 3307 1604 3364 omnium
1623 3309 1745 3380 partium

113 3394 347 3465 modulumque,
362 3409 476 3464 ιιιιιιιι,
490 3410 580 3466 quum
593 3394 689 3451 omnia
703 3399 798 3466 parata
814 3392 942 3461 fuissent,
956 3399 1045 3448 totam
1059 3391 1139 3447 illam
1153 3392 1294 3447 minutam
1313 3389 1526 3462 descriptionem
1538 3391 1668 3448 omnium
1682 3407 1745 3464 par-

5 3515 6 3518 =
113 3479 186 3536 dnm
199 3475 372 3550 repetiisset:
386 3477 443 3535 tale
455 3479 585 3550 quidhoc
600 3479 706 3534 ratione
720 3477 838 3534 scribere
848 3481 877 3533 et
891 3481 1013 3548 repetere
1027 3491 1083 3531 non
1098 3473 1187 3546 potuit
1199 3475 1254 3531 nisi
1269 3474 1357 3547 isqui
1373 3475 1492 3547 scripsit,
1504 3477 1638 3534 cumbae
1650 3477 1746 3534 omnia

114 3561 287 3620 conficienda
301 3561 464 3630 mandabat,
475 3568 503 3617 et
516 3577 581 3618 cum
595 3576 629 3618 ea
642 3559 766 3618 coniecta
776 3559 935 3632 recipiebat,
948 3559 1021 3614 utin
1036 3559 1154 3630 publicis
1165 3563 1290 3614 actorum
1300 3557 1508 3615 commentariis
1518 3558 1579 3617 fieri
1593 3561 1745 3618 consuevit.

112 3650 137 3718 cl
151 3647 281 3718 inopere
294 3644 371 3716 quod
382 3644 435 3700 sub
449 3646 562 3714 havide,
577 3651 627 3702 aut
645 3644 790 3700 recentiori
804 3649 884 3699 atate
901 3642 997 3700 luisset
1010 3643 1148 3711 sedatum,
1167 3641 1272 3698 mentio
1287 3642 1428 3714 quapiam
1441 3641 1594 3700 honorifica
1608 3645 1643 3700 de
1657 3647 1747 3715 majo·

114 3733 192 3789 ribus
210 3729 306 3801 stirpis
319 3729 412 3798 regias,
427 3729 462 3784 da
483 3729 579 3786 ordine
598 3726 787 3796 successionis,
801 3734 896 3783 contra
909 3726 1030 3783 schisma
1043 3725 1141 3796 regui;
1156 3723 1297 3797 quapiam
1316 3724 1351 3780 de
1365 3725 1491 3796 precibus
1511 3731 1539 3781 et
1557 3728 1701 3784 cantandis
1715 3727 1747 3784 in

115 3812 294 3875 nbmmculo
309 3812 357 3868 hei
368 3811 511 3884 laudibus,
523 3811 664 3883 imprimis
674 3813 758 3867 Num.
773 3825 814 3880 vr,
827 3814 878 3879 11,
889 3813 923 3866 at
931 3828 941 3880 3
958 3810 1099 3882 quaepiam
1112 3809 1146 3865 de
1157 3807 1318 3866 aedificando
1332 3809 1459 3880 templo;
1474 3809 1747 3878 legescontreebrie·

115 3907 212 3968 tatem,
222 3897 335 3966 aliaque
346 3895 428 3967 plura
440 3896 621 3966 exspectanda
632 3899 737 3963 essem,
748 3893 791 3949 uti
804 3909 820 3949 ι
833 3893 969 3950 contrario
980 3894 1062 3965 plura
1081 3892 1199 3950 luissent
1219 3891 1322 3948 omissa
1330 3907 1414 3963 ,qua
1433 3892 1577 3972 leguntur,
1593 3894 1745 3965 prasertim

115 3983 176 4053 illa,
189 3994 254 4053 quas
267 3977 388 4035 invicem
410 3985 555 4050 pugnant,
568 3986 598 4036 et
616 3993 679 4050 quas
701 3977 823 4049 sequiori
845 3982 967 4048 tempore
987 3981 1067 4034 erant
1080 3981 1203 4044 mutata,
1219 3981 1268 4030 aut
1281 3975 1416 4045 neglecta,
1436 3976 1480 4032 uti
1497 3992 1588 4033 mnus
1601 3979 1745 4049 jubilaeus,

116 4064 241 4124 dimissio
254 4061 460 4134 mancipiorum
479 4076 553 4118 anno
567 4061 684 4134 septimo
696 4060 784 4134 (couri.
808 4061 905 4116 lena.
924 4060 1025 4134 mlv),
1039 4066 1067 4117 et
1084 4060 1140 4116 alia
1157 4059 1272 4115 similla.
1286 4057 1321 4130 d)
1337 4059 1435 4116 Decem
1446 4060 1535 4116 tribus
1553 4063 1679 4118 relictum
1693 4064 1745 4120 sub

118 4149 277 4208 havidaaut
286 4146 432 4202 recentiori
442 4151 598 4217 etateopus
608 4145 654 4200 vel
667 4144 728 4201 ideo
737 4144 905 4217 rejecissent,
916 4145 983 4216 quia
993 4145 1094 4200 vitulos
1108 4158 1215 4222 aureos,
1224 4141 1376 4198 sacerdotes
1390 4143 1441 4214 qui
1454 4159 1510 4199 nou
1524 4145 1631 4200 suntde
1645 4161 1746 4218 genere

117 4227 653 4300 Aamnis,etiestumTabernaculomm
662 4243 757 4284 mense
766 4235 872 4298 octavo,
886 4229 1012 4284 damnat.
1021 4229 1094 4284 -ll.
1107 4228 1221 4283 Dicant
1212 4241 1283 4298 yam,
1293 4241 1350 4316 qua
1358 4232 1439 4284 catate
1448 4229 1541 4284 relicta
1551 4229 1636 4287 fuisse
1645 4233 1746 4302 scripta

117 4317 196 4376 Ensis
208 4321 348 4372 censeant.
362 4313 390 4384 a)
409 4314 463 4370 Nec
477 4312 586 4381 Bedese,
600 4328 652 4368 nec
666 4311 816 4384 quisquam
830 4315 891 4383 ejus
904 4312 992 4368 atatis
1010 4312 1082 4368 hanc
1096 4310 1186 4382 potuit
1206 4297 1335 4380 linguam
1350 4316 1378 4366 et
1397 4312 1474 4367 hunc
1493 4313 1598 4384 stylum
1616 4314 1744 4372 scrihere.

117 4401 214 4458 Ειᾱηι
226 4415 261 4458 er
280 4409 331 4451 suo
344 4397 417 4453 libro
431 4404 512 4452 notris
528 4401 587 4465 ast,
601 4411 635 4452 ex
647 4410 704 4468 quo
718 4395 891 4467 perspicitur,
910 4396 1039 4490 linguam
1057 4401 1085 4451 ct
1098 4395 1203 4466 stylum
1224 4395 1434 4451 Pentateuchi
1426 4395 1514 4467 rpsius
1534 4412 1603 4468 opus
1617 4414 1676 4455 asse
1688 4414 1746 4455 non

8 4515 9 4560 1
116 4499 202 4558 posse.
219 4484 287 4554 Quas
301 4479 390 4538 ludaei
403 4494 435 4535 ao
447 4478 573 4551 quipiam
583 4479 676 4534 Patres
687 4480 842 4535 retulerunt
843 4479 1106 4549 ,legamamissam
1117 4485 1145 4534 et
1158 4479 1193 4533 ab
1208 4477 1304 4542 Eadm,
1319 4477 1441 4550 quieam
1452 4480 1614 4537 memorrter
1623 4482 1745 4554 tenebat

8 4617 9 4620 ,
116 4566 382 4632 montanistae,
396 4561 571 4618 iabulaesunt
583 4563 719 4618 absurda
732 4563 857 4657 lienique
866 4563 1034 4619 Samaritani
1046 4577 1129 4658 opus
1127 4563 1162 4617 ah
1177 4563 1262 4618 Esdra
1275 4562 1401 4618 relictum
1410 4579 1558 4635 nunquam
1569 4567 1744 4638 recepissent.

116 4653 141 4724 11
154 4653 287 4712 Sacerdoe
297 4666 316 4707 a
325 4663 389 4719 rege
403 4645 542 4718 Assyriae
535 4661 566 4701 ιιι
579 4645 734 4703 Samariam
748 4647 860 4716 missus,
876 4652 909 4702 ut
924 4646 1034 4702 colonos
1048 4629 1212 4716 religionem
1225 4646 1335 4702 laborm
1356 4647 1480 4716 doceret,
1500 4655 1559 4704 erat
1572 4651 1646 4719 erut,
1661 4656 1690 4706 et
1701 4665 1746 4707 sa·

117 4740 210 4797 cardos
220 4737 316 4806 tituli,
327 4750 378 4806 qur
369 4731 474 4787 'multo
489 4731 583 4786 minus
594 4730 722 4800 linguam
736 4731 809 4786 hano
820 4737 849 4786 et
857 4731 963 4801 stylum
977 4730 1106 4798 scribere,
1121 4745 1152 4784 ac
1166 4729 1261 4784 omnia
1275 4729 1427 4785 recentiora
1440 4731 1543 4787 evitare
1561 4734 1704 4804 potuisset,
1718 4741 1747 4792 et

8 4795 9 4822 ³
117 4823 214 4879 saltam
226 4821 309 4876 illam
322 4815 469 4873 historiam
487 4815 522 4870 de
534 4812 623 4869 vitulo
636 4828 731 4882 aureo,
747 4820 775 4871 et
786 4813 917 4869 mandata
930 4813 980 4868 illa
991 4814 1024 4869 de
1039 4811 1225 4868 sacerdotibus
1239 4813 1379 4868 heronicis
1394 4819 1421 4868 et
1439 4814 1473 4870 de
1487 4814 1557 4871 festo
1571 4817 1746 4876 'tabernacu-

117 4906 207 4962 lorum
220 4917 318 4961 menae
331 4899 461 4972 septimo,
475 4896 622 4962 omisisset,
641 4903 801 4965 uttaceam,
821 4912 940 4965 regnnm
960 4898 1037 4952 tuda
1055 4912 1134 4966 opus,
1151 4912 1167 4950 a
1186 4895 1420 4952 sacerdotevituli
1440 4897 1747 4974 reficiam,nunquam
1805 4911 1806 4916 ’
1880 4927 1885 4937 ·

118 4993 310 5061 suscepturum
323 4985 419 5040 inisse.
431 4979 455 5052 ol
470 4979 605 5048 Chilkias,
619 4980 669 5051 qui
688 4979 771 5050 forte,
791 4980 814 5036 ll
837 4981 899 5051 ltcp.
919 4995 985 5048 ιιιι,
1001 4983 1017 5036 8
1026 4999 1035 5050 ;
1051 4980 1145 5035 Porci.
1158 4994 1255 5049 ιιιιι,
1274 4982 1323 5050 tt;
1343 4981 1417 5037 coni.
1436 4983 1532 5039 terem.
1543 4999 1590 5054 ιι,
1607 4985 1659 5041 suh
1673 5002 1748 5058 praa-

119 5079 191 5131 tcrtn
204 5071 307 5128 codicis
321 5065 466 5137 intemplo
480 5063 598 5132 inventi,
613 5062 739 5119 relictum
755 5063 860 5119 librum
871 5065 1003 5132 obtrudit,
1019 5065 1094 5120 uude
1109 5063 1258 5120 atterritus
1271 5063 1326 5119 fuit
1339 5079 1395 5121 ιιι.
1413 5065 1516 5123 11ιιιιιιι
1536 5083 1582 5124 ιιι
1592 5084 1650 5125 non
1662 5071 1748 5126 mira·

119 5157 330 5228 tenimentum
340 5151 428 5208 tuisse
440 5148 545 5205 librum
557 5148 648 5218 llosis,
658 5148 706 5204 sed
715 5148 818 5204 auditis
833 5149 948 5204 demum
961 5149 1094 5204 ominosis
1108 5147 1364 5219 imprecationibus,
1377 5163 1497 5219 quarum
1509 5151 1746 5224 complementum

9 5225 11 5300 1
120 5257 165 5314 per
175 5240 320 5301 couneus
331 5236 454 5308 jamjam
466 5231 644 5300 imminebat,
658 5231 803 5288 exterritus
815 5230 879 5287 duit.
893 5231 1005 5288 decedit
1015 5231 1203 5288 Samaritanae
1213 5231 1320 5288 librum
1329 5231 1365 5286 ab
1378 5230 1481 5300 11111111,
1494 5234 1744 5302 sacerdotalem,

10 5333 11 5342 ¹
121 5326 240 5383 relictum
250 5325 420 5417 rejecturus,
438 5322 467 5373 et
481 5315 627 5386 antiquam
642 5313 710 5371 libri
726 5313 847 5370 formam
860 5322 1067 5373 conservaturos
1080 5315 1174 5372 tuisse.
1189 5314 1220 5387 d)
1237 5315 1296 5372 Sub
1314 5313 1434 5384 havide,
1452 5323 1484 5372 ut
1498 5319 1559 5388 lam
1572 5333 1631 5376 mor

123 5407 216 5468 insana
226 5403 371 5482 quapiam
386 5400 506 5458 inissent
518 5398 553 5454 de
567 5397 720 5470 majoribus
733 5397 848 5458 tamine
857 5400 952 5470 regia,
966 5406 995 5458 et
1011 5399 1119 5457 omissa
1133 5413 1189 5455 non
1210 5399 1291 5455 modo
1312 5397 1387 5469 leges
1409 5399 1520 5470 regibus
1533 5401 1607 5472 scrip
