4100 6024
689 255 863 315 uucouiuti
875 255 1001 316 'SlCltAE
1021 256 1225 317 scutrtuitm.
1737 259 1775 319 tt

134 365 275 420 merum
286 359 933 436 velutnaturuliterinoipisntcontemplari.»
980 364 1056 423 dunt
1078 379 1213 434 sensum
1229 361 1427 436 Augustinus,
1443 362 1691 438 chrysostomus,
1707 361 1775 424 itis·

135 446 213 504 Sane
235 446 299 502 hiae
321 445 388 502 vitia
410 445 548 502 sanctitas
567 445 755 516 Francisoos,
773 445 935 520 antonios,
976 463 1124 522 rouymue
1133 449 1265 506 etooetari
1275 449 1393 506 Petrum
1401 461 1481 506 nuno
1489 447 1679 519 historicum,
1693 463 1775 510 nuno

135 531 258 599 Paulos,
267 529 431 588 illitteratos
440 527 585 586 altissima
594 529 784 602 eloquiorum
796 529 845 587 liei
856 545 935 602 mys·
979 532 1137 604 mysticum
1158 533 1264 590 eadem
1287 531 1427 590 credonis
1449 533 1521 590 seria
1546 534 1719 606 pertesum,
1741 531 1775 592 ut

133 613 211 669 teria
224 617 254 668 et
264 627 349 668 sense
358 612 478 668 edocuit
487 611 536 668 val
547 613 686 670 maxime.
696 615 792 680 Quare
801 614 826 670 si
835 617 936 672 sancte
978 616 1140 690 plusquam
1154 615 1248 689 lydio
1260 629 1339 688 opus
1350 615 1388 673 sit
1400 615 1514 691 lupide,
1530 616 1568 673 ed
1582 615 1773 688 historicum,

135 695 256 765 anime,
270 695 295 752 si
307 693 446 768 precibus
462 695 567 764 nixus,
583 698 700 769 [leoque
714 695 804 754 fretus
816 697 876 753 huo
888 711 937 752 ee-
979 700 1032 774 qui
1052 700 1238 759 fundamenti
1257 701 1353 758 uicem
1370 702 1467 769 tanet,
1482 699 1514 756 in
1534 698 1668 756 Patribus
1689 699 1775 755 sesti·

136 779 246 848 cedas,
257 778 439 851 sedulusque
455 778 533 836 adsit
548 778 649 850 labor,
663 783 696 836 ut
711 779 795 836 nulla
807 781 936 836 trauseat
979 784 1122 855 gaudum.
1133 787 1197 842 tam
1210 797 1303 858 quam
1315 797 1428 856 paucos
1439 785 1631 855 interpretum
1642 782 1774 840 invenire

137 864 219 933 dies,
240 863 421 936 quotquod
442 862 479 918 do
500 863 649 936 Cypriane
669 863 881 920 Tertullianum
903 862 936 920 in
979 871 1040 938 est,
1054 867 1108 940 qui
1127 868 1278 925 erasisse
1297 866 1423 924 ilebreeis
1441 865 1548 924 imbuti
1563 865 1711 936 lontibus,
1724 879 1773 937 ge·

137 946 203 1002 dies
216 945 371 1012 lectitante,
381 951 528 1002 memoret
535 947 563 1002 S.
577 946 782 1018 llieuonymus)
795 961 856 1002 non
865 961 936 1018 pos·
979 950 1103 1007 nulnum
1120 950 1295 1007 eorumdem
1308 949 1430 1022 phrasin
1447 948 1646 1018 reddiderint,
1661 963 1773 1022 eosque

136 1029 215 1086 tutes
226 1049 233 1085 :
244 1027 528 1100 «notissisimum
542 1028 699 1100 superabis
705 1028 791 1086 celeri
798 1028 936 1088 facilitate
979 1035 1087 1090 nostres
1103 1031 1226 1090 editioni
1242 1047 1296 1106 per
1309 1033 1411 1090 omnis
1423 1029 1627 1089 concilierintt
1638 1032 1716 1100 Quid
1729 1047 1775 1092 er·

135 1112 289 1186 quidquid
300 1112 349 1170 hic
362 1117 407 1170 ast
423 1110 623 1183 difficultatis,
637 1112 839 1186 recreabitque
851 1113 937 1186 quod
979 1116 1316 1190 gotdesudendumhio
1326 1116 1398 1172 mihi
1415 1115 1518 1176 video:
1530 1115 1773 1189 enitendumque,

134 1196 232 1270 fulget
250 1199 282 1259 iu
302 1198 410 1256 cortice
432 1197 600 1270 sapientie,
620 1198 673 1256 sed
694 1201 795 1271 pascet
815 1199 937 1256 suevius
979 1201 1120 1258 utmults
1133 1201 1244 1271 legens,
1258 1200 1353 1256 multa
1367 1199 1550 1272 disquirens,
1564 1197 1695 1272 apiculas
1708 1195 1775 1255 imi·
1889 1215 1897 1231 ·

135 1281 224 1358 quod
242 1281 275 1340 in
291 1281 425 1340 medulla
442 1286 486 1340 est
502 1281 627 1343 celestis
640 1282 737 1356 adipis
754 1297 874 1356 :neque
886 1297 937 1340 ve·
978 1286 1033 1354 ter,
1050 1283 1078 1342 et
1097 1285 1289 1356 mellilegium
1308 1299 1324 1340 e
1343 1281 1468 1340 floribus
1486 1282 1526 1340 ed
1543 1281 1574 1338 id
1591 1281 1773 1354 aptioribus,

135 1360 241 1420 rehere
254 1362 376 1421 taudem
387 1361 526 1435 quamvis
539 1365 729 1420 veternosum
746 1361 935 1432 haereticum,
978 1365 1054 1426 lecto
1077 1367 1211 1425 examine
1232 1366 1460 1424 conficiamsut
1480 1365 1653 1422 historicum
1674 1366 1773 1441 primo

135 1446 253 1506 etiamsi
273 1461 362 1508 omue
384 1445 531 1506 Biblieum
551 1461 629 1520 opus
651 1447 796 1506 memoria
812 1445 934 1506 cellesis
979 1455 1231 1522 consumentem
1253 1449 1435 1508 decessione
1455 1449 1613 1520 veetigsm3
1634 1448 1728 1506 sicubi
1746 1451 1774 1507 is

133 1531 195 1590 lucc
209 1530 291 1590 enim
301 1529 362 1588 iere
374 1534 418 1588 est
430 1544 521 1590 omne
535 1545 640 1590 uorum
651 1530 794 1600 studium,
806 1543 869 1603 quo
878 1543 935 1589 nos
979 1536 1062 1609 apud
1074 1534 1172 1592 varios
1182 1535 1238 1593 erit
1250 1534 1360 1605 varius,
1373 1533 1532 1590 indicabo:
1547 1535 1636 1606 atque
1649 1532 1681 1589 in
1691 1536 1773 1590 teuta

133 1615 285 1688 impetunt
300 1631 308 1672 ι
323 1612 435 1694 quibus
453 1627 509 1672 uos
527 1613 634 1673 iisdem
655 1613 745 1672 ermis
763 1627 935 1682 oaortrrere,
979 1617 1156 1691 opinionum
1171 1618 1377 1687 multitudine,
1392 1633 1460 1694 quse
1479 1616 1584 1674 anxios
1603 1628 1681 1690 sepe
1698 1615 1773 1675 fluo·

60 1737 65 1742 ·
133 1696 287 1770 uobisque
301 1701 402 1756 nostre
416 1695 456 1756 ab
469 1697 586 1768 injustis
599 1695 936 1770 possessoribusvendi·
978 1705 1153 1776 mentesque
1167 1705 1247 1760 tanet
1260 1707 1288 1760 et
1302 1701 1444 1760 obturbat
1455 1701 1622 1771 auditores,
1636 1713 1706 1757 eum
1720 1699 1773 1775 qui

127 1797 203 1840 care
217 1781 318 1851 dccet;
334 1787 367 1840 ut
380 1781 521 1843 audeatur
537 1781 596 1840 hoo
613 1796 720 1852 genere
741 1797 810 1842 aum
823 1780 859 1838 iis
873 1794 939 1839 ma·
979 1787 1108 1844 maxime
1123 1788 1215 1844 terim
1235 1801 1385 1844 consonus
1407 1789 1470 1855 est,
1483 1783 1638 1858 prasiorum
1658 1788 1688 1841 et
1708 1783 1774 1843 seli·

132 1882 193 1927 nus
215 1870 421 1936 conserentes,
435 1866 498 1924 suis
516 1881 568 1926 eos
585 1866 651 1923 telis
665 1863 864 1924 debilitantes.
882 1868 948 1922 ite·x
979 1884 1058 1940 gam.
1069 1870 1175 1938 Qusin
1186 1885 1217 1926 re
1231 1870 1384 1941 vulgatam
1398 1883 1525 1942 semper,
1540 1869 1657 1926 deoreto
1669 1868 1775 1927 Conci·

132 1965 195 2026 que
206 1966 328 2008 rursum
343 1949 514 2008 cathedram
533 1949 722 2018 extimescas,
735 1948 803 2006 licet
815 1947 936 2006 doctum
978 1951 1010 2010 lii
1023 1953 1201 2024 Tridentini,
1215 1955 1374 2012 editionem
1393 1955 1535 2011 tuendam
1555 1953 1637 2010 duxi.
1653 1953 1774 2012 lisbium

132 2037 164 2092 θι
175 2032 407 2102 celebremus&
420 2047 541 2090 Stssffl'uss
554 2032 729 2106 fidensqusss
740 2031 854 2090 affatim
865 2030 936 2088 doc·
977 2053 1049 2096 uero
1070 2039 1164 2096 sicubi
1185 2039 1336 2096 dissonare
1360 2039 1534 2108 videantur,
1552 2052 1614 2111 quo
1630 2037 1773 2096 haereticis

132 2115 171 2176 ets
188 2116 401 2191 conceptibus,
417 2115 626 2189 sententiisque
647 2115 738 2174 serris
755 2114 851 2172 solide
868 2127 936 2186 gei·-
977 2123 1227 2195 respondeamus,
1242 2124 1370 2195 vulgatae
1389 2123 1598 2180 consentientia
1619 2121 1774 2179 ostendere

133 2215 287 2272 maneque
313 2200 489 2269 insulatus,
516 2198 709 2258 nectamus
734 2212 814 2268 uses·
842 2198 935 2256 Porro
978 2205 1773 2280 snttsrmsstqmmstiumnosuaumsnnonaum

134 2282 314 2342 Scholastica
333 2283 508 2354 neutiquam
528 2282 560 2338 id
581 2281 639 2340 sibi
656 2297 743 2340 nexu
761 2281 867 2347 ducet.
881 2279 937 2338 sed
979 2289 1149 2362 tempium
1164 2291 1322 2347 doctumse
1333 2293 1491 2360 suggerunt
1503 2288 1773 2358 intellectum,eum

133 2365 244 2424 hibent
256 2408 265 2435 s
278 2366 365 2440 (lusti
379 2381 528 2438 etlinun&
548 2380 611 2424 sum
629 2365 843 2424 tutilittffltttm
861 2362 936 2422 8001·
978 2371 1100 2428 ederem
1108 2387 1118 2443 ι
1132 2373 1185 2429 sed
1198 2373 1252 2442 ite,
1270 2379 1301 2429 ut
1314 2371 1423 2430 Latinis
1438 2372 1558 2429 llabraee
1570 2371 1694 2429 reddam
1709 2387 1774 2430 ver·

133 2447 197 2521 piet
217 2447 360 2524 dabitque
373 2449 524 2520 dextrum,
538 2448 730 2522 isperdetur
746 2461 853 2520 eperat
865 2445 937 2506 utti-
978 2453 1044 2512 bist
1059 2458 1093 2511 ut
1105 2459 1134 2511 et
1146 2456 1198 2529 qui
1212 2455 1331 2513 liebraee
1344 2457 1495 2526 nesciunt,
1513 2471 1549 2513 ea
1562 2461 1772 2530 esseqtieutur3

137 2547 198 2605 qua
212 2531 395 2608 profuturas.
584 2583 587 2588 .
978 2542 1007 2596 et
1025 2539 1078 2612 qui
1098 2540 1210 2610 sciunt,
1228 2539 1323 2597 lentes
1343 2541 1497 2597 consulere
1516 2539 1648 2613 possiut3
1667 2553 1770 2597 verum

48 2629 80 2671 ss.
173 2619 221 2676 ud
233 2634 283 2676 me
296 2619 380 2691 quod
390 2618 502 2688 attinet,
516 2618 577 2674 scio
590 2619 744 2691 saeuoque
759 2618 834 2691 quid
847 2618 937 2678 molis
977 2621 1041 2680 heo
1052 2623 1153 2679 omnia
1165 2635 1268 2696 perce,
1283 2626 1311 2679 et
1324 2637 1386 2680 nou
1398 2621 1455 2680 nisi
1467 2623 1521 2680 ubi
1534 2637 1581 2680 res
1594 2624 1699 2694 exiget.

26 2685 128 2793 ,ἐξ
138 2703 319 2772 sustineam,
332 2716 485 2776 quamque
497 2701 578 2762 inuia
590 2703 732 2763 ιιιιιιιιιι
744 2701 887 2761 cnloende
900 2701 937 2760 sit
1014 2707 1101 2774 Quod
1115 2706 1154 2764 ed
1168 2707 1319 2764 Rabbinos
1334 2706 1449 2777 alioci,
1464 2705 1547 2763 nulla
1560 2706 1633 2762 mihi
1647 2721 1715 2763 cum
1730 2707 1772 2765 eis

26 2808 80 2850 tus
138 2785 303 2846 uia2aliud
314 2787 395 2844 euim
406 2785 548 2856 longeest
560 2786 694 2859 prolixos
707 2786 843 2844 evolvere
855 2801 935 2844 cem·
978 2789 1033 2848 erit
1050 2791 1237 2862 commuuio;
1261 2791 1318 2847 nisi
1340 2805 1402 2864 qus
1422 2795 1506 2863 parte
1529 2807 1597 2848 oum
1616 2789 1773 2849 Catholicis

138 2870 315 2940 manierias,
328 2868 471 2940 ambiguo
485 2885 562 2942 saepe
580 2867 697 2940 fruetu3
711 2868 795 2926 aliud
808 2868 938 2928 brevitet·
979 2873 1151 2930 doctoribus
1170 2876 1356 2948 conspirant,
1379 2879 1430 2931 eut
1452 2873 1648 2943 Christianos,
1664 2877 1692 2931 et
1711 2889 1773 2933 me·

135 2969 260 3014 mesum
279 2969 296 3012 e
316 2952 451 3013 Patribus
465 2953 588 3012 reddere
596 2989 606 3023 ,
620 2952 853 3024 historicumque
866 2951 939 3012 alle-
977 2957 1057 3014 xime
1071 2959 1099 3014 S.
1112 2959 1334 3032 Hieronymum,
1348 2959 1425 3015 utin
1438 2957 1540 3014 multis
1554 2957 1773 3030 deprehensum

136 3040 241 3110 gerim
256 3038 398 3110 jungere,
414 3039 443 3094 et
460 3037 587 3096 alterum
607 3036 646 3096 ab
667 3036 759 3094 aliero
774 3047 935 3096 ιιιιιιιιιι.
978 3046 1036 3112 ιιι,
1052 3042 1140 3099 tacito
1159 3043 1280 3099 nomine
1299 3044 1466 3114 sequuntur
1480 3041 1659 3114 :ceteroqui
1679 3055 1773 3112 genus

135 3122 214 3193 ΜΟ,
225 3121 407 3180 Memini>
422 3121 508 3192 duwe
521 3123 596 3180 Orat·
606 3123 626 3180 2
635 3123 673 3176 ⁰⁶
686 3121 828 3184 Peuteate,
838 3119 938 3178 media
978 3127 1035 3184 hoo
1049 3126 1206 3183 hominum
1218 3123 1357 3195 vulgare,
1372 3123 1532 3196 abjectum,
1546 3122 1648 3193 nabes,
1663 3123 1774 3181 omnis·

135 3206 186 3264 sia
198 3205 277 3266 inter
290 3222 353 3276 eos,
361 3204 415 3278 qui
429 3204 572 3264 crassiore
582 3204 701 3275 ingenie
714 3204 816 3262 litteras
829 3203 936 3262 immo·
979 3227 1037 3284 que
1050 3209 1218 3266 litteratum
1231 3221 1336 3280 expers
1347 3207 1409 3277 jum
1421 3205 1490 3262 iude
1505 3206 1543 3263 ab
1557 3206 1774 3280 Hierosolymo·

134 3293 257 3359 rentur,
272 3293 302 3345 et
320 3303 388 3357 eos,
403 3287 457 3358 qui
478 3287 542 3344 sola
560 3287 717 3357 allegorica
733 3287 936 3361 speculatione
977 3307 1045 3349 rum
1059 3292 1207 3359 vastitate,
1223 3305 1284 3364 qus
1298 3293 1359 3347 tota
1375 3290 1772 3364 genereguo,oiuitste,1u·

134 3371 273 3450 impense
290 3370 482 3442 delectantur,
494 3369 842 3430 incedendumselterum
855 3370 936 3428 euim
978 3375 1074 3446 dicio,
1094 3374 1222 3448 templo,
1241 3373 1342 3432 litteris
1366 3377 1453 3431 exuta
1473 3379 1501 3430 et
1522 3372 1660 3431 derelicta
1679 3375 1772 3446 jacet,

134 3455 298 3516 ludoicum
313 3460 357 3516 cst
373 3460 463 3530 etque
483 3455 647 3528 abjectum,
661 3456 788 3514 alterum
801 3457 937 3529 ineptum
975 3459 1060 3531 juxte
1076 3460 1156 3516 Oscae
1170 3457 1359 3528 sauciatum,
1373 3457 1436 3514 sine
1449 3471 1533 3528 rege,
1546 3455 1609 3512 sine
1620 3456 1769 3530 principe,

135 3557 172 3600 sc
187 3539 376 3600 somniorum
389 3539 566 3614 interpretis,
577 3539 703 3614 purique
719 3544 880 3612 utrumque
892 3554 937 3597 ra·
978 3543 1040 3600 siue
1054 3542 1213 3610 sacrificio,
1228 3541 1290 3598 siue
1304 3541 1405 3612 altari,
1419 3540 1481 3597 sine
1496 3540 1611 3613 ephod,
1632 3539 1695 3596 sine
1712 3541 1775 3599 the·

134 3625 335 3700 prehensione
349 3623 493 3698 ιιιιιιιιιιι
504 3625 626 3700 etqued
637 3625 666 3684 S.
675 3624 867 3696 Augustinus,
880 3621 935 3680 lib.
977 3627 1105 3699 raphim.
1118 3627 1269 3699 iiystlcam
1280 3637 1353 3681 vero
1366 3623 1589 3695 intelligentiam
1605 3617 1681 3679 adeo
1695 3635 1774 3682 nuu-

135 3713 205 3774 xvii
217 3715 258 3772 lie
275 3713 372 3782 iltuit„
389 3726 456 3786 sep.
472 3726 526 3782 111,
540 3711 641 3783 ducet,
656 3711 784 3770 multum
798 3711 871 3770 mihi
885 3727 938 3770 au·
977 3727 1070 3785 quam
1092 3711 1155 3785 ipso
1181 3709 1400 3779 comminiscar,
1425 3711 1458 3764 ut
1479 3707 1541 3765 suis
1566 3719 1682 3782 semper
1706 3723 1774 3766 eant

136 3798 208 3858 dere
225 3797 377 3866 videntur,
396 3795 450 3872 qui
467 3795 498 3854 in
516 3797 671 3870 seripturis
693 3797 796 3856 emnia
811 3812 937 3870 prorsus
976 3796 1106 3853 tribuam
1124 3793 1309 3865 auctoribus,
1323 3798 1351 3850 et
1371 3792 1466 3850 sicubi
1486 3807 1520 3850 eu
1540 3792 1594 3849 erlt
1613 3791 1773 3864 illustrior,

135 3876 407 3956 signiiimiiouibus
419 3878 585 3950 allegoricis
597 3879 731 3940 inuoluta
742 3895 804 3937 esse
817 3884 939 3938 couten-
976 3880 1078 3953 paucis
1093 3880 1272 3954 cornplectur
1284 3896 1293 3933 ι
1305 3876 1378 3934 elias
1390 3877 1471 3933 unde
1480 3875 1608 3949 petenda
1621 3876 1668 3946 sit,
1680 3875 1773 3948 digito

135 3965 225 4038 dunt,
238 3964 283 4024 uti
296 3965 329 4022 in
341 3964 400 4020 hoc
410 3965 576 4022 extremum
586 3963 690 4032 devius
702 3961 770 4022 tecit
784 3963 936 4033 Origenes,
977 3965 1016 4020 ed
1030 3964 1124 4020 ιοιιιιι
1138 3964 1249 4020 intento
1263 3961 1515 4018 commonstrans.
1529 3962 1619 4018 Porro
1633 3961 1695 4017 huc
1709 3975 1775 4017 om·

136 4045 396 4110 dumhistorioum
409 4043 535 4120 lugiens,
549 4046 611 4108 ime
625 4046 758 4116 elidens,
771 4045 936 4114 veritatem,
977 4045 1026 4103 nie
1044 4045 1150 4118 majori
1168 4046 1308 4102 brevitate
1333 4043 1456 4114 isaiam,
1476 4058 1569 4117 quam
1586 4041 1642 4100 ieci
1660 4044 1691 4100 in
1704 4044 1775 4117 lipi-

136 4147 194 4207 pro
212 4148 251 4194 ce
267 4146 347 4204 saepe
374 4129 530 4206 quidpiam
554 4127 756 4204 symbolicum
774 4128 935 4202 supponit:
977 4129 1067 4188 stolas
1081 4129 1225 4199 saumas,
1245 4132 1279 4186 ut
1293 4129 1465 4186 universum
1480 4128 1624 4186 Bibdoum
1644 4128 1773 4185 cumicu-

137 4215 213 4274 dum
224 4215 338 4276 evaex
351 4213 458 4272 adami
471 4216 552 4273 costa
564 4212 783 4282 formationem,
797 4210 936 4284 spiritua·
977 4214 1041 4271 lum
1060 4213 1163 4287 paucis
1183 4212 1268 4270 annis
1291 4214 1320 4268 et
1342 4211 1430 4268 tomis
1454 4211 1494 4269 ed
1515 4212 1625 4268 calcem
1641 4213 1679 4283 (si
1697 4214 1771 4270 Deus

137 4297 204 4356 liter
216 4293 423 4372 accipiendam
436 4298 538 4370 putat:
554 4293 677 4356 arbores
690 4293 832 4370 peradisi,
848 4310 937 4366 ange·
976 4300 1053 4356 viras
1071 4303 1100 4356 et
1115 4298 1240 4370 gratiam
1258 4295 1386 4370 dederit)
1408 4283 1580 4370 pe'rduoam.
1595 4299 1690 4366 Quam
1703 4311 1772 4355 vero

138 4381 226 4442 licem
245 4377 451 4440 iorutuetnam
470 4396 478 4436 ι
496 4379 611 4440 tunicas
632 4377 789 4456 pelliceas,
810 4393 937 4452 corpore
975 4380 1025 4440 hio
1037 4381 1200 4439 indelessus
1219 4381 1387 4455 requiretur
1400 4381 1487 4438 labor
1506 4385 1534 4439 et
1553 4379 1686 4439 studium
1703 4397 1772 4439 omn

137 4468 287 4527 humanas
303 4471 332 4526 et
345 4463 435 4542 piure
453 4465 562 4526 similia
579 4465 704 4539 mystice
717 4466 936 4538 interpretetur,
976 4467 1036 4525 acri
1045 4465 1158 4538 judicio
1167 4503 1177 4535 ,
1195 4469 1228 4522 ui
1243 4463 1358 4534 Graece,
1372 4463 1531 4536 liebraice,
1552 4465 1671 4536 Latine,
1685 4465 1771 4538 Sym,

139 4553 227 4625 atque
243 4547 427 4620 cingentem
445 4565 578 4620 suumn
594 4548 682 4608 nimis
698 4548 801 4622 utique
817 4547 937 4621 praecel-
977 4550 1130 4618 cuddae,
1145 4549 1285 4606 lectiones
1303 4547 1441 4605 codicum
1455 4547 1602 4604 variantes
1620 4549 1770 4618 consulam

139 4633 221 4706 lens,
237 4631 395 4692 «molesia
407 4629 477 4692 feeit
490 4635 692 4692 Sacramenta:
708 4651 723 4688 ι
739 4633 782 4690 ιιι
796 4633 936 4705 Hierony·
977 4636 1074 4690 Patres
1087 4635 1212 4703 Grecos,
1221 4631 1352 4701 Latinos,
1366 4631 1543 4688 recentiores
1554 4633 1728 4704 interpretes
1741 4632 1772 4688 in

139 4733 224 4792 mus,
239 4715 294 4776 lib.
310 4715 332 4773 V
347 4720 379 4774 ιιι
396 4715 510 4779 iscium.
532 4718 661 4794 ideoque
677 4717 760 4776 illam
780 4731 936 4776 censuram
977 4716 1174 4774 diuersissima
1184 4715 1336 4786 abeuntes,
1349 4715 1485 4788 adeoque
1496 4715 1630 4787 prolixos
1641 4715 1771 4786 evolvas,

140 4801 281 4860 incurrit:
299 4797 379 4857 «tihi
392 4800 468 4858 bene
481 4801 630 4871 Origenes,
642 4817 731 4860 nemo
743 4801 868 4870 melius3
882 4798 936 4864 ubi
977 4800 1014 4858 de
1028 4800 1152 4870 singulis
1165 4815 1321 4858 censuram
1335 4797 1429 4869 ierus3
1444 4797 1520 4872 quid
1534 4799 1682 4870 emersit,
1697 4800 1773 4872 quid

140 4887 225 4956 male,
235 4899 326 4944 nemo
339 4885 461 4958 pejus.»
476 4887 517 4946 ιιι
530 4885 734 4948 Cassiodorus.
749 4887 857 4944 Verum
868 4883 935 4956 quis
976 4881 1058 4954 fidei,
1068 4884 1142 4956 quid
1150 4887 1273 4953 eertum,
1281 4883 1354 4956 quid
1362 4879 1529 4955 probabile,
1538 4882 1613 4955 quid
1621 4881 1774 4957 improba-

140 4966 937 5044 uobishaecOEdipusinterstiuguendodefinietiQuod
976 4967 1048 5037 bile,
1059 4968 1133 5044 quid
1143 4967 1278 5040 litterate,
1288 4967 1364 5041 quid
1375 4967 1504 5026 maxime
1514 4967 1690 5038 genuinum,
1699 4968 1774 5041 quid

142 5051 176 5110 tle
187 5049 393 5112 sacerdotibus
408 5051 522 5114 duris
538 5053 753 5130 Hieronymus:
772 5052 937 5112 «Sacerdo-
977 5051 1179 5123 allegoricum,
1190 5055 1218 5108 et
1231 5050 1462 5124 tropologicum,
1474 5049 1691 5122 anagogicum
1710 5067 1775 5107 om·

140 5138 181 5194 tes
196 5133 301 5210 mulii,
315 5135 483 5198 secerdotes
500 5135 602 5210 paud,
615 5156 632 5194 ι
650 5136 700 5196 hic
715 5151 784 5196 vere
797 5136 835 5194 de
848 5135 936 5195 inm
977 5135 1085 5210 niaque
1099 5135 1237 5204 distillas,
1254 5139 1283 5194 st
1296 5133 1328 5192 in
1343 5135 1400 5192 tris
1418 5132 1508 5192 uerba
1525 5131 1676 5204 aestuem
1696 5147 1773 5209 sepe

142 5219 271 5292 munus
283 5217 437 5282 dixerim
453 5219 625 5298 interpretes
644 5219 749 5294 ιιιιιιιι,
762 5219 935 5294 interpretes
975 5218 1041 5293 ipse
1050 5219 1334 5281 semumlitterelem
1344 5217 1663 5290 genuinuminreuire,
1674 5219 1774 5293 cipri·

142 5302 861 5380 peuri.Ambrosiusettrepertusmsstioumtere
869 5301 936 5362 red-
976 5302 1182 5391 compaciens
1193 5299 1375 5376 pertimuere
1388 5301 1590 5373 dehees,non
1603 5302 1775 5366 mmsis
