4264 6038
704 338 947 400 consacretur
964 339 998 399 ιι
1015 339 1177 414 amasia,
1194 352 1258 402 ur.
1276 336 1355 400 sut.
1792 333 1848 397 ιιι

216 447 303 506 elitd
315 443 509 506 ambulavero
524 444 557 503 in
570 443 671 504 medio
685 444 801 504 umbra
818 445 933 517 mortis,
946 460 1010 503 nou
1050 461 1108 504 ma
1117 449 1193 518 tun,
1207 462 1243 506 ao
1255 445 1330 506 inibi
1344 443 1498 520 diligenter
1511 443 1641 506 seruare
1653 441 1729 519 quid
1738 442 1767 502 te
1780 456 1847 500 nra·
1968 455 1971 468 ·

212 529 326 590 timebo
339 531 438 603 mala,
451 529 596 606 quoniam
617 532 652 587 tu
665 544 784 588 meeum
797 545 869 588 es.»
892 531 935 588 lta
952 531 1009 589 lia·
1049 529 1130 588 xime
1143 529 1275 589 inhibeat
1284 534 1314 589 et
1323 527 1480 601 diadum,
1493 542 1532 586 ne
1545 542 1640 604 purus
1655 525 1697 586 sis
1709 527 1740 584 et
1752 523 1846 596 liber,

212 614 337 686 chabeai,
354 614 537 673 «Dominum
549 615 666 672 orantes
680 613 863 686 cordibus‚»
878 617 1009 689 prostra-
1050 629 1085 674 ue
1097 613 1183 686 agilis
1195 615 1237 673 ad
1246 613 1427 690 obsequium
1440 611 1501 683 liei,
1510 625 1681 685 omnenque
1693 609 1846 681 virtutem

212 700 319 756 verunt
333 697 508 756 Nicanorem
524 713 594 756 eum
606 700 642 755 35
656 697 810 770 millibus,
824 717 840 752 a
852 698 1009 772 presentia
1050 701 1079 757 at
1089 695 1171 756 huno
1181 698 1342 773 laqueum,
1362 696 1444 755 hune
1460 694 1592 771 lapidem
1602 694 1656 770 qui
1668 697 1697 752 te
1715 692 1845 762 detinet,

212 780 263 840 hei
276 779 433 853 magnifiee
447 779 601 852 delectati,
614 799 629 835 a
644 780 697 839 lih.
711 782 733 838 il
756 783 947 853 Moeteana,
959 783 1006 842 lit.
1049 778 1190 838 radicitus
1200 796 1310 853 reseca,
1318 783 1348 839 et
1358 776 1681 855 inproiundummarie
1688 776 1844 847 demerge:

90 872 189 942 raram
250 866 368 922 Tertius.
392 865 543 939 «Semper
567 864 616 921 Dei
637 864 829 936 memineris,
849 868 880 922 et
899 864 1008 923 ooelum
1048 861 1162 938 alioqui
1175 862 1321 940 lacqucd
1339 863 1400 936 via,
1420 861 1523 924 omnia
1539 865 1626 922 erunt
1641 860 1759 920 trustra.
1779 859 1845 918 limo

212 963 297 1005 mens
306 951 357 1005 tua
369 948 474 1006 evadet
484 968 519 1020 ,a
532 947 574 1006 ait
584 947 614 1006 S.
629 949 767 1022 Ephrem.
781 950 824 1008 ltu
840 947 950 1020 iacob,
965 948 1008 1006 vi·
1048 945 1235 1008 mortificatio
1244 947 1322 1007 dura
1333 950 1430 1019 est,et
1439 945 1508 1004 vive
1518 946 1659 1022 qundm
1668 959 1760 1014 more,
1774 957 1844 1017 qun

212 1029 286 1087 deus
299 1031 458 1089 Dominum
471 1047 541 1090 cum
554 1031 667 1104 angelis
679 1032 712 1088 in
722 1031 822 1105 scala,
841 1033 902 1091 ait:
917 1032 1007 1090 «Non
1048 1044 1167 1088 earnem
1177 1031 1264 1106 quasi
1277 1030 1317 1089 ab
1331 1029 1450 1089 ossibus
1464 1027 1597 1087 abradit:
1607 1026 1841 1098 sedneeessaria,

211 1117 255 1172 est
264 1113 312 1172 hic
323 1114 405 1172 eliud
420 1113 477 1171 nisi
491 1114 600 1172 domus
615 1114 684 1186 liei,
700 1117 729 1172 ct
742 1119 831 1189 porta
844 1115 920 1173 coeli.
935 1135 950 1172 r
1047 1115 1076 1170 et
1089 1128 1146 1170 usu
1159 1114 1226 1188 ipso
1239 1114 1274 1173 fit
1285 1113 1391 1172 tacilis.
1403 1113 1521 1181 Quoto,
1543 1115 1650 1169 natura
1667 1113 1770 1169 nostra
1788 1107 1842 1168 tal·
1895 1114 1962 1170 θυι·

88 1213 193 1268 orarias.
248 1199 378 1266 Quartus.
396 1198 473 1258 Telis
485 1201 529 1256 est
549 1199 635 1273 quasi
650 1197 792 1271 angelus3
814 1198 912 1270 angeli
925 1197 1006 1258 euim
1047 1195 1194 1256 larissima
1206 1199 1265 1269 est,
1278 1213 1313 1256 ae
1329 1196 1412 1255 mille
1424 1193 1542 1267 anguiis
1564 1198 1593 1253 et
1614 1194 1748 1254 versutiis
1766 1210 1843 1270 pree-
1854 1177 1911 1222 ⁸¹⁸·

210 1296 327 1355 semper
350 1282 452 1341 vident
472 1280 580 1340 taciem
600 1281 703 1355 patris.
730 1281 806 1339 Talis
827 1280 883 1340 tuit
903 1281 1003 1339 Elias:
1047 1277 1123 1349 dita,
1138 1281 1170 1338 in
1182 1279 1293 1353 quihus
1304 1279 1432 1354 seipsam
1442 1278 1522 1339 iovat
1533 1292 1567 1336 ae
1576 1276 1694 1336 retinet:
1706 1293 1775 1353 que
1784 1278 1842 1336 nivi

142 1419 144 1422 ,
213 1364 314 1423 «Vivit
322 1406 331 1437 ,
346 1365 404 1436 ait,
423 1365 583 1436 Dominus,
597 1365 728 1446 incujns
741 1366 902 1440 conspectu
913 1366 1002 1436 eto,»
1045 1359 1180 1421 funditus
1194 1363 1395 1438 extirpentur,
1409 1377 1517 1438 parum
1526 1361 1679 1436 proticies3
1691 1361 1765 1420 inter
1777 1361 1841 1420 hac

210 1445 263 1506 lib.
279 1448 313 1504 ill
333 1450 399 1520 lieo.
411 1464 477 1523 cup.
492 1463 568 1520 xvu,
582 1461 660 1506 vers.
674 1452 703 1506 1.
1045 1445 1211 1504 maximum
1231 1452 1294 1518 est,
1310 1445 1495 1521 quodetiam
1509 1446 1631 1504 sanctos
1643 1447 1739 1514 unet,
1752 1443 1840 1503 etiam

87 1542 191 1598 meatus.
246 1529 374 1599 manau.
392 1531 468 1588 Talis
480 1531 554 1589 mire
571 1530 713 1590 excitatur
733 1531 774 1591 ad
786 1546 921 1590 amorem
937 1531 1004 1604 nei,
1046 1527 1173 1587 subinde
1186 1528 1455 1600 monachos,veile
1472 1527 1582 1600 videri,
1595 1526 1671 1585 veile
1685 1529 1718 1585 ut
1732 1524 1782 1584 alii
1801 1526 1840 1588 ed

209 1629 385 1688 semperque
404 1613 528 1686 letatur,
548 1615 620 1689 quia
647 1613 696 1671 liei
712 1614 868 1689 prasentia
884 1612 1003 1674 fruitur.
1045 1625 1098 1668 eos
1107 1617 1330 1685 sccouvertant,
1339 1616 1374 1671 ut
1384 1612 1456 1687 ipsis
1467 1610 1600 1671 deterant
1609 1611 1768 1678 honorem,
1782 1612 1839 1668 ete.

209 1699 252 1754 lta
264 1698 356 1757 David
368 1699 443 1756 Prot.
458 1712 523 1772 eap.
536 1713 593 1756 xv:
611 1697 835 1756 «providebam
845 1697 1003 1758 hominum
1045 1693 1105 1752 lloo
1113 1695 1201 1768 plana
1210 1696 1421 1769 abnegandum
1433 1698 1493 1767 eet,
1501 1699 1535 1753 ut
1545 1693 1679 1752 tunffitus
1688 1692 1790 1752 venias
1800 1693 1841 1752 nd

207 1781 241 1837 in
254 1785 413 1856 conspectu
432 1795 500 1840 meo
514 1794 631 1855 semper
640 1799 675 1853 ς»
696 1795 732 1844 ao
749 1781 852 1838 subdit
865 1798 875 1838 :¹
888 1783 1003 1856 «Prop-
1044 1776 1120 1836 illud
1134 1782 1254 1838 ioannis
1267 1781 1410 1855 Baptistae.
1424 1783 1509 1838 «Non
1524 1796 1593 1837 sum
1606 1777 1715 1851 dignm
1725 1777 1839 1836 solvere

208 1867 253 1921 ter
265 1864 323 1922 hoc
335 1863 466 1922 letatum
479 1868 522 1922 est
535 1879 720 1934 cormeum,
742 1869 771 1922 et
791 1864 934 1922 exultavit
947 1864 1002 1923 lin-
1044 1861 1199 1935 corrigiam
1213 1865 1402 1924 calceamenti
1416 1862 1663 1938 ciusttlhristi).r
1679 1862 1838 1934 limonia-
1891 1878 1956 1933 ocra

207 1962 268 2018 gua
278 1962 385 2018 mea3»
402 1947 737 2019 commutaremus
753 1965 761 2005 :
779 1947 858 2016 «Qui
872 1947 1004 2007 adhoeret
1044 1949 1091 2012 to,
1104 1945 1243 2004 abstrahe
1262 1952 1291 2006 te
1305 1948 1409 2006 saltem
1418 1952 1520 2018 mente
1533 1945 1574 2003 ab
1588 1943 1729 2004 omnihus
1741 1943 1837 2003 homi·
1850 1941 1906 1984 ²¹¹⁰·

208 2029 353 2102 homino,
367 2046 445 2101 uuus
459 2029 580 2105 spiritus
588 2033 672 2089 est.»
1042 2029 1142 2088 nibus.
1157 2033 1255 2101 Sento,
1270 2033 1376 2108 expedi
1387 2036 1416 2090 te
1432 2032 1472 2090 ah
1486 2029 1627 2089 omnibus
1646 2029 1753 2100 rebus,
1768 2043 1837 2104 qun
1850 2044 1945 2094 arum

242 2113 349 2172 serim.
370 2115 435 2172 lime
448 2114 498 2173 liei
516 2113 671 2188 prasentia
683 2113 768 2186 lugat
779 2114 872 2186 iram,
892 2132 1001 2176 conou-
1043 2113 1069 2170 si
1081 2112 1135 2173 tihi
1144 2115 1327 2187 acciderent,
1340 2114 1462 2174 affectus
1475 2115 1695 2186 adhaesionem,
1709 2114 1739 2170 et
1749 2126 1836 2171 ouras

205 2198 395 2272 placentiam,
411 2197 622 2270 dhhaetiones,
635 2197 849 2273 hominemque
857 2199 926 2257 iacit
935 2215 1001 2274 per·
1042 2195 1150 2256 nimias
1163 2214 1198 2256 ee
1220 2198 1433 2258 sollicitudines
1452 2199 1654 2258 adveherent:
1669 2212 1688 2253 n
1710 2195 1835 2270 mribus·

205 2279 325 2338 fectum.
339 2282 381 2338 lta
392 2282 422 2339 S.
438 2280 590 2338 Dositheus
598 2322 610 2352 ,
620 2285 654 2340 ut
667 2281 794 2341 hahetur
804 2283 836 2339 in
850 2283 913 2356 ejus
924 2283 1000 2356 Vita,
1043 2294 1172 2354 eumque
1186 2281 1263 2339 iutro
1276 2281 1399 2356 receptis
1413 2281 1593 2355 imaginihus
1599 2280 1747 2340 mundum
1760 2283 1790 2337 ct
1801 2279 1836 2336 li·
1938 2275 1946 2286 “

204 2377 243 2420 ex
260 2364 317 2422 hoe
336 2365 364 2422 S.
384 2363 521 2422 Dorothei
540 2366 711 2439 praecepto:
732 2365 863 2438 «Cogita
884 2380 1001 2440 semper
1042 2363 1190 2425 berumte
1208 2383 1302 2427 serva.
1325 2367 1460 2441 Septimo,
1482 2369 1617 2426 animum
1635 2363 1835 2438 tuumtigein
1885 2377 1954 2434 seper

206 2448 298 2504 Deum
311 2445 364 2505 tibi
379 2451 574 2521 presentem,
594 2450 623 2506 et
644 2451 673 2506 te
687 2463 789 2508 eoram
805 2448 859 2507 illo
872 2453 997 2523 stare,»
1042 2449 1118 2521 heo,
1132 2451 1219 2524 quasi
1231 2449 1263 2508 in
1276 2466 1368 2525 scopo
1377 2470 1387 2522 ;
1401 2455 1520 2522 caetera,
1530 2455 1563 2508 ut
1572 2449 1696 2522 jejunia,
1706 2448 1835 2521 vigilias,
1848 2449 1916 2482 mm.

205 2546 243 2588 ex
255 2530 402 2589 dissoluto
416 2529 509 2589 milite
523 2530 689 2591 monachus
701 2533 848 2608 perlectus
862 2534 963 2594 evasit.
1041 2537 1246 2607 paupertatem
1257 2533 1416 2606 huoreier,
1430 2537 1606 2607 tantumque
1615 2533 1835 2602 exhsnssume,

239 2615 312 2673 h‘sro
335 2628 500 2674 evemerus.
520 2617 684 2674 -conare
699 2614 827 2690 periente
847 2616 945 2690 legem
970 2623 1000 2678 et
1041 2617 1419 2688 quantumtihiadfinem
1440 2618 1520 2677 hunc
1541 2617 1613 2676 utile
1636 2618 1689 2675 est.
1714 2615 1833 2682 Octauo,
1892 2623 1954 2672 eeu

203 2697 384 2756 voluntatem
399 2712 497 2756 meam
510 2698 634 2773 implere
642 2741 653 2772 ,
667 2701 757 2774 atque
770 2715 862 2775 opera
872 2706 924 2759 tua
933 2717 999 2760 om·
1041 2698 1084 2757 ste
1096 2703 1124 2758 te
1137 2700 1169 2757 iu
1181 2699 1323 2760 omnibus
1336 2703 1396 2760 lieo
1408 2701 1544 2774 resigna,
1567 2703 1601 2758 ut
1620 2699 1646 2758 si
1662 2699 1731 2774 qrris
1750 2702 1834 2758 vasto
1846 2695 1907 2729 ’ω’

203 2780 253 2838 nia
266 2784 296 2838 et
305 2781 423 2854 singula
435 2779 563 2856 periente
576 2780 692 2855 taoere,
710 2781 752 2840 sie
769 2786 804 2839 ut
823 2782 855 2842 in
874 2783 911 2840 iis
923 2783 999 2842 nihil
1037 2783 1163 2856 jactetur
1180 2785 1309 2859 pelago,
1329 2801 1364 2846 eo
1385 2786 1478 2860 pallio
1496 2784 1646 2861 resideat:
1669 2783 1736 2842 talis
1754 2783 1835 2840 enim

101 2892 103 2898 .
204 2864 387 2937 desit,nihil
399 2865 480 2940 carpi
494 2864 607 2939 possit3
621 2869 710 2940 teque
727 2865 869 2924 omnibus
885 2866 999 2926 virtuti·
1040 2867 1116 2940 quid
1129 2873 1214 2940 egat,
1228 2868 1285 2926 nisi
1298 2871 1401 2928 atheo
1415 2885 1447 2926 se
1461 2871 1556 2927 totum
1574 2867 1724 2940 resignet?
1744 2866 1786 2924 sic
1805 2870 1834 2924 et

203 2945 261 3005 bus
273 2949 393 3022 pertice.
407 2948 490 3006 Unde
503 2947 694 3023 Septuaginta
705 2952 823 3006 vertunt
833 2951 896 3024 γίνω
916 2952 998 3024 epap-
1040 2954 1074 3009 tu
1085 2950 1184 3010 iaoito.
1198 2953 1285 3019 Noto,
1299 2952 1379 3012 disee
1391 2956 1579 3011 contemnere
1593 2951 1711 3022 omnia,
1721 2952 1752 3008 et
1762 2964 1834 3008 oon·
1844 2961 1938 3010 uum

202 3051 278 3103 mer,
294 3037 350 3090 uto
367 3031 622 3106 irreprehensibilis.
644 3032 805 3092 lleroedcm
828 3032 997 3107 subjungit,
1039 3034 1132 3093 wmni
1144 3033 1184 3093 ab
1197 3033 1355 3108 omnibus,
1375 3038 1409 3093 ut
1423 3036 1535 3093 cums.
1550 3031 1642 3092 Paulo
1657 3032 1833 3107 flaapmga·

203 3114 305 3173 dicens
320 3133 328 3173 ι
1039 3121 1173 3176 mentum
1185 3117 1306 3191 mundi,
1325 3122 1355 3176 et
1366 3119 1533 3193 peripsema
1548 3116 1693 3176 omnium.

170 3271 176 3285 Ι
237 3199 376 3260 worm
389 3215 583 3261 ronousmr
596 3201 903 3262 ursanum-st
914 3201 997 3262 vide-
1074 3203 1102 3260 3.
1117 3202 1253 3272 cccrum,
1266 3202 1444 3278 -adorans
1456 3205 1486 3259 et
1498 3201 1607 3276 gratim
1620 3214 1711 3274 agens
1724 3202 1795 3262 heo.
1845 3213 1906 3259 var.
1914 3215 1937 3260 ι.

202 3281 270 3341 lieet
281 3283 407 3358 perfecte
422 3300 524 3345 coram
538 3300 587 3341 me
600 3283 821 3357 ambulaveris,
835 3284 995 3344 amicitiem
1074 3288 1102 3344 t.
1117 3286 1177 3344 lieo
1190 3299 1256 3344 eun.
1271 3289 1383 3358 -Ego
1398 3301 1464 3342 sum
1478 3285 1532 3359 qui
1555 3299 1642 3356 sum,
1664 3299 1733 3342 sum
1750 3288 1833 3342 eter-
1845 3293 1904 3340 vers
1914 3299 1938 3344 e.

202 3365 498 3442 etloeduspecrdiare
520 3371 619 3426 tecum
636 3367 767 3426 sancum
786 3371 815 3426 et
832 3367 949 3437 colam,
963 3373 998 3429 ut
1039 3383 1115 3442 nne,
1134 3385 1201 3428 sum
1223 3368 1434 3441 immutabilis,
1448 3384 1516 3426 sum
1529 3371 1667 3427 rumiens
1689 3372 1719 3427 et
1734 3367 1832 3426 tidelis

201 3463 258 3520 ego
270 3449 413 3523 peculiari
426 3466 498 3510 eura
508 3454 537 3510 te
549 3454 676 3526 tuosque
695 3468 758 3528 pra
781 3451 848 3510 aliis
867 3449 996 3512 homini·
1038 3455 1259 3528 inpromissis,
1278 3452 1407 3528 ideoque
1426 3459 1546 3525 pactum
1559 3467 1678 3522 meum,
1695 3452 1834 3525 quodie·

200 3531 260 3590 bus
274 3549 308 3592 ao
330 3533 467 3605 gentihus
480 3537 653 3608 protegam,
675 3533 803 3606 dirigam
827 3537 855 3592 et
872 3549 996 3608 promo-
1039 3551 1108 3596 cum
1120 3536 1199 3594 hisce
1212 3536 1311 3594 verbis
1325 3535 1441 3607 sancio,
1453 3535 1507 3594 erit
1517 3533 1702 3592 immutabile
1718 3538 1748 3593 et
1761 3535 1834 3594 irra-

199 3631 303 3689 veam,
317 3633 464 3692 voccrque
479 3621 553 3676 heus
565 3617 707 3676 Abrahae:
721 3621 754 3674 tu
765 3617 895 3676 vicissim
907 3635 996 3693 pecu·
1037 3620 1182 3678 vocabile.
1197 3622 1225 3678 S.
1240 3619 1436 3693 Hieronymus
1444 3659 1455 3691 ,
1469 3619 1599 3694 Epistola
1614 3618 1832 3687 cancrorum,

200 3701 267 3759 liari
278 3700 356 3774 fide,
377 3701 545 3760 ohedientia
558 3706 587 3759 et
605 3699 686 3758 cultu
700 3699 773 3758 mihi
792 3700 919 3772 servias;
939 3700 996 3761 hu·
1038 3706 1121 3761 notat
1134 3707 1226 3761 Deum
1238 3706 1355 3761 tantum
1367 3716 1431 3760 esee
1439 3719 1449 3775 3
1469 3702 1541 3776 quia
1553 3715 1617 3758 non
1627 3700 1710 3759 novit
1722 3700 1832 3774 luisse,

197 3785 307 3860 iusque
325 3783 444 3845 foederis
465 3784 639 3859 symbolum
655 3786 684 3840 et
700 3783 820 3857 signum
839 3782 920 3843 daho
940 3785 995 3843 oir-
1038 3801 1093 3846 nee
1105 3785 1182 3858 iore;
1197 3787 1281 3859 ouius
1294 3784 1421 3844 essentia
1437 3787 1480 3842 est
1495 3799 1559 3842 esse
1568 3823 1579 3854 ,
1593 3789 1622 3842 et
1635 3783 1684 3841 cui
1695 3788 1832 3843 nostmm

201 3868 431 3942 oumoisicnem,
442 3885 521 3928 vers.
535 3872 572 3929 10
585 3869 633 3942 (l).
1038 3885 1101 3928 esee
1112 3874 1317 3945 comparatum
1330 3884 1394 3928 non
1406 3873 1468 3940 est,
1491 3869 1529 3927 de
1551 3884 1614 3944 quo
1630 3867 1721 3943 plura
1740 3870 1832 3930 ltrodi

235 3951 309 4010 lictu
322 3969 330 4010 ι
345 3951 556 4012 Perieotionem
569 3954 645 4011 licus
658 3966 721 4009 non
739 3951 836 4024 exegit
847 3951 887 4010 ab
900 3951 995 4011 Abra·
1038 3970 1105 4029 cap.
1120 3969 1154 4012 ru
1173 3959 1203 4011 et
1216 3969 1254 4011 vr.

198 4033 290 4094 hamc
306 4037 435 4107 juvene,
455 4037 509 4093 sed
532 4050 621 4102 sene,
641 4051 711 4092 cum
731 4049 827 4108 prope
846 4038 940 4107 esset,
961 4039 995 4094 ut
1073 4041 1101 4095 5.
1115 4039 1172 4096 Nnc
1186 4051 1277 4094 uum
1289 4050 1642 4096 vooanrronuounvrunr
1654 4040 1764 4108 Αιιιιι,
1779 4052 1831 4096 san
1844 4049 1936 4098 verse.

200 4121 368 4176 nascentur
394 4120 499 4177 isaac:
524 4118 557 4175 iu
583 4117 724 4190 signum,
754 4117 840 4192 quod
860 4120 994 4193 tempore
1037 4120 1714 4180 mrnrurnnnrslanealu.-hhremhebraioe
1724 4119 1832 4180 dieitur

200 4201 304 4260 Christi
325 4202 401 4260 Deus
423 4201 551 4272 exigeret
571 4199 781 4276 perlectionem
799 4215 817 4257 a
839 4200 993 4259 fidelihus.
1037 4203 1123 4280 quasi
1136 4207 1257 4270 etrum,
1272 4205 1304 4262 id
1317 4210 1379 4276 est,
1390 4209 1475 4279 pater
1490 4204 1636 4274 excelsus,
1648 4202 1703 4277 qui
1716 4203 1832 4263 excelsu

200 4283 312 4356 Religio
325 4284 406 4342 enim
418 4283 583 4342 Christiana
593 4298 656 4342 non
669 4286 713 4340 est
723 4282 817 4354 aliud,
829 4299 922 4357 quam
932 4283 993 4342 dis·
1037 4287 1159 4360 cogitat,
1174 4288 1205 4345 in
1217 4287 1360 4359 excelsis,
1377 4303 1407 4347 v.
1419 4303 1450 4360 g.
1464 4288 1496 4345 in
1515 4286 1683 4344 coelestibus
1695 4285 1813 4347 habitat
1819 4330 1830 4360 ,

198 4365 308 4441 eiplina
315 4408 326 4439 ,
341 4366 473 4426 officium
486 4371 515 4425 et
527 4369 650 4426 conatus
663 4367 704 4424 ad
721 4380 870 4426 summam
882 4366 993 4441 periec-
1037 4369 1153 4428 excelsa
1166 4375 1195 4428 et
1207 4371 1308 4428 divina
1320 4371 1443 4428 molitur
1456 4374 1484 4428 et
1497 4370 1596 4442 agitat.

198 4449 321 4509 tionem.
1072 4454 1154 4510 Nune
1173 4455 1248 4510 Deus
1267 4453 1378 4512 Abram
1398 4457 1486 4511 vocet
1504 4453 1654 4510 ahraham
1676 4453 1763 4526 quasi
1784 4462 1830 4516 :itt
1873 4467 1918 4512 ou

98 4558 169 4606 m,
234 4534 328 4592 ltedia
341 4534 381 4593 ad
391 4533 550 4607 eximiam,
571 4533 661 4593 etiarn
674 4533 910 4607 Religiosorum,
927 4551 994 4610 per·
1037 4545 1112 4620 nnn
1130 4544 1172 4598 ῠἹ
1197 4538 1231 4594 ot
1247 4553 1308 4594 rom
1322 4553 1416 4606 amon,
1436 4535 1468 4594 id
1487 4538 1547 4608 est,
1564 4538 1648 4610 pater
1664 4549 1782 4606 magna
1800 4541 1830 4593 et
1853 4528 1938 4632 ’Ἣ

80 4615 355 4675 molestiorem
367 4618 498 4692 suggerit
514 4622 632 4676 sanctus
646 4618 771 4693 quidam
791 4617 914 4689 doctor,
939 4620 994 4676 sci·
1037 4621 1159 4680 excelse
1173 4619 1385 4689 multitudinis,
1394 4635 1447 4678 seu
1456 4621 1540 4694 pater
1554 4619 1720 4676 multorum
1735 4617 1830 4676 excel·
1843 4590 1949 4696 ‘¹¹2¹ssssss

90 4685 176 4791 m
197 4699 266 4758 licet
280 4719 289 4758 ι
304 4705 416 4772 pomo,
436 4701 589 4759 ambulare
607 4701 715 4774 jugiter
733 4716 835 4759 coram
854 4703 913 4758 Deo
927 4719 937 4772 3
952 4717 994 4758 se·
1037 4704 1254 4778 sorum3quia,
1267 4708 1302 4761 ut
1318 4707 1462 4779 sequitur,
1486 4703 1652 4762 «constitui
1670 4706 1829 4779 tepatrem
1863 4709 1939 4759 haur

80 4806 183 4851 pamm,
197 4784 307 4855 modo,
321 4785 353 4842 in
367 4785 506 4842 omnihus
520 4827 530 4856 ,
545 4789 606 4842 tam
617 4783 770 4856 tristibus,
790 4798 882 4858 quam
901 4783 992 4857 laetis,
1036 4786 1197 4846 multarum
1210 4788 1357 4860 gentium,
1370 4809 1385 4842 a
1400 4793 1474 4863 puta
1492 4788 1664 4852 iudaeorum
1682 4791 1713 4847 et
1733 4788 1830 4847 Genti·

79 4868 186 4973 diw-
197 4865 385 4925 conformare
395 4867 581 4925 sevoluntati
593 4867 643 4925 liei
652 4907 664 4938 ,
677 4882 712 4924 ac
723 4865 820 4924 dicere
836 4884 843 4922 :
866 4865 928 4925 Fiat
940 4882 994 4927 vo·
1035 4872 1121 4930 lium
1139 4874 1213 4940 Quia
1227 4872 1456 4944 ergoabraham
1473 4871 1616 4929 haetenus
1634 4886 1690 4931 suo
1706 4872 1830 4932 nomina

79 4941 183 5038 &a
197 4949 296 5008 luntas
304 4954 357 5009 tua
365 4968 381 5022 ς
392 4950 430 5007 sit
439 4949 673 5009 nomentiomini
682 4949 881 5007 benedictum.
891 4950 991 5018 Tertio,
1036 4953 1112 5013 hene
1126 4971 1198 5012 usus
1206 4953 1276 5027 luit,
1291 4957 1427 5029 beneque
1440 4954 1498 5029 ipsi
1504 4955 1565 5014 vita
1577 4953 1694 5014 excelsa
1706 4971 1831 5031 respon·

196 5034 242 5093 vis
253 5033 311 5094 cito
326 5049 389 5094 esse
404 5033 550 5110 perlectus
565 5051 574 5092 τ
587 5033 686 5109 recipe
698 5036 728 5092 te
742 5033 775 5092 in
787 5030 916 5090 tandum
930 5033 994 5091 ani·
1037 5039 1101 5098 dit:
1115 5038 1184 5096 irino
1198 5038 1281 5096 aliud
1294 5039 1343 5096 hic
1356 5039 1504 5113 suscipere
1514 5041 1643 5096 meretur
1650 5080 1661 5110 ,
1678 5053 1742 5112 quo
1755 5038 1830 5096 ulios

683 5125 686 5134 ’
1036 5137 1158 5197 quoque
1170 5123 1280 5180 multos
1293 5122 1425 5182 excelsos
1434 5121 1532 5182 iacnt.
1548 5120 1578 5180 si
1595 5124 1624 5180 et
1642 5135 1698 5178 nos
1708 5134 1832 5196 respon·

228 5243 265 5310 m
278 5243 370 5296 m„
383 5244 496 5308 m
510 5242 567 5308 ,m
578 5239 673 5295 im,
684 5241 752 5294 „m
769 5254 831 5294 mm
848 5239 991 5293 Ammo
1037 5209 1161 5266 deamus
1174 5211 1289 5264 nomini
1303 5211 1427 5278 nostro,
1440 5205 1525 5280 qnod
1545 5222 1566 5264 a
1582 5205 1697 5265 Christo
1717 5201 1816 5264 nocer*

194 5325 252 5378 sep.
268 5325 315 5374 ιι,
337 5314 383 5366 aad
403 5313 446 5365 hic
464 5315 571 5374 maere
590 5309 789 5367 mmmm,
810 5317 946 5377 emmim,
960 5320 992 5364 u,
1036 5304 1124 5360 mus,
1136 5292 1220 5346 nubit
1233 5290 1321 5346 nohis
1334 5288 1418 5346 aliud
1432 5303 1563 5360 novum,
1576 5288 1763 5363 quodosiior

194 5383 276 5450 li‘1¹¹²‘
292 5381 509 5448 “meantium-
1036 5383 1214 5452 nominabit,
1229 5374 1310 5430 lscioe
1322 5370 1763 5446 cop.1.m,vere.23rtpoe.1u,
