4264 6038
735 283 978 349 conuenienti
995 287 1030 346 ill
1047 280 1208 359 GENESIM,
1226 301 1289 348 car.
1307 283 1375 348 xit.
1816 299 1871 360 193

241 396 274 460 et
292 399 406 462 contra
426 389 595 479 Semcbcr,
609 412 722 480 regem
739 391 894 481 Seboim,
907 401 1087 485 contraque
1105 415 1217 482 regem
1230 393 1342 482 bala,
1361 394 1433 486 ipsa
1450 401 1499 463 est
1516 393 1631 485 Segor.
1653 397 1686 467 3.
1701 397 1823 470 Omnes
1835 402 1872 473 hi

239 506 465 568 convenerunt
477 498 513 567 in
526 496 647 566 vallem
661 495 875 585 Silvestrem,
892 520 969 590 quae
980 521 1072 568 nuno
1083 506 1131 568 est
1143 519 1234 567 mare
1246 497 1335 568 salis.
1350 500 1384 566 1.
1400 498 1580 570 Duodecim
1593 503 1682 572 enim
1697 507 1793 575 aunis
1805 530 1873 578 ser·

238 604 368 673 vierant
379 602 673 687 Ghodorlahomor,
694 611 728 674 et
744 603 842 673 tertio
858 603 986 674 decimo
1001 625 1090 673 anno
1102 611 1306 674 recesserunt
1318 604 1360 674 ab
1372 625 1422 676 eo.
1443 605 1477 674 5.
1495 605 1602 695 Igitur
1614 617 1733 700 quarto
1746 612 1872 686 decimo

239 731 326 778 anno
339 711 431 779 veuit
444 707 737 794 Chodorlabomor,
759 716 791 778 et
804 730 896 798 reges
909 709 1075 801 quierant
1091 731 1169 779 cum
1189 731 1248 797 eo,
1269 719 1566 804 percusseruntque
1584 713 1748 807 Raphaim
1761 718 1797 786 in
1810 721 1872 790 As·
1894 785 1897 790 .

239 815 516 900 tarothcarnaim,
530 821 564 882 ct
577 815 696 884 Zuzim
708 836 785 884 cum
799 815 866 901 eis,
882 823 915 883 et
928 814 1037 884 Emim
1053 815 1090 884 in
1108 812 1194 884 Save
1207 815 1407 885 Cariathaim
1416 868 1427 902 ,
1446 815 1479 886 6.
1496 825 1530 886 ει
1540 816 1712 892 Chorraeos
1729 823 1764 892 in
1778 849 1873 896 mon·

239 919 329 990 tibus
343 919 429 1006 Seir,
451 941 558 1011 usque
575 918 618 988 ad
635 917 837 1010 Campestria
848 919 999 1004 Pharan,
1021 941 1098 1012 quae
1116 920 1219 990 estin
1237 921 1426 990 solitudine.
1449 923 1481 990 7.
1503 922 1704 1018 Reversiqua
1722 937 1818 1017 sunt,
1839 937 1873 1002 et

238 1033 402 1098 venerunt
414 1024 457 1096 ed
469 1025 595 1095 lunam
611 1023 772 1116 Misphat,
793 1025 864 1116 ipse
877 1033 925 1094 est
938 1025 1063 1094 Gades:
1086 1033 1119 1094 et
1137 1035 1366 1117 percusserunt
1378 1049 1510 1097 omnam
1529 1029 1696 1120 regionem
1709 1035 1873 1106 Amaleci·

239 1139 366 1218 tarum,
380 1140 413 1200 et
425 1131 659 1202 Amorrhoeum
679 1129 738 1222 qui
752 1130 921 1200 habitabat
940 1132 976 1201 iu
989 1132 1255 1201 Asasonthamar.
1276 1133 1309 1201 8.
1331 1131 1374 1201 Et
1392 1134 1512 1224 egressi
1528 1145 1626 1222 sunt,
1642 1160 1701 1207 rex
1713 1137 1872 1213 Sodomo-

238 1259 334 1324 rum,
356 1243 464 1308 atrax
482 1235 697 1322 Gomorrha,
721 1258 846 1328 rexque
862 1237 1019 1322 Adamae,
1040 1244 1074 1305 et
1091 1260 1150 1306 rex
1163 1237 1316 1324 Seboim,
1338 1260 1465 1308 necnon
1483 1246 1516 1308 et
1531 1262 1590 1310 rex
1602 1240 1712 1331 Baiae,
1735 1270 1811 1338 quae
1823 1258 1872 1320 est

239 1343 343 1432 Segor
353 1368 363 1410 r
374 1342 608 1414 etdirexcruut
617 1343 719 1412 aciem
726 1343 944 1411 contraeosin
954 1343 1040 1411 valle
1053 1341 1202 1412 Silvestri
1215 1368 1223 1410 ε
1235 1341 1269 1411 9.
1283 1343 1404 1412 scilicet
1412 1343 1569 1414 adversus
1577 1345 1869 1442 chodorlahomor,

238 1469 349 1538 regern
361 1449 594 1535 Elamitarum,
608 1456 642 1517 et
653 1445 800 1534 Thadal,
813 1469 925 1538 regem
938 1447 1108 1535 Gentium,
1122 1457 1156 1517 et
1168 1448 1361 1540 Amraphel,
1381 1470 1492 1538 regem
1508 1449 1669 1539 Sennaar,
1683 1463 1716 1524 et
1734 1459 1869 1548 Arioch,

237 1575 349 1643 regem
361 1553 461 1624 Ponti
475 1577 483 1620 :
498 1560 643 1646 quatuor
655 1572 748 1644 reges
760 1553 918 1622 adversus
930 1555 1090 1646 quinquo.
1109 1553 1162 1623 10.
1177 1553 1286 1623 Vallis
1300 1561 1410 1624 eutem
1424 1553 1591 1626 Silvestris
1604 1557 1744 1630 habebat
1757 1572 1871 1654 puteos

239 1658 360 1730 multos
372 1658 557 1729 bituminis.
568 1659 683 1753 ltaque
694 1680 752 1728 rex
763 1657 1025 1728 Sodomorumct
1036 1657 1229 1730 Gomorrha
1239 1667 1520 1750 tergaverterunt,
1536 1662 1789 1758 cecideruntque
1801 1669 1869 1740 ibi:

238 1773 270 1834 et
282 1765 343 1856 qui
356 1773 598 1850 remanserant,
616 1765 776 1856 fugeruut
788 1764 831 1834 ad
845 1771 1003 1834 montem.
1020 1765 1076 1833 11.
1088 1765 1255 1834 Tulerunt
1267 1773 1378 1834 autem
1391 1788 1524 1835 omnem
1537 1768 1754 1842 substantiam
1768 1772 1872 1844 Sodo-

238 1890 370 1940 morum
383 1878 417 1938 et
427 1870 640 1957 Gomorrha,
660 1880 694 1940 et
710 1870 866 1941 universa
881 1893 957 1963 quae
970 1869 1012 1940 nd
1025 1871 1137 1939 cibum
1150 1871 1336 1960 pertinent,
1356 1879 1389 1940 et
1405 1873 1582 1942 abierunt:
1608 1876 1660 1944 12.
1684 1899 1744 1948 uec
1758 1901 1825 1948 non
1839 1890 1871 1951 et

238 1975 299 2046 Lot
311 1983 344 2046 ει
356 1975 572 2048 substantiam
586 1977 676 2070 ejus,
690 1977 801 2048 filium
814 1977 924 2046 fratris
937 1976 1075 2062 Abram,
1091 1977 1150 2066 qui
1164 1975 1331 2046 habitabat
1343 1977 1380 2044 iu
1393 1977 1555 2048 Sodomis.
1575 1981 1628 2052 13.
1643 1981 1685 2051 Ει
1698 2005 1769 2054 εεεε
1783 2010 1872 2057 unrrs

239 2082 298 2173 qui
311 2091 475 2169 evaserat,
490 2085 658 2153 nuntiavit
669 2083 795 2154 Abram
808 2083 967 2168 Hebraeo,
982 2081 1041 2174 qui
1053 2081 1224 2152 habitabat
1235 2083 1271 2152 in
1284 2082 1433 2154 convalle
1446 2083 1593 2155 Mambre
1605 2089 1792 2160 Amorrbaei
1805 2094 1870 2162 fra-

240 2187 299 2256 tris
309 2187 403 2258 maol
415 2239 425 2274 ,
439 2197 473 2258 et
484 2189 595 2259 fratris
607 2190 699 2258 Aner
712 2213 721 2256 ε
737 2188 774 2258 hi
786 2189 875 2258 enim
888 2187 1080 2281 pepigerant
1092 2187 1201 2257 fredus
1212 2209 1290 2256 cum
1303 2187 1440 2257 Abram.
1459 2191 1512 2258 11.
1527 2190 1624 2272 Quod
1636 2214 1713 2263 cum
1727 2197 1871 2268 audisset

239 2293 385 2379 Abram,
400 2303 532 2387 captum
546 2295 698 2364 videlicet
709 2294 772 2364 Lot
783 2294 919 2363 fratrem
933 2315 1053 2378 suum,
1069 2293 1257 2363 numeravit
1270 2294 1438 2386 expeditos
1450 2297 1643 2367 vernaculos
1656 2321 1733 2370 suos
1745 2309 1870 2374 trecen-

240 2407 288 2467 tos
302 2400 413 2470 decem
426 2410 459 2469 et
471 2409 544 2471 octo
559 2426 566 2469 :
582 2410 615 2470 et
627 2409 817 2494 persecutus
829 2408 878 2470 cst
891 2422 996 2493 usque
1009 2399 1093 2471 Dan.
1115 2399 1168 2469 15.
1183 2399 1226 2470 Et
1238 2399 1353 2470 divisis
1364 2400 1459 2469 sociis
1471 2400 1571 2470 irruit
1581 2424 1681 2493 super
1693 2428 1749 2476 eos
1762 2417 1868 2496 nocte,

238 2506 463 2599 percussitque
476 2529 553 2594 eos,
575 2516 608 2576 et
626 2515 815 2600 persecutus
827 2515 876 2576 est
887 2528 943 2576 eos
956 2527 1063 2599 usque
1078 2505 1194 2590 Heba,
1214 2527 1290 2596 quse
1303 2513 1352 2574 est
1364 2505 1406 2574 ad
1419 2505 1538 2576 lavam
1551 2507 1711 2579 Damasci.
1739 2513 1792 2582 16.
1807 2514 1872 2584 Βε-

239 2610 400 2703 duxitque
413 2634 545 2682 omnem
563 2613 802 2699 substantiam,
823 2610 930 2682 etLot
942 2611 1077 2681 fratrem
1090 2633 1189 2683 suum
1204 2634 1281 2680 oum
1294 2610 1596 2698 substantiaillius,
1618 2615 1776 2688 mulieres
1788 2642 1873 2713 quo·

240 2737 304 2808 que
316 2725 349 2786 et
362 2720 535 2810 populum.
554 2721 607 2787 17.
623 2719 782 2810 Egressus
795 2725 965 2788 astantem
979 2739 1039 2788 rex
1053 2716 1274 2788 Sodomorum
1287 2717 1324 2784 in
1337 2738 1509 2788 occursum
1522 2718 1612 2810 ejus,
1634 2729 1808 2815 postquem
1822 2749 1872 2796 ra-

241 2841 355 2892 versus
368 2833 417 2892 est
428 2846 449 2893 a
462 2827 550 2896 cade
562 2824 857 2912 Chodorlabomor,
872 2833 905 2895 ct
918 2846 1034 2914 regum
1047 2825 1107 2916 qui
1120 2845 1196 2893 cum
1209 2844 1249 2892 eo
1259 2831 1354 2892 eraut
1366 2822 1402 2893 iu
1415 2823 1503 2894 valle
1514 2823 1612 2911 Save,
1626 2849 1704 2919 quae
1716 2839 1765 2898 est
1775 2831 1873 2904 vallis

240 2928 337 3018 regis.
356 2930 409 3000 18.
420 2930 466 2998 Αι
478 2953 558 3001 vero
570 2930 820 3019 Melchisedech,
830 2953 890 3002 rex
902 2929 1026 3014 Salem,
1042 2930 1209 3021 proterens
1220 2947 1340 3020 panem
1354 2938 1387 2998 et
1400 2928 1531 3016 vinum,
1543 2933 1711 3002 eratenim
1724 2937 1872 3007 sacerdos

238 3033 298 3104 Dei
311 3035 483 3121 altissimi,
500 3035 554 3105 19.
569 3035 738 3106 benedixit
751 3037 804 3121 ei,
819 3043 852 3106 et
863 3035 910 3104 ait
925 3058 934 3102 ε
952 3035 1148 3104 benedictus
1160 3034 1286 3103 Abram
1299 3033 1368 3103 Deo
1380 3035 1507 3103 excelso
1518 3085 1529 3121 ,
1542 3035 1603 3129 qui
1614 3038 1738 3107 creavit
1748 3041 1872 3110 caelum

240 3148 272 3208 et
283 3131 425 3210 terrani:
446 3141 502 3210 20.
518 3148 551 3210 et
562 3139 754 3211 benedictus
768 3139 856 3213 Deus
868 3141 1015 3211 excelsus
1026 3193 1037 3228 ,
1050 3163 1118 3234 quo
1131 3147 1342 3233 protegente,
1361 3137 1471 3209 hostes
1483 3140 1520 3208 in
1532 3141 1688 3212 manibus
1700 3144 1766 3213 tuis
1778 3155 1868 3216 suut.

241 3241 282 3312 Et
293 3245 381 3338 dedit
394 3247 425 3316 ei
436 3247 578 3324 decimas
590 3269 632 3317 ex
642 3248 809 3318 omnibus.
825 3247 881 3318 21.
893 3247 984 3316 Dixit
996 3255 1108 3319 autem
1120 3269 1178 3316 rex
1192 3244 1414 3316 Sodomorum
1425 3243 1469 3315 ad
1480 3245 1627 3316 Abram:
1642 3246 1692 3316 Da
1704 3247 1787 3319 mibi
1799 3252 1872 3321 ani·

240 3375 311 3422 mas
322 3403 332 3438 ,
345 3359 465 3424 caetera
476 3353 555 3423 tolle
568 3353 640 3423 tibi.
655 3353 712 3422 22.
726 3351 794 3437 Qui
807 3354 976 3446 respondit
988 3355 1019 3423 ei
1034 3378 1043 3422 τ
1064 3351 1155 3423 Levo
1173 3369 1312 3423 manum
1324 3371 1433 3422 meam
1444 3349 1488 3422 ad
1499 3350 1681 3423 Dominum
1695 3353 1802 3426 Deum
1815 3379 1872 3426 cx·

239 3455 364 3527 celsum
377 3479 592 3550 possessorem
612 3458 689 3530 caeli
701 3467 735 3529 et
750 3465 861 3547 terrm,
875 3459 932 3530 23.
948 3458 1039 3552 quod
1050 3483 1072 3530 a
1083 3459 1141 3528 filo
1153 3453 1372 3547 subtegminis
1383 3479 1490 3549 usque
1502 3455 1545 3527 ad
1556 3458 1732 3551 corrigiam
1742 3461 1873 3552 caliga,

239 3584 308 3632 non
322 3561 478 3656 accipiam
490 3585 531 3634 ex
542 3564 698 3635 omnibus
708 3585 786 3658 qnae
804 3574 863 3635 tua
880 3573 980 3652 sunt,
1000 3586 1043 3635 ne
1058 3563 1173 3636 dicas:
1192 3563 1264 3654 Ego
1279 3561 1384 3633 ditavi
1396 3561 1547 3632 Abram:
1569 3560 1625 3632 21.
1643 3565 1786 3658 exceptis
1797 3565 1871 3655 his,

240 3689 317 3760 quae
332 3667 545 3740 comederunt
561 3669 724 3762 juvenes,
746 3678 780 3740 et
803 3670 954 3762 partibus
976 3669 1147 3757 virorum,
1166 3669 1227 3762 qui
1246 3675 1412 3740 venerunt
1430 3687 1581 3757 mecum,
1600 3669 1705 3758 Aner,
1722 3669 1817 3742 Escol
1840 3680 1874 3742 et

239 3772 409 3846 Mambre:
424 3775 480 3846 isti
492 3775 651 3868 accipient
663 3784 771 3868 partes
784 3795 872 3846 suas.

1 4069 2 4075 ἵ
121 4011 182 4060 res.
205 4015 226 4060 t.
275 4009 477 4078 laruarum
491 4017 547 4063 nux
560 4003 1033 4078 srrram,-rexaehylonis,uri
1112 4004 1232 4064 Videtur
1242 4002 1423 4076 ergoltinus,
1437 4001 1578 4062 habetata
1589 4003 1874 4066 monarchiaextta·

240 4089 303 4148 cdxi
317 4104 383 4164 cap.
404 4101 446 4160 xr,
460 4103 536 4148 vers.
551 4089 580 4145 2.
595 4089 645 4145 liic
663 4103 735 4159 crgo
748 4087 906 4161 Amraphel
919 4085 1037 4146 ridetur
1078 4084 1192 4162 bylone
1208 4085 1241 4145 in
1257 4086 1409 4152 Niniuem,
1420 4083 1514 4144 alium
1531 4099 1633 4158 regem
1649 4086 1698 4147 vel
1710 4089 1875 4161 viceregern

240 4173 342 4230 tertius
355 4176 406 4230 aut
418 4173 544 4246 quartus
561 4169 651 4230 tuisse
664 4186 683 4230 a
695 4172 843 4241 Nemrod,
855 4167 954 4244 primo
967 4185 1036 4243 rege
1078 4170 1111 4228 in
1123 4169 1275 4245 Babylone
1284 4167 1574 4241 constituissemus
1583 4167 1632 4226 hic
1642 4171 1802 4244 amraphel
1812 4171 1876 4231 iue-

240 4259 270 4313 et
279 4261 408 4330 tyranno
417 4253 589 4329 Babylonis.
605 4257 744 4324 Rursum,
754 4252 971 4328 hictmraphel
980 4252 1037 4312 tuit
1079 4252 1118 4311 rit
1128 4266 1291 4312 successor.

239 4340 355 4414 primus
364 4343 393 4398 et
405 4339 574 4414 praecipuus
587 4336 677 4410 hujus
689 4336 762 4397 belli
775 4337 839 4396 dux
853 4337 901 4412 (1).
1115 4337 1188 4395 Nota
1203 4353 1210 4393 :
1225 4331 1419 4394 tlocbellum
1435 4333 1554 4395 videtur
1566 4336 1723 4410 contigisse
1740 4338 1875 4412 quinque

275 4423 357 4482 Dices
378 4439 386 4480 :
408 4421 566 4492 Quomodo
585 4435 657 4494 crgo
679 4421 824 4494 losephus
844 4419 1036 4479 bochellum
1081 4417 1542 4494 circiterannispostegressum
1551 4417 1876 4482 Abrahaedotlaranin

239 4511 327 4565 vocat
338 4505 454 4566 bellum
464 4509 494 4565 et
505 4504 667 4564 exercitum
681 4505 887 4579 Assyriorum?
902 4507 1034 4578 Respon·
1083 4501 1234 4572 chanaan,
1241 4501 1294 4575 qui
1305 4498 1427 4573 contigit
1434 4516 1514 4561 auno
1522 4501 1648 4561 Abrahae
1656 4503 1701 4574 75,
1712 4502 1874 4575 Genaua.

240 4587 298 4649 deo
311 4608 318 4646 ε
329 4588 390 4648 Sub
400 4587 526 4664 Assyriis
537 4585 717 4661 Babylonios
727 4587 873 4659 intelligit,
882 4588 945 4660 jam
956 4587 1037 4644 enim
1080 4585 1154 4644 Nam
1168 4588 1250 4656 gesta
1267 4581 1408 4653 Abrahae,
1423 4599 1442 4642 a
1458 4599 1525 4660 cap.
1543 4600 1586 4644 ru
1601 4585 1774 4662 hucusque,
1788 4586 1875 4648 facile

239 4673 474 4748 unaeademque
484 4676 547 4732 erat
559 4671 732 4730 monarchia
746 4672 933 4744 Assyriorum
946 4674 975 4727 et
984 4673 1037 4728 Be·
1080 4667 1214 4742 qulnque
1228 4682 1323 4728 anuos
1335 4673 1520 4740 exposcunt,
1538 4669 1581 4728 uti
1591 4674 1621 4728 et
1632 4671 1767 4746 quinque
1778 4687 1876 4733 anuos

239 4754 437 4830 hyloniorum
454 4773 463 4812 ε
484 4769 588 4816 omues
601 4753 682 4813 anim
695 4753 727 4811 hi
739 4767 823 4825 reges
841 4751 954 4812 subditi
971 4751 1036 4810 tue·
1079 4753 1260 4826 exposcunt,
1271 4765 1341 4824 qum
1353 4749 1393 4808 ab
1404 4749 1464 4809 hoc
1477 4765 1543 4824 cap.
1557 4757 1716 4814 narrantur
1728 4756 1878 4831 usquead

137 4878 143 4888 ι
238 4844 310 4902 tunt
319 4840 383 4913 regi
394 4837 596 4913 Assyriorum,
609 4837 719 4896 scilicet
731 4836 805 4896 Nino
819 4835 998 4897 monarchae.
1080 4849 1146 4909 cap.
1168 4848 1232 4903 rvr,
1246 4831 1354 4892 scilicet
1369 4848 1464 4907 usque
1481 4833 1522 4892 ad
1534 4833 1716 4896 nativitatem
1728 4837 1875 4912 ismaelis,

1079 4932 1149 4993 que
1166 4913 1289 4990 contigit
1300 4930 1381 4976 anno
1395 4914 1511 4975 decimo
1527 4919 1713 4978 avocatione
1730 4919 1876 4996 Abrahoe,
1998 4945 2008 4958 ·

272 4991 308 5057 (1)
321 4989 425 5045 Rectius
434 4989 566 5043 habraam
579 4987 746 5055 Septuaginta
760 4994 875 5053 vertum,
886 4989 985 5041 tactum
996 4993 1036 5040 est
1080 5004 1114 5060 up
1125 5005 1205 5076 patet
1218 5015 1283 5075 cap,
1296 5014 1356 5072 m,
1367 5015 1445 5059 vers,
1456 5001 1486 5059 3,

239 5058 1038 5197 pppptqfssreffitqfflffigffibffigfflfflffiffgffl
1114 5081 1875 5161 contigitergohochctlumsubsnnumnbranaao,
2003 5107 2006 5112 ·

239 5201 308 5266 riori
318 5204 449 5268 temporis,
458 5215 510 5268 quo
518 5202 574 5254 hac
583 5206 655 5267 gesta
663 5207 731 5253 sunt.
745 5199 935 5253 toleratorum
945 5211 1037 5264 regum
1079 5166 1602 5266 (111111111111111111101111118111111111
1615 5172 1689 5268 1111111
1702 5171 1813 5233 Abram
1823 5185 1878 5231 ¹1⁸·

239 5273 398 5399 ffiipnnm
419 5272 678 5326 chodorlahomorem
694 5270 784 5337 misso,
796 5270 841 5324 cul
858 5269 952 5338 reliqui
964 5271 1037 5324 auxi·
1078 5254 1178 5348 11131111
1187 5265 1267 5310 1111110
1275 5253 1311 5308 13
1320 5251 1878 5346 111111111011111111111111161111111181111·
1980 5361 1982 5366 7

318 5343 448 5410 totamm,
461 5343 581 5408 rotinere
593 5347 657 5400 este
670 5353 735 5394 vers.
749 5343 774 5392 t.
1078 5339 1120 5394 art
1128 5347 1223 5392 annos
1233 5333 1277 5394 52.
1285 5333 1432 5412 Novenms
1439 5347 1510 5414 ergo
1517 5338 1580 5410 erat
1587 5337 1709 5414 Abram,
1715 5354 1787 5400 oum
1794 5345 1876 5398 rtttttt·v
1947 5378 1954 5390 .

419 5445 445 5491 ι.
1660 5437 1697 5494 13
