4042 6032
259 243 337 302 1.le

258 345 1050 422 prorsmmodoconflrmatamrcpcrics.l>raetereaquia
1093 345 1254 404 concreatis
1269 347 1380 404 nature
1400 342 1516 416 legibus
1535 343 1619 419 (que
1630 341 1705 402 nihil
1718 341 1883 400 aliudsuat

258 431 322 490 haec
334 438 378 490 est
389 434 438 491 vel
451 433 585 490 omnium
598 431 804 504 geologcrunr,
814 430 863 489 vel
873 430 976 488 saltem
983 429 1050 503 plu·
1094 427 1150 486 nisi
1164 429 1302 488 creatoris
1312 427 1479 486 voluntates
1492 427 1670 486 universales
1681 442 1749 497 eeu,
1761 425 1883 484 tortasse

258 516 336 578 rium
354 532 516 589 eorumque
533 515 770 573 doctissimorum
791 515 847 572 hac
866 515 904 573 de
923 529 955 570 re
973 517 1051 572 certa
1094 514 1267 583 accuratius,
1281 513 1443 570 uniformes
1456 516 1485 568 et
1495 511 1720 586 permanentes),
1731 514 1765 568 ut
1776 511 1845 568 inde
1855 513 1885 568 et

259 599 415 666 sententiar
435 616 470 656 nc
486 601 571 671 iuxta
584 598 716 672 prudens
729 597 890 656 Aristotelis
908 596 1050 671 placitum
1094 595 1221 654 coelestia
1231 611 1357 670 corpora
1368 596 1573 666 coalescerent,
1583 600 1612 651 et
1621 597 1713 654 mixta
1723 596 1885 655 formaren-

259 699 294 740 aa
306 682 462 756 probanda
480 686 548 739 sunt
566 697 634 754 quoe
652 681 701 738 vel
714 682 753 738 ab
773 681 913 738 omuibus
927 679 1050 750 alicuius
1094 681 1884 754 turetomaianaturoephaenomeuaexsurgcrent,tum

258 765 384 822 scientim
398 764 577 836 cultoribus,
591 765 639 822 vcl
652 781 671 821 a
683 763 839 838 pluribus,
854 764 902 821 vel
915 781 934 820 a
945 762 1052 837 princi·
1094 763 1192 820 solum
1206 764 1373 820 immediate
1387 781 1485 838 perse
1499 777 1600 835 agens,
1613 765 1666 822 ubi
1679 766 1761 838 operi
1775 783 1793 822 a
1805 783 1884 824 crea·

257 848 347 922 pibus
355 847 507 905 docentur.
517 847 646 922 lienique
653 848 724 920 quia
733 847 882 904 rationum
890 851 1050 916 momenta,
1094 850 1156 903 tore
1170 848 1280 904 intento
1295 853 1405 906 naturae
1418 849 1494 904 vires
1512 847 1639 921 impares
1655 854 1751 907 essent
1766 869 1773 906 :
1788 852 1885 924 potuit

259 932 368 1006 quibus
381 947 485 988 eorum
499 931 632 987 innititur
646 932 795 1002 doctrina,
812 930 921 988 summi
939 931 1052 1004 ponde-
1095 946 1200 1003 nempe
1214 931 1329 1002 legibus
1343 949 1363 988 a
1381 948 1412 989 se
1430 933 1495 1005 ipso
1509 933 1626 990 sancitis
1639 939 1748 990 creatas
1763 951 1809 992 res
1822 951 1884 992 noa

258 1017 298 1072 ris
317 1032 379 1071 esse
395 1016 542 1073 videntur.
561 1017 671 1074 Revera
690 1032 759 1072 cum
777 1015 989 1088 perspiciamus
1009 1019 1051 1072 tot
1095 1016 1193 1073 solum
1206 1034 1397 1088 conservare,
1411 1019 1462 1074 sed
1481 1020 1567 1076 etlam
1586 1019 1684 1075 modis
1698 1021 1784 1078 variis
1798 1021 1885 1094 perti·

258 1105 369 1157 naturae
384 1099 545 1174 discipulos
557 1101 588 1158 in
598 1101 657 1158 boc
670 1100 838 1172 convenire,
852 1102 1052 1174 quorumple-
1094 1114 1171 1170 cere,
1186 1102 1354 1160 consociare
1365 1105 1394 1158 et
1401 1101 1485 1158 aliter
1493 1106 1582 1176 atque
1590 1103 1673 1159 aliter
1681 1103 1828 1174 effingere,
1843 1108 1885 1162 at·

258 1185 341 1256 rique
355 1199 392 1241 cx
411 1184 512 1252 innata
523 1185 655 1256 gloriolae
668 1185 825 1259 cupiditate
844 1183 917 1242 nihil
937 1184 1052 1242 malunt
1095 1199 1153 1258 qua
1167 1186 1210 1259 (ιιι
1222 1187 1371 1246 christiani
1384 1193 1479 1260 poetae
1493 1188 1593 1260 phrasi
1608 1190 1680 1258 utar)
1697 1204 1824 1247 «ornare
1838 1206 1887 1246 su-

259 1283 349 1342 quum
369 1284 448 1326 nova
462 1269 594 1343 proferre
606 1274 636 1326 et
652 1269 727 1326 alios
745 1269 891 1339 refellere,
911 1268 964 1344 qui
978 1269 1052 1326 inter
1095 1270 1274 1341 perinductis
1286 1268 1424 1328 informia
1438 1271 1540 1328 tormis
1555 1271 1631 1344 (t),c
1654 1273 1737 1344 quod
1751 1277 1779 1329 et
1793 1275 1884 1330 modo

259 1369 289 1408 so
306 1351 337 1408 in
351 1353 515 1410 theoreticis
534 1352 748 1428 questionibus
770 1369 847 1426 saepe
866 1351 1052 1422 dissentiunt,
1096 1353 1172 1408 lacit.
1187 1355 1226 1410 lta
1236 1354 1339 1428 primis
1348 1354 1406 1411 illis
1417 1354 1694 1412 statimacreatione
1702 1356 1886 1429 temporibus

260 1436 311 1508 qui
323 1450 401 1509 saepe
417 1436 448 1492 iu
465 1437 582 1504 mullis,
602 1437 705 1494 acriter
724 1436 902 1509 aliquando,
918 1439 1053 1509 pugnant
1097 1453 1132 1493 ea
1143 1439 1255 1494 ratione
1270 1437 1301 1494 in
1312 1438 1426 1495 mundo
1438 1442 1575 1511 operatus
1588 1441 1672 1509 esset,
1684 1454 1718 1496 ec
1731 1439 1887 1513 postprio-
1938 1489 1945 1502 ,

260 1522 320 1580 sive
330 1537 386 1595 pro
400 1539 480 1594 aqua
491 1523 552 1580 sive
563 1537 619 1596 pro
636 1523 704 1592 igne
717 1523 806 1596 (undo
817 1521 1052 1594 Neptunistarum
1096 1535 1164 1577 rum
1183 1521 1360 1578 creationem
1376 1525 1530 1595 parentum
1547 1538 1662 1594 semper
1681 1527 1818 1596 operatus
1831 1529 1885 1594 cst,

261 1610 288 1662 et
299 1606 531 1664 Vulcanistarum
542 1606 590 1662 vel
603 1606 831 1664 Plutonistarum
840 1605 1052 1679 appellationes
1097 1605 1236 1661 nimirum
1253 1621 1307 1680 per
1326 1611 1438 1662 natura
1458 1606 1552 1678 leges,
1575 1605 1767 1664 interveniens
1787 1613 1888 1666 tamen

261 1691 353 1762 ortu),
362 1705 492 1765 quorum
502 1691 551 1747 alii
565 1690 679 1748 sincera
692 1690 783 1747 animi
791 1689 933 1760 religione
946 1690 1055 1747 revela·
1096 1688 1159 1762 ipse
1172 1689 1273 1759 legum
1285 1690 1463 1747 naturalium
1483 1689 1645 1747 ministerio
1663 1690 1716 1748 uhi
1736 1692 1796 1748 istra
1814 1693 1888 1750 deti-

262 1780 305 1836 tas
318 1776 450 1834 veritates
465 1775 642 1846 detendunt,
656 1775 706 1832 alii
719 1775 756 1832 de
769 1775 816 1830 his
825 1774 876 1831 vix
889 1778 941 1830 aut
954 1789 989 1830 ne
1003 1773 1053 1830 vix
1097 1775 1186 1832 ciunt.
1201 1777 1242 1832 lta
1255 1778 1313 1832 lico
1326 1775 1482 1848 placuisse,
1497 1775 1655 1848 geologicra
1667 1775 1888 1850 disquisitiones

263 1857 1054 1934 quidemeogitant,aliiillisaperteadversantur3pro-
1097 1858 1592 1932 ostendunt,atqueinnuerectiam
1604 1857 1890 1932 aliquoinlocolto-
1980 1911 1982 1914 .

263 1945 336 2002 tecto
349 1944 520 2014 hujusmodi
533 1957 695 2000 consensus
709 1940 896 1998 validissimis
910 1939 1053 1997 dicendus
1097 1958 1143 1998 scs
1152 1943 1278 2012 videtur,
1289 1941 1674 2016 quodiniraindicabimus.
1687 1949 1746 2014 Ago
1758 1960 1829 2001 vero
1840 1965 1847 2000 :
1858 1947 1887 2006 Si

263 2031 306 2085 est
318 2027 400 2099 gigni
411 2025 605 2097 argumentis,
621 2023 788 2097 cujusmodi
801 2031 870 2082 sunt
883 2039 950 2097 quae
965 2039 981 2080 e
994 2021 1053 2080 iac·
1097 2029 1208 2084 naturae
1221 2026 1336 2096 legibus
1349 2025 1468 2083 tumhio
1477 2040 1566 2099 quern
1575 2026 1811 2096 nosincolimm,
1822 2033 1887 2086 tuna

262 2111 299 2168 tis
313 2125 399 2167 sensu
417 2110 576 2182 perceptis,
595 2107 689 2181 iisque
703 2107 832 2178 maguis,
846 2105 1011 2178 insignibus
1025 2111 1054 2164 ct
1097 2109 1146 2167 alii
1165 2109 1274 2166 similes
1293 2109 1376 2182 globi
1395 2109 1544 2178 coaluere,
1564 2113 1627 2166 tum
1647 2125 1714 2182 quae
1733 2111 1889 2171 mineralia

263 2193 464 2252 constantibus
472 2197 576 2265 sponte
586 2191 748 2249 dimanant.
759 2189 890 2248 Proiecto
900 2190 1053 2248 satisclare
1097 2199 1203 2251 vocant
1213 2199 1241 2249 ct
1253 2197 1341 2252 strata
1350 2193 1492 2251 terrestris
1501 2192 1616 2250 corticis
1629 2197 1780 2252 etmontes
1790 2196 1889 2254 etalio

155 2353 158 2358 Ι
264 2277 518 2350 natmaloquatur
531 2279 657 2348 oportet,
671 2274 1053 2349 utintcrscejusintcrpre-
1097 2277 1267 2348 huiusmodi
1280 2277 1436 2336 constituta
1449 2280 1534 2348 sunt;
1553 2279 1629 2334 certo
1647 2293 1699 2334 sex
1716 2282 1888 2336 nostrorum

264 2370 305 2422 tes
316 2369 378 2421 tam
391 2363 464 2420 mire
477 2362 652 2418 conveniant
665 2362 712 2434 (ι).
733 2365 774 2418 Ex
787 2361 850 2429 his,
871 2361 919 2416 vel
937 2362 1054 2417 natura·
1098 2359 1213 2419 dicrum
1230 2361 1288 2418 hoc
1308 2376 1384 2434 opus
1402 2357 1548 2430 nonfuit,
1568 2360 1621 2417 sed
1639 2361 1779 2433 temporis
1797 2361 1888 2432 longe

265 2447 337 2504 lium
359 2445 545 2504 scientiarum
569 2445 740 2516 imperitus,
755 2443 852 2518 quivis
879 2442 1053 2501 concludere
1097 2443 1303 2515 diuturnioris,
1316 2448 1521 2519 quotcmpore
1534 2442 1588 2501 filii
1601 2443 1665 2514 lici,
1679 2461 1785 2518 nempe
1799 2461 1887 2518 ange-

264 2531 360 2602 debet,
372 2530 475 2588 saltem
484 2528 570 2588 valde
579 2529 766 2603 probabilem
776 2541 879 2584 corum
889 2526 1053 2584 doctrinam
1096 2526 1885 2602 licreintelligentim,creatoremlaudantesJ'ubilnbant,

264 2629 335 2685 esse,
350 2613 472 2672 docente
485 2614 606 2672 suario:
623 2611 801 2669 «Sententiae
815 2612 910 2682 magis
922 2609 1054 2684 philoso-
1098 2617 1126 2668 et
1139 2612 1262 2670 mirifica
1275 2612 1353 2669 iltius
1368 2627 1458 2687 opera
1470 2615 1499 2668 et
1516 2614 1682 2670 concreatae
1696 2611 1735 2670 ab
1752 2625 1789 2674 eo
1806 2612 1886 2683 leges

264 2698 357 2770 phicm
368 2702 397 2754 et
408 2698 515 2755 rationi
524 2697 671 2755 conformi
680 2695 773 2768 magis
785 2696 989 2752 inhaerendum
1000 2699 1054 2767 cst,
1098 2697 1341 2770 sapientissimas,
1357 2711 1391 2754 ac
1404 2693 1638 2754 focunmssimas
1651 2695 1885 2754 admirabantur.

265 2783 385 2857 quando
402 2782 548 2858 Scriptura
563 2796 625 2838 non
637 2780 752 2851 cogit»
768 2781 809 2836 Dc
824 2779 903 2850 Oper.
914 2793 971 2835 sea.
984 2779 1053 2836 dier.
1097 2783 1133 2838 m
1139 2781 1228 2852 hujus
1237 2779 1378 2854 temporis
1385 2777 1574 2839 intervallum
1583 2782 1728 2852 quantum
1737 2777 1823 2836 luerit
1835 2781 1888 2836 de-

267 2866 316 2923 tib.
330 2868 369 2936 tt,
382 2880 448 2939 cap.
463 2880 512 2922 vn.
1098 2865 1252 2922 terminare
1265 2879 1328 2922 non
1339 2862 1555 2939 possumusttt).
1570 2860 1665 2922 Potuit
1677 2866 1753 2920 certe
1765 2862 1887 2922 nemra

301 2953 438 3009 «Poterat
451 2949 643 3023 Omnipotens
661 2951 690 3007 et
703 2963 763 3006 uno
777 2951 928 3006 momento
942 2953 1055 3020 tempo·
1098 2946 1170 3021 ipsis
1189 2947 1305 3020 legibus
1326 2946 1436 3021 quibus
1457 2945 1618 3006 etiamnum
1638 2949 1750 3004 natura
1766 2961 1888 3005 cursum

266 3037 304 3094 ris
317 3036 418 3094 omnia
429 3034 558 3104 lacera»
575 3037 608 3091 ut
617 3032 715 3090 verbis
724 3030 878 3104 Augustini
890 3029 927 3104 (Ξ)
938 3034 1014 3102 utar,
1026 3034 1056 3089 et
1099 3032 1268 3090 moderatur
1282 3037 1310 3090 et
1324 3031 1413 3105 regit,
1426 3046 1489 3091 nou
1508 3029 1599 3090 modo
1612 3043 1738 3103 corpora
1750 3030 1888 3088 universa

241 3119 243 3126 ’
266 3136 310 3179 rcs
322 3120 474 3178 universas
488 3117 663 3190 cogitatione
676 3117 742 3190 ipsa
755 3116 877 3174 celerius
890 3114 1055 3174 elaboratas
1098 3121 1314 3188 coagmentare,
1324 3113 1889 3188 sedetatmosphaeramacrassiorima·

266 3205 483 3278 completasque
494 3203 625 3276 prolerre
631 3222 640 3274 3
652 3205 767 3275 poterat
775 3200 919 3256 clementa
927 3200 1056 3258 etmixta
1098 3199 1170 3258 teria
1183 3216 1343 3271 secernere,
1355 3205 1384 3259 et
1393 3216 1447 3275 per
1457 3214 1523 3257 eam
1536 3198 1700 3272 superiores
1710 3213 1814 3272 aquas,
1826 3197 1848 3254 i.
1859 3214 1887 3254 e.

265 3294 292 3347 et
300 3290 418 3362 organis
429 3289 552 3362 praedita
562 3303 688 3362 corpora
696 3291 759 3343 turn
771 3284 980 3356 vegetandum,
990 3289 1054 3342 turn
1097 3283 1210 3354 nubes,
1232 3300 1249 3354 a
1269 3284 1453 3342 terrestribus
1467 3282 1551 3356 aquis
1571 3297 1720 3354 separare,
1737 3285 1766 3338 et
1781 3281 1836 3339 has
1855 3282 1889 3338 in

266 3372 448 3442 animalium,
462 3373 611 3445 simulque
625 3371 738 3430 animas
748 3385 859 3442 creare,
872 3383 980 3442 easque
991 3383 1055 3425 cor-
1097 3383 1191 3424 unum
1204 3366 1303 3424 locum
1316 3368 1377 3424 sive
1390 3368 1421 3423 in
1429 3366 1517 3441 plura
1529 3380 1720 3438 cougregarm
1734 3366 1830 3439 potuit
1844 3381 1890 3424 sc-

267 3458 387 3530 poribus
399 3457 588 3528 coniungere.
607 3458 739 3512 «Verum
759 3455 826 3527 quis
840 3451 923 3510 novit
935 3467 1055 3510 sensum
1097 3449 1179 3507 mina
1195 3450 1241 3506 vel
1258 3449 1404 3508 minutula
1422 3447 1556 3520 germina
1569 3449 1602 3506 in
1620 3449 1741 3508 arbores
1761 3449 1889 3523 ampliti-

174 3562 178 3570 ·
268 3541 391 3611 homini,
404 3547 455 3598 aut
467 3541 535 3613 quis
548 3537 732 3595 consiliarius
747 3537 810 3608 ejus
823 3536 922 3593 tuiti»
939 3536 1055 3592 Certum
1097 3549 1173 3604 cara,
1184 3538 1272 3606 atque
1281 3537 1360 3590 astra
1367 3533 1433 3591 coeli
1441 3531 1539 3591 telluri
1547 3537 1653 3592 nostrae
1660 3533 1890 3608 perspicuared·

266 3625 510 3699 exploratumque
523 3626 576 3689 cst,
590 3636 660 3677 eum
673 3619 704 3676 id
716 3619 858 3692 potuisse,
872 3617 1001 3675 noluisse
1013 3622 1056 3674 ta·
1099 3615 1177 3674 dere.
1193 3619 1256 3674 tam
1268 3632 1340 3676 vero
1353 3617 1378 3674 si
1392 3619 1466 3675 Deus
1479 3615 1581 3688 legum
1594 3631 1714 3676 suarum
1726 3618 1888 3676 ministerio

268 3723 335 3765 men
353 3725 361 3764 ι
377 3706 460 3781 quod
482 3708 510 3761 et
529 3702 688 3775 geologicsa
709 3702 928 3760 observationes
950 3699 1056 3758 confir·
1099 3717 1170 3758 usus
1178 3715 1240 3758 non
1252 3707 1304 3772 cst,
1319 3700 1461 3759 dicendus
1472 3700 1526 3758 erit
1535 3703 1636 3758 omnia
1646 3701 1814 3760 immediate
1823 3718 1890 3777 per-

268 3797 358 3863 mant,
371 3794 400 3848 et
413 3787 593 3864 apertissima
605 3788 684 3859 potat
694 3801 710 3840 o
722 3784 883 3856 scripturis,
895 3784 1056 3858 praesertim
1098 3783 1208 3857 iecisse,
1219 3789 1248 3842 at
1256 3782 1448 3842 nihilominus
1457 3783 1579 3842 humaui
1590 3784 1681 3844 instar
1689 3785 1814 3859 opificis,
1824 3786 1892 3860 plu·

268 3892 304 3936 cx
315 3891 380 3949 cap.
396 3876 482 3930 retu
497 3871 573 3938 Gen„
588 3869 641 3927 ubi
650 3873 884 3940 accurataopera
894 3867 1057 3924 successiva
1099 3868 1156 3925 ries
1170 3867 1252 3941 operi
1265 3868 1386 3926 admota
1401 3881 1509 3938 manu,
1525 3866 1679 3941 §tiprope
1694 3867 1762 3941 ιιι.)
1781 3871 1891 3944 imper·

270 3963 358 4018 tloses
372 3958 547 4026 dinumerat,
560 3959 589 4011 et
601 3969 639 4010 cx
653 3951 717 4008 aliis
730 3951 789 4011 alia
801 3951 946 4024 producta
958 3948 1055 4019 refert,
1098 3949 1232 4026 lectaque
1244 3951 1346 4010 iecisse
1359 3956 1448 4024 atque
1461 3952 1567 4023 ἄμορφα,
1582 3956 1615 4008 ut
1627 3951 1793 4026 postbreve
1802 3954 1892 4014 inter-

268 4060 329 4102 non
342 4058 413 4100 vero
433 4040 552 4114 proprie
566 4039 680 4104 creata,
692 4035 749 4092 hoc
761 4039 818 4104 est,
832 4049 848 4090 e
862 4033 956 4091 nihilo
970 4032 1057 4104 iacta,
1099 4034 1223 4106 vallum,
1237 4051 1293 4109 ope
1303 4048 1479 4106 magnorum
1490 4034 1711 4106 miraculorum,
1723 4053 1759 4094 ea
1768 4037 1893 4111 perfice·

270 4134 301 4188 ut
313 4145 350 4187 ex
363 4143 441 4200 aqua
453 4123 563 4199 pisces,
577 4125 685 4178 eterra
702 4119 834 4193 plautae,
849 4118 1057 4192 quadrupedes
1100 4124 1143 4177 rct
1156 4123 1244 4194 atque
1253 4123 1421 4176 exornaret:
1435 4117 1615 4193 quodpiam
1625 4119 1726 4177 luisset
1735 4119 1817 4193 leges
1827 4139 1893 4180 om·

269 4215 415 4272 terrestres
428 4212 456 4266 ct
469 4207 636 4266 hominum.
652 4201 774 4276 «Atqui,
789 4202 829 4260 ait
843 4202 985 4274 retortus,
1000 4202 1058 4261 dici
1100 4217 1233 4276 aesquas
1243 4204 1456 4278 nupernaturoe
1465 4199 1655 4276 imposuerat,
1664 4203 1694 4258 in
1703 4203 1768 4277 ipso
1777 4210 1893 4264 nauare

269 4298 332 4354 hec
343 4311 380 4353 ex
391 4292 483 4352 nihilo
495 4291 649 4365 procreata
661 4302 778 4344 necesse
791 4290 849 4356 cst,
867 4286 892 4342 si
906 4291 1057 4344 momento
1101 4290 1203 4344 exortu
1215 4286 1338 4344 violare.
1350 4285 1408 4343 Nisi
1417 4284 1492 4344 torte
1502 4285 1570 4362 quis
1580 4288 1742 4361 suspicetur
1750 4289 1824 4348 alias
1835 4307 1892 4366 pro

270 4397 330 4438 uno
338 4377 426 4435 simul
434 4374 605 4434 exstiterunt
615 4371 684 4445 (3)·‘’
697 4371 791 4427 Potuit
799 4369 886 4429 etiam
896 4373 981 4441 Deus,
991 4373 1059 4443 post
1101 4386 1136 4428 eo
1150 4374 1282 4443 tempora
1296 4369 1387 4441 leges,
1400 4372 1487 4443 quasi
1496 4374 1678 4444 provisoriam
1692 4373 1850 4448 quoddam
1861 4391 1882 4434 u

271 4464 397 4524 materias
410 4459 603 4526 creationem,
618 4455 771 4512 materiam
782 4456 878 4528 ipsam
891 4454 1058 4530 permittere
1100 4468 1179 4512 uiroc
1193 4455 1294 4511 dicunt
1307 4456 1481 4526 arthemiam,
1499 4461 1527 4512 et
1540 4453 1580 4512 ab
1598 4454 1634 4513 iis
1647 4472 1715 4531 quae
1728 4473 1810 4516 nuuc
1824 4475 1883 4518 sun

1101 4538 1230 4596 diversas
1244 4537 1393 4595 suffecisse
1405 4541 1576 4609 creatorem,
1592 4554 1667 4613 quas
1679 4539 1758 4598 illico
1772 4547 1843 4617 post
1852 4543 1894 4600 el-

272 4595 907 4744 ,tmtenendarumasts
1101 4620 1535 4694 ιιιιιιιι
1551 4625 1897 4686 ιιιιιιιι

273 4751 385 4800 ramenta
400 4743 554 4808 siesprima,
571 4739 661 4804 perche
679 4747 781 4802 quatuo
799 4737 884 4788 trlcsoti
903 4739 971 4789 sicno
984 4739 1060 4789 d'ac-
1101 4704 1163 4800 Vfffi
1186 4704 1407 4762 &militudinem
1424 4721 1485 4778 91*oe
1508 4721 1539 4763 se
1558 4706 1778 4804 ferunt,·immo
1795 4711 1897 4808 potius

272 4817 379 4869 cordo.»
393 4822 462 4865 scaro
475 4816 537 4876 ιιι.
550 4815 665 4860 ‹tetrum›
677 4813 704 4857 ιιι
719 4815 799 4866 noina,
815 4821 839 4872 p.
851 4813 904 4858 ros.
1101 4789 1238 4846 videntur
1254 4787 1392 4849 absurda.
1411 4791 1565 4860 Praeterea,
1581 4806 1651 4848 cum
1662 4805 1699 4848 ns
1716 4807 1785 4867 qum
1800 4796 1899 4854 oculis

304 4888 339 4955 (ι)
354 4884 575 4938 Decotectriroudls
590 4883 710 4936 brittam,
727 4893 781 4942 cap.
793 4891 851 4929 xvir.
867 4883 931 4928 Ante
942 4879 1018 4930 verba
1024 4878 1060 4930 ci·

274 4965 326 5012 tata
337 4957 386 5023 ait,
400 4959 481 5011 heum
498 4969 542 5006 rec
558 4954 640 5004 dictus
654 4961 780 5012 operation
793 4965 858 5007 csse,
873 4961 896 5000 cr
911 4955 1011 5010 sentuno
1022 4965 1060 5002 rc·
1134 4947 1168 5012 (ι)
1183 4947 1279 4998 ilarius
1290 4947 1384 5001 Victor.

274 5033 400 5099 quievisse,
418 5028 463 5078 ubi
473 5026 572 5077 videtur
586 5024 715 5088 vulgarem
725 5021 795 5086 sequi
808 5021 968 5085 sententiam,
984 5035 1059 5084 quam
1134 5019 1169 5084 (5)
1183 5019 1225 5069 ,ιιι
1235 5020 1357 5072 arnoldus
1370 5021 1452 5074 abbas
1460 5021 1539 5074 Vallis
1548 5023 1621 5075 Bona
1633 5023 1701 5088 Spei,
1717 5025 1841 5086 tirones-0
1850 5043 1897 5080 rea

275 5109 375 5166 umen,
392 5113 437 5164 pro
452 5095 533 5149 doctis
546 5094 671 5156 scribens,
687 5107 732 5145 nec
744 5099 818 5144 antea
834 5099 934 5143 secutus
949 5100 1002 5142 erat
1015 5105 1061 5143 nec
1102 5091 1194 5142 dieram
1204 5107 1212 5139 :
1227 5108 1241 5138 c
1250 5091 1344 5142 Verum
1354 5091 1503 5156 illiusspatii
1514 5091 1737 5158 intercapedinem,
1747 5109 1829 5159 quam
1838 5105 1901 5152 aute

276 5179 360 5240 postea
370 5176 471 5223 secutus
484 5174 521 5220 est
533 5166 562 5218 in
572 5165 617 5216 lib.
635 5168 672 5214 De
686 5173 767 5216 Gener.
787 5163 822 5213 ort
834 5167 884 5222 tta,
900 5167 927 5213 et
940 5169 974 5212 hc
990 5163 1061 5213 cici·
1103 5167 1247 5226 temporum
1255 5162 1452 5214 vicissitudinem
1461 5163 1623 5215 invisibiliter
1630 5165 1677 5216 Dei
1683 5165 1901 5234 sapientiaprima

278 5246 391 5297 corruet.
1103 5245 1179 5296 opera
1187 5231 1342 5297 disponebat,
1356 5233 1461 5285 definire
1473 5234 1637 5286 tenrerariunr
1650 5237 1901 5300 esgmaximccam

310 5315 343 5380 (ι)
356 5313 447 5378 hihl,
461 5321 552 5376 capr,
566 5307 618 5374 ῆι.
1103 5305 1228 5357 mamm
1240 5304 1376 5367 Scriptura
1388 5305 1477 5357 dehoc
1490 5305 1631 5360 unumne
1644 5306 1834 5363 ιιιιιιάοιίιιω
