4264 6038
265 303 321 364 Μ
766 299 1008 366 committa
1024 307 1059 364 iri
1075 295 1235 378 submisi,
1253 321 1316 368 clr.
1335 307 1402 368 xix.

267 407 361 480 pites3
380 421 444 467 non
464 407 544 466 enlm
565 405 634 465 licet
651 406 796 481 impedire
818 409 964 468 damnum
985 409 1062 468 Petri
1106 411 1435 472 liebreiceestsellnus
1444 412 1494 472 ille
1506 415 1586 472 venit
1596 412 1636 471 ad
1647 405 1899 487 peregrinandum

268 507 338 553 cum
356 490 467 550 damno
481 489 584 561 Pauli,
599 490 728 548 dicendo
740 491 849 550 labeni
869 491 981 552 volenti
992 507 1063 568 spo-
1107 494 1155 566 (ut
1168 496 1261 552 instar
1273 496 1421 570 peregrini
1432 495 1509 555 inter
1521 510 1577 554 nos
1588 496 1677 568 degat
1682 497 1704 568 1,
1717 499 1746 552 at
1760 494 1810 552 ille
1820 495 1900 566 judi·

269 573 340 630 liare
354 576 491 632 Petrum:
507 573 607 647 Spolia
622 573 763 645 Paulum,
776 573 815 632 de
827 591 890 649 quo
904 575 980 633 latro
999 588 1062 632 non
1106 578 1203 635 cando
1214 578 1468 651 nosjudieabitt»
1484 581 1570 654 quasi
1583 579 1683 636 dicant
1697 595 1705 634 :
1720 577 1841 636 Venitne
1850 577 1901 636 ille

268 657 393 728 cogitat,
403 657 447 714 nti
460 655 546 714 docte
559 657 645 714 dccet
662 661 764 716 noster
778 658 911 729 lesum,
921 657 976 716 lib.
990 659 1063 715 lille
1106 661 1279 733 peregrinus
1298 665 1332 719 ut
1350 663 1387 721 sit
1404 662 1497 734 judex
1515 666 1630 733 noster,
1645 666 1679 718 ut
1697 675 1753 718 nos
1768 659 1901 734 iudicet?

267 742 402 807 lustitia,
416 754 482 814 cap.
495 753 558 811 xro,
572 739 646 798 dub.
658 743 691 811 3,
704 756 790 799 ιιιιιοι.
803 744 850 800 tt).
1107 743 1188 801 Unde
1207 745 1395 818 Septuaginta
1412 749 1551 802 vertunt:
1568 746 1745 815 «ingressus
1763 758 1796 800 es
1816 741 1902 801 babi-

305 823 425 882 Vidatnr
453 827 553 882 tantm
573 824 802 883 inconsideratio
827 829 856 884 et
878 825 1062 901 perturbatio
1107 829 1185 897 ture,
1197 843 1260 884 non
1273 826 1696 899 euamjudiciumjuuieara.»
1868 889 1875 898 ,

271 911 324 970 bot
335 907 367 966 in
389 923 421 965 re
438 911 500 966 tam
513 905 633 982 ancipiti
646 907 774 966 multum
792 908 830 966 de
841 909 955 982 peccati
966 907 1064 980 gravi·
1144 911 1255 979 vinoun
1265 925 1419 968 remmam
1436 913 1707 969 Lau-Perseum
1724 909 1902 986 protruden-

270 996 328 1052 tate
340 991 498 1062 minuisse;
510 991 708 1064 ancepsenim
725 993 885 1049 erutlotet
896 993 1064 1065 inopscon·
1108 996 1151 1051 tes
1172 997 1201 1051 et
1219 992 1354 1068 abripere
1376 997 1536 1064 conantes,
1553 1007 1623 1068 pars
1646 991 1833 1065 effringentes
1854 1009 1903 1050 os·

271 1075 328 1134 silit
338 1076 371 1132 in
381 1091 413 1132 re
423 1075 485 1132 tarn
496 1073 644 1148 implexa:
656 1073 777 1131 solebat
786 1075 868 1132 enim
877 1075 961 1132 omni
970 1072 1063 1132 modo
1109 1077 1202 1147 dum,
1215 1093 1235 1138 o
1248 1077 1302 1134 Lot
1321 1076 1487 1148 egrediente
1505 1076 1546 1135 ad
1558 1091 1610 1134 eos
1622 1079 1691 1150 post
1710 1092 1742 1134 se
1755 1077 1901 1148 oleosum,

270 1157 423 1233 hospitum
433 1156 687 1232 murmuraque
699 1158 938 1215 venerandorum
950 1155 1065 1213 indem-
1108 1176 1184 1218 vers.
1201 1163 1230 1219 6.

271 1243 365 1313 nitatl,
378 1241 487 1300 honori
499 1245 528 1300 et
539 1240 689 1316 pudicitie
703 1240 868 1309 consulere,
882 1253 938 1296 nec
950 1238 1026 1296 elius
1037 1237 1065 1295 si
1145 1247 1191 1303 10.
1211 1247 1448 1305 luraoroxsrorr
1464 1261 1503 1304 m
1521 1261 1554 1304 ss
1570 1247 1644 1314 lor,
1667 1258 1903 1314 curarumque
1916 1255 1976 1300 rau
1988 1259 2021 1301 ιο.

271 1331 342 1384 tuno
354 1326 463 1384 modus
477 1324 621 1394 occurrit,
633 1337 725 1397 quam
743 1323 768 1380 si
779 1337 836 1397 pro
850 1322 892 1377 eis
906 1320 982 1378 filias
995 1335 1065 1378 suas
1109 1341 1223 1385 csrruu.
1237 1357 1274 1371 -
1283 1331 1347 1386 liuo
1358 1327 1456 1401 augeb
1469 1329 1579 1386 ostium
1589 1344 1608 1386 a
1617 1331 1672 1387 Lot
1683 1327 1819 1386 clausum
1831 1345 1902 1402 ape.

271 1407 398 1480 artemi,
409 1423 500 1482 quem
513 1407 611 1466 statim
621 1405 777 1480 amplexus
787 1409 841 1474 est,
850 1420 913 1463 non
921 1405 1065 1476 cogitans,
1109 1414 1248 1482 ruerunt,
1262 1415 1296 1469 ut
1307 1427 1378 1469 eum
1395 1428 1414 1470 a
1430 1411 1571 1470 violentia
1587 1412 1806 1469 Sodomitarum
1820 1427 1903 1486 erep-

272 1507 327 1552 neo
337 1493 493 1551 advertens
503 1507 535 1548 se
545 1490 602 1548 hac
612 1490 725 1548 rationo
735 1489 874 1560 injuriam
887 1487 981 1545 fucere
992 1485 1067 1544 filia·
1109 1497 1173 1551 tum
1186 1493 1219 1551 in
1236 1495 1362 1554 domum
1374 1495 1593 1554 introducerent
1599 1514 1609 1566 3
1624 1510 1721 1570 eoque
1733 1495 1902 1554 introducto

273 1576 331 1635 bus
347 1575 419 1634 ⁸⁰1⁸·
442 1577 483 1633 11⁸
499 1575 528 1632 S·
549 1572 747 1646 Aussusflffilss,
766 1571 820 1628 lib·
841 1571 942 1628 &mitti
957 1571 1067 1626 mem·
1109 1593 1229 1636 rursum
1245 1579 1355 1639 ostium
1374 1581 1559 1651 clauserunt,
1572 1594 1611 1637 ne
1623 1579 1782 1639 Sodomiie
1794 1578 1904 1653 pariter

272 1666 358 1729 cium,
369 1673 435 1735 cap.
450 1673 492 1730 rx,
505 1661 654 1734 lyranus,
667 1657 794 1716 'thomas
807 1654 956 1726 Anglicus,
969 1656 1069 1710 Tosta-
1110 1660 1343 1732 ingrederentur,

272 1752 337 1818 tus,
350 1745 540 1820 lipomanus,
554 1739 697 1800 Pererius.
1145 1747 1190 1803 11.
1201 1747 1416 1804 reuuussruum
1427 1759 1580 1804 cnmrirs.
1588 1775 1624 1790 —
1632 1746 1820 1820 septuaginta
1830 1748 1903 1819 stapa-
1916 1755 1977 1800 van,
1989 1759 2021 1802 ιι.

309 1833 398 1892 Addit
419 1831 573 1905 caietanus
603 1831 657 1888 Lot
676 1828 819 1888 obtulisse
847 1827 944 1898 illias,
966 1827 1067 1885 enimn
1110 1831 1165 1901 οἵᾳ,
1176 1829 1209 1886 id
1222 1835 1264 1887 est
1278 1831 1438 1898 euidentia,
1451 1846 1513 1904 qua
1531 1835 1635 1888 catera
1647 1831 1780 1888 videntes
1794 1831 1904 1889 ostium

275 1932 335 1976 uon
345 1915 511 1974 redimendi
519 1912 664 1984 flagitium
673 1911 797 1983 flagitio,
806 1911 859 1969 sed
868 1910 1007 1984 placandi
1013 1910 1068 1983 by·
1110 1917 1225 1970 tentum
1240 1914 1306 1984 lot,
1321 1913 1406 1988 quod
1418 1913 1601 1986 querebant,
1611 1913 1712 1971 videre
1723 1929 1785 1971 non
1796 1919 1903 1988 potue-

274 1999 425 2076 perbolica
437 1997 634 2056 submissione
647 1995 792 2054 iurantem
805 1995 954 2068 populum
962 2012 971 2065 3
982 2000 1068 2068 puta·
1111 1999 1190 2054 runt.
1206 1999 1248 2054 lta
1260 1997 1420 2070 Iosephus,
1437 1997 1464 2053 S.
1480 1995 1663 2066 umbrosius,
1676 1995 1904 2070 chrysostomus

274 2085 326 2144 bat
339 2083 429 2154 enim,
439 2085 468 2140 et
480 2079 694 2139 rationabiliter
707 2079 765 2151 (uti
778 2077 820 2136 rei
830 2079 969 2152 probavit
981 2092 1068 2136 avan·
1111 2085 1139 2137 et
1156 2080 1345 2151 augustinus,
1363 2079 1469 2148 Quest.
1488 2083 1535 2138 13.
1547 2079 1629 2136 Unde
1641 2077 1781 2136 Vatahlus
1794 2081 1879 2138 vertit
1893 2099 1901 2138 :

189 2195 194 2214 ·
275 2166 343 2240 tus),
357 2163 581 2240 quodpopulus
594 2179 656 2220 non
669 2165 831 2236 acceptaret
840 2161 928 2219 talem
941 2159 1068 2220 oblatio·
1110 2166 1334 2220 Perstriacaunt
1348 2163 1407 2219 illis
1424 2164 1530 2230 mdes,
1548 2169 1581 2219 ut
1597 2164 1904 2230 ιο11ιοοιιιιιοοοιιιιο,οιοο

275 2249 418 2320 comoed
429 2245 660 2321 quodplacatus
673 2249 754 2303 tanta
764 2244 962 2303 submissione
973 2244 1067 2319 ipsius
1110 2249 1229 2316 [attacti
1248 2247 1358 2318 quidem
1381 2249 1534 2304 reuenirent
1560 2250 1668 2304 ostium.
1693 2246 1838 2318 sienim,
1864 2249 1904 2305 ait

274 2337 328 2393 Lot
341 2331 491 2404 desisteret
505 2333 630 2404 ecoepto
637 2347 646 2400 ;
659 2333 688 2386 et
699 2344 736 2386 ec
749 2327 969 2399 rationabilius,
982 2326 1067 2401 quod
1110 2328 1138 2385 S.
1152 2328 1343 2400 Augustinus,
1356 2327 1478 2387 omino
1491 2328 1561 2386 ceci
1573 2327 1710 2399 inissent,
1721 2343 1783 2386 uon
1795 2330 1904 2388 ostium

275 2415 345 2475 tilia
357 2415 421 2488 elus
431 2414 494 2488 iam
505 2417 588 2471 erant
599 2413 784 2486 desponsatae
792 2409 909 2468 civibus
919 2410 1065 2468 Sodoma.
1109 2413 1173 2482 Lot,
1187 2413 1240 2470 sed
1250 2412 1352 2486 duces,
1363 2413 1475 2488 quiens
1489 2412 1615 2470 domum
1627 2412 1811 2486 reducerent,
1822 2429 1903 2489 qua·

275 2499 363 2559 Sicuti
381 2497 427 2555 vir
441 2495 548 2570 aliquis
565 2495 737 2569 placaturus
750 2493 842 2553 alium
856 2509 947 2568 quem
960 2493 1068 2567 injuria
1110 2495 1225 2554 sissent.

274 2582 436 2651 lacessivit,
449 2580 477 2638 ei
489 2579 652 2653 pugionem
671 2578 788 2636 nudum
811 2577 897 2635 otiari
913 2577 1041 2635 dicendo
1057 2594 1065 2634 ι
1145 2581 1218 2637 licta
1231 2599 1238 2637 :
1253 2581 1285 2639 ld
1298 2579 1461 2639 factumest
1470 2580 1527 2638 hae
1539 2579 1663 2651 ratione,
1675 2579 1761 2654 quod
1771 2582 1847 2638 baua
1860 2581 1902 2638 eis
1927 2592 2014 2639 sonsa

276 2665 380 2724 Occide
401 2679 464 2734 me;
488 2677 551 2720 non
570 2662 671 2722 animo
688 2665 721 2719 ut
739 2660 939 2732 interficietur,
957 2661 1011 2719 sed
1033 2665 1067 2718 ut
1111 2663 1201 2724 eliam
1222 2663 1350 2738 speeiem
1371 2662 1521 2736 objecerit,
1539 2667 1572 2720 ut
1588 2663 1656 2720 loeo
1670 2662 1736 2719 ostii
1755 2662 1902 2734 riderent,
1923 2655 2015 2700 ⁵⁰⁶⁰i²²

275 2751 357 2806 tonte
372 2745 569 2805 submissione
588 2745 721 2820 placetur
733 2745 831 2802 lesus.
846 2747 900 2802 Per
909 2757 1067 2816 exaggere—
1111 2747 1320 2820 verbigratia,
1334 2747 1465 2806 solidum
1477 2746 1635 2822 parietem,
1649 2745 1787 2819 uutqnid
1800 2746 1901 2818 aliud3
1929 2717 2005 2820 ff}
2098 2813 2099 2816 Ἴ

276 2833 387 2890 tionem
412 2845 485 2903 ergo
506 2829 570 2888 haee
586 2828 661 2887 dixit
677 2831 748 2900 Lot,
768 2827 893 2903 periodo
919 2843 954 2885 ac
975 2826 1068 2885 lievid
1110 2831 1143 2891 id
1164 2837 1263 2891 autem
1280 2831 1348 2889 iecit
1364 2845 1427 2889 uno
1444 2827 1553 2889 horum
1575 2833 1704 2903 quatuor
1724 2830 1903 2902 modorum,

276 2915 351 2976 dixit
364 2915 403 2974 ad
415 2913 587 2984 Ionatham,
602 2913 613 2969 Ι
626 2914 691 2984 Reti·
707 2926 762 2983 ¹¹,
774 2914 793 2969 8
809 2927 817 2970 τ
833 2911 887 2969 «Si
904 2913 948 2968 est
959 2909 1069 2984 iniqui·
1110 2920 1184 2993 puta
1195 2916 1382 2974 immutando
1395 2914 1444 2973 vel
1457 2915 1586 2989 speciem
1601 2913 1726 2986 objecti,
1740 2912 1788 2972 vel
1805 2929 1904 2972 aerem

274 2999 481 3070 testumque
493 3013 543 3057 me
555 2997 695 3067 interfice,
709 3000 739 3053 et
750 2995 790 3054 ad
803 2999 918 3069 petrem
931 2997 1016 3052 tuum
1030 3010 1068 3053 ne
1110 3001 1263 3072 madium,
1284 3000 1333 3058 vel
1357 2999 1520 3075 potentiam
1543 2998 1688 3069 visivam,
1711 2997 1760 3055 vel
1784 3011 1905 3056 sensum

226 3129 228 3136 ι
274 3084 444 3144 ῖῠῑῐθᾶΰθᾶῦ
457 3097 549 3154 mc;»
565 3085 594 3140 0²
610 3081 714 3153 ludii,
731 3079 796 3138 ⁶0²¹·
815 3094 891 3147 ¹1¹¹,
904 3077 978 3136 dmi
991 3075 1070 3151 patri
1111 3100 1321 3155 communem,
1334 3084 1375 3142 ad
1394 3099 1485 3157 quem
1503 3097 1607 3140 omnes
1625 3081 1754 3138 visiones
1765 3083 1794 3138 et
1807 3094 1905 3139 sensa·

274 3183 330 3228 suo
350 3165 440 3226 laceb
455 3183 464 3224 r
480 3168 585 3224 «Duos
604 3163 684 3224 tilios
703 3179 787 3221 meos
806 3160 954 3232 interfice,
967 3159 993 3218 si
1006 3173 1069 3218 non
1110 3167 1206 3226 tiones
1220 3167 1402 3226 deferuntur,
1414 3165 1507 3224 simili
1525 3165 1617 3223 modo
1635 3164 1714 3238 syri,
1730 3164 1765 3220 iv
1776 3165 1842 3236 1309,
1857 3179 1907 3237 η,

275 3253 424 3314 reduxero
436 3250 491 3310 tibi
501 3249 663 3322 Beniamin.
675 3266 690 3306 ο
705 3251 748 3306 lta
760 3246 925 3319 caremus.
1111 3251 1239 3310 Elissam
1251 3255 1417 3326 querentes
1428 3252 1457 3306 et
1468 3248 1612 3319 videntes,
1621 3246 1841 3317 nouriderunt,
1851 3261 1906 3306 nec

310 3341 457 3400 ltoraliter
467 3341 496 3398 S.
515 3338 743 3414 Chrysostomus
748 3377 758 3408 ,
781 3335 873 3391 temti.
898 3333 951 3405 13,
971 3335 1070 3406 stupet
1111 3339 1298 3408 agnoverunt
1317 3350 1381 3393 esse
1399 3333 1538 3390 Eliseum.
1562 3333 1606 3390 Sic
1626 3331 1757 3389 Christus
1774 3335 1843 3405 post
1861 3345 1908 3390 re·

276 3423 446 3486 charitatem
471 3425 525 3480 Lot
545 3435 617 3492 erge
635 3419 766 3493 hospites
784 3420 814 3475 et
831 3418 966 3486 exteros,
994 3430 1070 3488 quo-
1112 3419 1322 3476 surreetionem
1344 3416 1465 3475 duobus
1487 3415 1639 3489 discipulis
1658 3419 1692 3472 ut
1716 3413 1904 3489 peregrinus,

275 3523 343 3567 rum
360 3505 556 3577 integritatem
575 3501 706 3562 tiliarum
724 3515 847 3558 auartrm
864 3497 975 3573 pudori
989 3502 1069 3556 ante
1111 3499 1289 3571 magdalene
1309 3515 1381 3558 vero
1397 3504 1540 3575 tanquam
1556 3498 1733 3557 hortulanus
1756 3497 1903 3571 apparuit.

274 3588 370 3665 ponit.
391 3592 474 3648 elios
496 3589 617 3656 eutem,
637 3585 695 3658 ait,
717 3583 851 3640 videntes
870 3595 948 3654 sepa
966 3580 1069 3639 iratres
1146 3582 1245 3640 Simile
1261 3581 1318 3640 ιιιιι
1338 3583 1450 3641 illustre
1471 3582 1648 3640 miraculum
1665 3579 1795 3652 Gregorii
1810 3579 1906 3650 'lban-

274 3673 392 3731 nostros
406 3672 438 3729 in
450 3669 550 3744 ipsum
562 3667 719 3740 impietatis
730 3663 931 3740 protundum,
944 3667 973 3720 et
983 3661 1069 3736 quasi
1111 3665 1254 3737 maturgi,
1267 3665 1322 3742 qui
1337 3681 1406 3724 cum
1424 3664 1552 3725 diacono
1568 3669 1770 3739 persecutores
1790 3662 1906 3735 fugiens

275 3755 308 3814 ln
319 3754 419 3814 leucas
432 3749 546 3812 diaboii
561 3751 682 3822 cadere,
695 3763 794 3822 neque
807 3761 943 3805 sermone
960 3761 1012 3804 eos
1025 3745 1070 3804 di·
1111 3747 1143 3806 in
1156 3752 1304 3818 montem,
1319 3764 1389 3806 cum
1403 3749 1566 3824 aquodam
1581 3747 1719 3821 proditus
1736 3750 1825 3816 esset,
1839 3761 1907 3818 per·

275 3853 423 3913 gnomur,
436 3851 534 3912 neque
551 3832 720 3903 consulere,
733 3845 830 3904 neque
847 3827 946 3887 verbis
966 3828 1070 3885 admo·
1111 3834 1259 3888 secutores
1281 3836 1414 3889 montem
1439 3829 1572 3906 undique
1595 3829 1767 3900 cinxerunt,
1790 3832 1817 3886 et
1840 3843 1907 3903 per·

276 3936 346 3981 nere
354 3961 366 3992 ,
379 3923 409 3979 et
420 3919 532 3993 eripere
546 3914 704 3986 amolitio,
718 3917 747 3971 et
759 3913 800 3971 ad
812 3911 950 3969 virtutem
964 3925 1070 3969 mauu-
1111 3914 1230 3971 scrutati
1244 3917 1331 3984 sunt,
1345 3929 1400 3970 nec
1413 3918 1512 3972 tameo
1527 3929 1598 3972 eum
1610 3913 1766 3984 viderunt3
1779 3912 1905 3970 redeun-

276 4004 394 4064 ducere.
415 4001 494 4073 Quid
513 4001 611 4072 enim,
622 3998 742 4072 inquis,
755 3995 830 4054 mihi
846 4010 916 4054 cum
932 4009 969 4052 eo
989 4009 1070 4051 corn·
1113 4000 1154 4053 tes
1171 4011 1242 4068 ergo
1261 3996 1301 4053 ad
1321 3995 1505 4069 proditorem
1524 4007 1595 4052 eum
1610 3993 1832 4068 increpuerunt;
1852 3993 1903 4054 ille

174 4114 178 4122 ·
276 4084 552 4147 mnnetmibincn
568 4080 772 4154 osteorae,nil
787 4077 862 4138 mibi
876 4077 987 4150 negotii
1000 4091 1070 4136 cum
1112 4094 1181 4138 cum
1194 4078 1324 4137 tali-loco
1344 4078 1433 4135 tuisse
1446 4081 1526 4135 certo
1546 4076 1721 4134 asseveravit
1737 4094 1746 4133 ι
1761 4078 1817 4150 ipsi
1831 4091 1903 4136 vero

276 4187 323 4231 eo.
338 4169 416 4241 Quid
429 4168 517 4240 dicis,
531 4167 645 4227 hcmot
659 4163 735 4222 nihil
754 4161 808 4221 tibi
826 4175 985 4220 commune
999 4175 1069 4218 cum
1110 4177 1148 4219 eo
1161 4162 1229 4220 loeo
1242 4161 1280 4219 ab
1294 4177 1329 4218 ec
1344 4161 1507 4232 designato,
1521 4175 1583 4217 non
1598 4159 1676 4217 dnos
1688 4159 1835 4230 homines,
1849 4159 1903 4218 sed

276 4252 431 4315 sotrum
449 4255 519 4310 tuus
534 4254 595 4322 est,
608 4246 743 4321 eiusdem
754 4249 854 4304 tecum
867 4247 994 4314 naturoe3
1010 4241 1069 4303 sub
1112 4243 1189 4304 duas
1207 4243 1328 4302 arbores
1347 4243 1493 4300 invenisse
1513 4258 1545 4300 se
1567 4245 1764 4300 asseruerunt.
1783 4242 1842 4300 lllis
1861 4242 1905 4301 di·

275 4335 464 4400 sodamesds
481 4334 627 4403 licmlno,
641 4325 1070 4405 sepeetiamejusdemparti·
1112 4327 1238 4401 gressis,
1261 4326 1397 4401 proditor
1418 4326 1459 4384 ad
1480 4325 1580 4382 locum
1602 4325 1748 4397 aseendit,
1771 4325 1904 4400 viditque

276 4421 357 4498 cipes
367 4435 477 4479 mensae
489 4415 650 4494 spiritualis
660 4434 695 4487 ,ιο
709 4417 765 4472 etc.
1112 4411 1283 4482 Gregorium
1297 4426 1366 4468 cum
1383 4409 1509 4466 diacono
1523 4407 1662 4466 manibus
1679 4408 1710 4464 in
1725 4411 1832 4466 coelnm
1844 4409 1904 4468 ela·

312 4507 367 4566 Soa
378 4519 473 4564 orsu
486 4493 952 4566 commiscet-liebralcasub
961 4494 1069 4554 umbra
1110 4493 1148 4551 tis
1169 4497 1319 4564 orantem,
1345 4491 1398 4567 qui
1421 4491 1666 4567 persequentibus
1692 4491 1759 4549 due
1783 4493 1905 4551 arbores

276 4589 400 4652 tabulati
413 4588 462 4646 vel
473 4583 711 4658 contignationis,
723 4581 757 4642 id
769 4585 822 4650 est,
836 4579 904 4637 tecti
917 4583 946 4637 st
960 4579 1069 4637 domus
1110 4575 1199 4635 inissa
1212 4574 1390 4634 videbantur
1398 4594 1408 4646 ;
1423 4589 1515 4649 quare
1535 4574 1575 4632 ad
1587 4575 1679 4648 pedes
1693 4573 1756 4647 ejus
1769 4575 1905 4636 accidens

275 4689 364 4745 msam
378 4675 488 4730 tectmn
500 4669 581 4727 enim
593 4665 709 4741 eosqui
725 4665 759 4721 in
775 4663 867 4720 domo
881 4665 964 4734 sunt,
977 4661 1069 4719 instar
1111 4675 1270 4718 conversus
1289 4659 1329 4716 ad
1346 4658 1512 4730 Christum,
1525 4674 1562 4716 ex
1578 4662 1765 4732 persecutore
1780 4674 1850 4717 cum
1868 4674 1905 4720 eo

276 4757 391 4816 umbre
404 4754 565 4814 obumbret
586 4756 615 4811 et
633 4749 761 4826 protegit
779 4747 819 4804 ab
837 4749 929 4818 astu,
944 4745 1069 4820 aliisque
1110 4743 1204 4802 tactus
1217 4746 1261 4800 est
1272 4740 1427 4816 prologus.
1440 4743 1481 4799 lta
1494 4744 1642 4816 Nyssenus
1654 4741 1686 4799 in
1700 4741 1762 4815 ejus
1775 4743 1848 4802 Vita.

276 4841 351 4902 seris
362 4839 487 4913 injuriis.
1146 4825 1338 4899 tropologice
1357 4827 1385 4882 S.
1405 4823 1578 4882 Ambrosius
1597 4843 1605 4882 ι
1627 4825 1719 4897 «llic,
1735 4826 1792 4898 ait,
1808 4831 1906 4885 osten·

311 4929 457 4994 llumum,
478 4920 626 4997 peregrini
647 4921 717 4978 sunt
737 4914 794 4974 sub
817 4913 939 4986 umbra,
959 4912 1068 4981 idest,
1111 4910 1210 4981 ditur,
1223 4909 1295 4983 quie
1316 4923 1393 4966 caeca
1411 4911 1454 4966 est
1473 4907 1570 4966 omnis
1587 4907 1701 4980 libido,
1715 4912 1745 4966 et
1759 4909 1844 4984 quod
1861 4915 1906 4969 est

275 5008 456 5086 protectione
468 5011 498 5065 et
510 5021 583 5063 cura
595 5001 720 5078 hospitis
734 5000 795 5070 sui,
808 4998 894 5070 eujus
907 5001 950 5057 est
966 4997 1068 5070 provi·
1110 4997 1178 5054 ante
1192 5009 1240 5064 se,
1252 5005 1315 5049 non
1327 4991 1443 5049 videta

276 5096 358 5168 dere,
371 5108 408 5153 na
422 5107 490 5169 qum
506 5088 565 5148 illis
575 5087 683 5161 injurio
698 5085 731 5144 in
744 5083 837 5142 domo
848 5097 903 5140 sna
915 5079 1068 5154 inseratur,
1146 5080 1194 5135 lm
1208 5091 1244 5134 or
1254 5090 1356 5134 osrrou
1367 5089 1499 5134 ιιιιιιιιιιιιι
1509 5090 1568 5135 ror
1578 5089 1710 5134 rossmr.
1720 5105 1755 5120 -
1765 5075 1905 5136 Hebraico

276 5183 305 5240 ct
316 5179 374 5237 boc
386 5174 507 5251 propria
519 5173 569 5231 bic
580 5167 706 5230 intendit
718 5169 781 5226 bot.
1110 5169 1164 5236 est,
1177 5165 1286 5222 actiulo
1295 5164 1385 5220 limtso
1398 5163 1559 5235 leppetocl,
1572 5161 1828 5234 etiahomveruua
1842 5163 1904 5220 sire

159 5257 262 5310 teat·
312 5267 340 5324 9.
354 5265 571 5322 meretoc.
585 5252 845 5315 -sucessehina
1109 5247 1221 5321 fatigati
1230 5251 1301 5306 sunt
1313 5247 1474 5320 querendo
1488 5247 1598 5306 οοιιιιιιι
1612 5263 1621 5304 ι
1635 5247 1689 5305 aed
1700 5245 1818 5316 trustra,
1832 5246 1918 5320 quia·

312 5351 461 5408 mammos
480 5359 513 5404 ιιο
530 5357 567 5402 or
583 5354 710 5410 eoram,
728 5351 857 5408 rmoom
875 5349 912 5396 or
935 5335 1069 5398 ιοιοιοιοι
1109 5331 1185 5400 illud
1205 5329 1287 5391 omni
1307 5345 1362 5386 suo
1379 5335 1488 5388 conatu
1501 5329 1631 5388 invenire
1652 5343 1714 5389 non
1731 5332 1902 5402 potueruut.

2097 2899 2099 2994 i

2098 2995 2099 3056 ι
