4088 6032
175 311 178 320 '
249 344 268 399 a
799 337 973 396 nucerina
991 338 1110 396 secan
1129 337 1333 396 miriarcha.

250 447 413 520 Augustam
425 441 516 502 iliada
529 441 646 500 homeri
659 439 699 499 ad
711 440 859 500 Christum
872 458 1041 501 accommo-
1087 443 1221 517 phrasim
1236 441 1401 510 imbibere,
1421 444 1450 498 et
1469 440 1555 515 qnasi
1575 437 1770 498 domesticum
1789 439 1821 496 in
1843 454 1881 498 eo

251 531 365 599 dantes,
377 527 518 596 imitatus,
529 526 707 599 Scripturam
720 526 748 582 S.
763 526 820 598 pia
831 541 893 582 suae
901 525 1042 583 adinven·
1087 526 1197 584 versari
1210 525 1372 599 :quodqui
1382 524 1513 597 negligit,
1527 523 1610 581 dictis
1619 522 1800 597 quibusdam
1811 523 1881 580 hinc

250 613 324 671 tioni
338 613 518 683 attemperet,
528 608 727 682 perniciosum
741 611 785 666 est
797 609 913 678 sentire,
928 609 1042 682 pericu·
1088 609 1157 667 inde
1179 607 1395 666 difficilioribus
1416 606 1559 680 excerptis
1580 605 1790 679 explicatisque
1810 621 1881 662 con·

250 697 342 756 losius
355 695 459 752 iacere.
476 694 503 751 Si
513 693 592 751 anim
607 692 748 766 mysticus
758 707 845 748 verus
858 695 901 748 est
914 693 1042 764 Scripta·
1088 695 1194 762 tentus,
1215 706 1370 764 nunquam
1391 691 1431 748 ad
1444 705 1527 748 sacra
1548 689 1650 762 adyta,
1668 704 1821 759 arcanum,
1836 690 1882 746 in·

250 797 290 840 rae
308 795 426 848 sensus,
441 778 466 834 si
487 793 557 834 eum
573 777 620 834 vel
637 777 766 834 maxiem
784 775 906 848 Spiritus
921 777 1042 832 Sanctus
1088 790 1191 848 quam,
1205 779 1373 833 sanctorum
1384 773 1572 846 eloquiorum
1586 773 1769 846 penetrabit;
1785 772 1838 829 sed
1852 774 1883 829 at

251 864 359 924 dictare
378 861 557 934 voluitque
579 860 692 918 ratione
714 859 842 917 liberum
856 860 963 933 cuique
977 858 1040 929 erit,
1087 855 1171 917 facile
1198 875 1217 918 a
1238 859 1358 916 veritate
1378 862 1406 917 ct
1425 861 1522 916 mente
1548 857 1698 930 scriptoris
1719 856 1879 914 aberrabit.

250 964 320 1008 enm
333 951 365 1004 ut
380 945 460 1002 volet
473 945 642 1017 exponere?
664 959 726 1017 qua
747 942 843 1002 fronte
862 942 973 1000 cerebri
995 941 1042 999 sui
1087 943 1190 1000 videre
1209 942 1267 1000 hoc
1279 947 1323 999 est
1339 943 1371 1000 in
1393 941 1546 1000 nonnullis
1563 941 1803 1013 antiquioribus,
1816 955 1881 998 non

250 1034 318 1109 quis
331 1033 544 1100 commentum,
560 1028 682 1102 Spiritus
695 1028 791 1086 Sancti
804 1032 933 1085 mentem
947 1027 1041 1096 dicet,
1086 1025 1213 1084 indoctis
1225 1016 1338 1099 alioqui
1352 1025 1430 1097 viris,
1448 1025 1502 1099 qni
1515 1025 1548 1082 in
1563 1039 1596 1081 re
1612 1023 1787 1096 theologice
1802 1022 1879 1081 adeo

250 1132 340 1190 seque
355 1130 468 1188 suaque
487 1118 521 1170 ut
534 1113 657 1186 Spiritus
670 1112 766 1170 Sancti
785 1110 929 1169 fanaticus
941 1109 1042 1168 uendi·
1086 1107 1187 1166 leviter
1212 1110 1393 1183 quandoque
1415 1113 1533 1182 arrepto
1556 1109 1703 1166 mamete
1730 1108 1880 1183 quopiam

249 1200 341 1261 tabit?
361 1199 502 1258 Viderunt
514 1195 583 1266 hoo,
601 1198 800 1270 cavaruntque
816 1193 938 1264 scdulo,
959 1193 1042 1266 quie
1087 1207 1171 1250 sacro
1181 1192 1353 1260 abutuntur,
1368 1197 1402 1249 ut
1413 1191 1555 1251 hereticis
1567 1192 1675 1251 nostris
1689 1191 1879 1262 cachinnum,

250 1284 384 1344 Patribus
405 1281 579 1353 allegoriam
596 1279 725 1338 maxime
738 1282 910 1347 versarent,
925 1278 978 1350 qui
991 1293 1043 1334 eo·
1086 1276 1241 1336 Catholicis
1255 1277 1346 1335 bilem
1361 1280 1510 1338 moveant.

250 1370 319 1428 dem
339 1365 447 1442 Spiritu
466 1363 563 1439 pleni,
578 1377 640 1421 non
657 1364 697 1422 ad
713 1364 837 1436 plausus
851 1377 957 1420 suosve
972 1376 1041 1418 con·
1122 1361 1259 1419 Praeclare
1267 1363 1295 1419 S.
1308 1361 1465 1433 Gregorius
1474 1362 1620 1436 prooemio
1629 1367 1660 1419 ia
1669 1364 1752 1419 librae
1763 1365 1876 1436 mcum,
1964 1389 1972 1404 ·

250 1454 351 1526 ceptus
366 1448 555 1518 astruendae,
573 1445 626 1504 nbi
640 1447 769 1506 arridere
788 1446 919 1516 videtur,
933 1449 1041 1501 temere
1086 1443 1224 1503 lectorem
1238 1449 1349 1514 monet,
1368 1445 1451 1504 aliter
1470 1460 1502 1502 se
1515 1445 1643 1503 subinde
1657 1445 1810 1504 historiam
1827 1463 1879 1504 ex·

250 1551 316 1594 eam
338 1531 519 1601 obtrudunt,
539 1534 590 1588 aut
607 1530 781 1588 inconcinne
802 1529 1040 1595 troadensem,
1085 1527 1205 1601 plicare,
1216 1545 1307 1602 quam
1320 1532 1418 1588 Patres
1429 1528 1569 1586 fecerint:
1583 1529 1608 1585 si
1618 1529 1709 1599 enim,
1717 1529 1823 1604 inquit,
1834 1530 1878 1588 illi

251 1621 336 1694 quod
345 1618 437 1689 vulgo
449 1615 566 1685 dicitur,
577 1613 656 1672 tibiae
669 1614 785 1686 galeam
799 1613 969 1687 applicant;
989 1611 1042 1668 sed
1085 1609 1213 1670 seriatim
1227 1617 1333 1670 cuncta
1344 1615 1536 1686 exponerent,
1550 1628 1619 1687 quae
1633 1629 1669 1670 ex
1682 1617 1765 1686 parte
1778 1613 1879 1685 tetige-

251 1704 294 1762 rei
308 1704 347 1761 ita
357 1717 423 1760 eam
433 1699 612 1768 devinciunt,
623 1702 654 1755 ut
668 1701 734 1772 apte
745 1714 798 1771 par
810 1697 911 1754 omnia
919 1711 1043 1754 consen·
1084 1699 1170 1764 runt,
1193 1712 1260 1753 eam
1282 1697 1386 1756 seriem
1408 1696 1566 1754 locutionis
1586 1711 1677 1768 quam
1701 1698 1800 1754 tenere
1821 1697 1878 1754 visi

137 1788 241 1844 nycaena
253 1788 314 1845 tiat.
328 1786 406 1844 Sicut
424 1783 504 1841 enim
517 1783 548 1839 in
560 1781 700 1839 historico
712 1781 804 1838 verba
824 1797 871 1838 res
884 1783 979 1850 gestas
992 1779 1043 1836 de·
1086 1781 1164 1849 saint,
1179 1778 1334 1838 observare
1348 1795 1539 1854 naquaquam
1551 1779 1725 1853 potuissent.
1739 1778 1828 1838 ltulte
1835 1780 1878 1837 vi·

132 1851 240 1955 ζεᾞξξζι
254 1873 371 1940 notant,
386 1869 426 1927 ita
439 1868 470 1924 in
485 1866 659 1938 allegorico,
678 1881 725 1924 res
746 1868 834 1937 gesta
852 1863 925 1922 alias
947 1862 1043 1934 magis
1086 1861 1191 1920 delicet
1201 1863 1379 1934 inseruntur,
1394 1867 1537 1937 preeunt,
1560 1865 1792 1936 consequuntur,
1809 1878 1879 1938 quas

133 1971 230 2019 iuraui.
252 1971 373 2016 arcanas
384 1952 570 2024 significant:
586 1955 629 2022 ut,
642 1951 698 2008 nisi
713 1949 855 2022 allegoria
865 1949 1043 2022 respondeat
1085 1960 1154 2002 cum
1165 1945 1233 2003 loco
1247 1951 1506 2021 quempertractas
1514 1947 1717 2020 comparanda
1727 1951 1807 2018 aunt,
1816 1948 1878 2005 elo·

251 2038 398 2106 historiae,
412 2036 485 2092 talea
498 2047 620 2108 prorsus
633 2034 670 2091 sit
690 2039 718 2092 et
741 2033 875 2092 evanida.
891 2034 932 2089 Ea
954 2047 1042 2089 causa
1085 2028 1210 2086 cationis
1224 2045 1313 2088 sacrae
1325 2031 1434 2090 modus
1445 2031 1511 2089 aliis
1523 2031 1612 2089 etiam
1624 2031 1656 2088 in
1669 2029 1741 2087 locis
1760 2045 1878 2104 perves-

250 2126 277 2182 S.
301 2123 495 2193 Hieronymus
504 2158 514 2188 ,
528 2118 560 2174 in
583 2117 646 2176 Osee
669 2133 734 2193 cap.
755 2115 936 2185 recubans,
957 2114 1041 2188 quod
1084 2111 1223 2182 tigandus
1236 2118 1289 2185 cst,
1303 2114 1419 2187 phrasis
1434 2114 1645 2188 disquirenda:
1660 2128 1729 2188 quae
1747 2115 1877 2190 siexpc

250 2209 287 2265 de
300 2220 368 2275 rege
378 2202 497 2274 Assyrio
506 2201 618 2274 passim
628 2200 743 2270 dicitnr,
750 2201 835 2272 juxta
843 2199 1040 2273 tropologiam
1084 2195 1183 2253 sitioni
1194 2212 1257 2254 non
1268 2198 1443 2268 cohaereant,
1455 2199 1629 2272 neutiquam
1643 2211 1679 2254 aa
1692 2197 1822 2269 genuina
1834 2203 1879 2256 est

249 2291 288 2350 ad
309 2288 456 2348 Christum
473 2285 619 2343 deducere
641 2284 735 2358 (quod
750 2282 913 2357 aliquando
929 2282 1042 2355 impru-
1085 2276 1141 2336 loci
1161 2281 1321 2352 sententia,
1336 2283 1509 2355 neutiquam
1525 2296 1560 2340 ea
1581 2279 1723 2340 orationis
1736 2285 1876 2354 potestas,

249 2375 322 2433 dens
336 2375 423 2430 antea
443 2369 508 2441 ipsc
527 2366 644 2438 iecerat)
666 2368 792 2440 impium
810 2381 873 2423 esse
886 2366 992 2436 docct3
1012 2369 1042 2421 et
1083 2361 1169 2419 viset
1190 2365 1296 2421 notio:
1316 2369 1349 2421 ut
1370 2365 1504 2436 ambigas
1522 2379 1600 2439 sape
1614 2363 1729 2437 utrius,
1744 2364 1878 2438 ipsiusne

248 2457 374 2532 prologo
390 2455 421 2512 in
434 2452 571 2521 abdiam,
583 2451 737 2523 semetipse
751 2450 858 2521 arguit,
870 2450 954 2523 quod
968 2448 1041 2506 olim
1083 2445 1126 2502 rei
1140 2461 1178 2502 en
1190 2447 1317 2521 phrasis,
1330 2448 1494 2508 obscuritas
1508 2448 1545 2505 sit
1558 2447 1664 2520 major.

250 2540 404 2613 allegorice
423 2536 600 2611 prophetam
614 2536 694 2592 hunc
707 2533 910 2608 explicuisset,
925 2534 1042 2591 histori-
1119 2536 1210 2594 laceo
1235 2537 1363 2610 variam,
1385 2542 1414 2594 et
1430 2538 1517 2613 quasi
1536 2535 1726 2609 omnigenam
1748 2540 1878 2598 materiae

251 2640 316 2684 cem
329 2624 392 2695 ejus
405 2619 765 2691 intelligentiamnccdum
774 2621 933 2676 essecutus.
1084 2618 1332 2692 amplitudinem:
1354 2621 1428 2696 quid
1443 2621 1523 2681 enim
1545 2622 1608 2679 toto
1627 2621 1717 2678 veteri
1737 2635 1877 2696 novoque

186 2748 192 2763 .
285 2709 330 2766 hd
350 2705 523 2764 historicum
537 2719 627 2774 vero,
644 2708 676 2761 ut
696 2703 722 2761 is
738 2717 816 2760 unus
831 2702 883 2759 tibi
905 2701 1040 2773 sufficiat,
1082 2704 1278 2762 instrumento
1304 2720 1366 2764 non
1393 2706 1607 2780 pertractatur,
1641 2707 1694 2761 aut
1719 2705 1877 2780 tanghur?

251 2795 326 2867 quot
344 2789 521 2865 quantisque
537 2787 714 2858 adjumentis
736 2790 781 2844 est
793 2787 891 2859 opus?
911 2801 1002 2859 quam
1016 2787 1041 2842 is
1083 2788 1215 2861 Exempli
1229 2789 1266 2846 sit
1279 2790 1379 2860 instar,
1395 2794 1427 2846 ut
1441 2791 1564 2861 uagum,
1574 2786 1877 2862 llachaboeorum,lts·

250 2892 327 2951 sape
337 2872 529 2933 reconditus?
543 2886 634 2945 quam
648 2869 768 2928 Hebraea
780 2869 881 2943 phrasi
896 2871 1039 2942 Craecave,
1084 2871 1155 2942 dra,
1171 2872 1295 2930 Danielis
1308 2878 1337 2930 et
1356 2873 1484 2931 aliorum
1497 2872 1709 2945 Prophetarum
1722 2873 1876 2934 volumina

250 2966 278 3018 ct
290 2973 387 3029 novo,
407 2973 426 3015 a
445 2955 614 3028 caeterisque
635 2953 775 3012 omnibus
789 2953 967 3026 discrepanti
980 2953 1041 3010 dio·
1082 2954 1238 3027 intelligas,
1253 2957 1436 3030 quamvaria
1449 2957 1572 3016 historia
1585 2956 1716 3026 Cantilia,
1725 2962 1800 3031 quot
1812 2973 1876 3019 mo-

249 3043 337 3102 tionis
350 3055 456 3113 genere
473 3038 613 3096 abditus?
632 3052 724 3112 qnam
746 3037 881 3094 sublimis
900 3037 1040 3095 altissime
1083 3040 1221 3111 nercbiae,
1233 3042 1431 3114 Assyriorum,
1444 3041 1607 3112 bladorum,
1621 3041 1785 3113 Persarum,
1800 3045 1877 3101 Cra-

249 3143 326 3202 soepe
340 3141 403 3184 sese
422 3123 530 3181 librat?
549 3126 648 3196 Neque
664 3123 696 3179 id
718 3122 838 3180 mirum.
858 3123 886 3180 Si
903 3123 981 3179 enim
995 3138 1042 3180 sa·
1083 3138 1197 3195 corum,
1212 3127 1415 3183 Romanorum
1426 3125 1660 3199 pernoscenda?
1679 3129 1754 3199 quot
1777 3143 1875 3186 mores

248 3213 382 3284 plantum
400 3207 491 3265 verba
514 3223 599 3264 sensu
621 3207 713 3264 animi
734 3206 874 3280 sapientis
897 3207 1040 3280 produnt,
1083 3208 1225 3279 gentium,
1235 3209 1307 3266 ritus
1316 3209 1471 3280 ioederum,
1482 3209 1642 3280 bellorum,
1651 3209 1873 3284 sacrificiorum,

247 3310 366 3369 voxque
379 3293 539 3366 respondet
560 3291 745 3364 conceptioni
764 3291 889 3348 mentis:
903 3291 956 3348 uhi
978 3293 1041 3350 haec
1083 3291 1301 3350 connubiorum
1323 3293 1535 3367 perquirendi?
1553 3298 1629 3367 quot
1649 3292 1768 3351 urbium
1790 3296 1874 3364 situs,

248 3378 370 3436 coelestis
387 3381 416 3433 ct
434 3375 535 3432 divina
548 3374 651 3444 inerit,
666 3388 759 3446 qnam
779 3389 896 3434 necesse
914 3379 957 3432 est
978 3376 1041 3434 elo·
1082 3373 1251 3446 fluminum,
1265 3375 1423 3446 montium,
1432 3375 1588 3448 regionum
1602 3391 1638 3434 ex
1651 3377 1789 3436 universa
1802 3380 1875 3436 anti·

248 3462 395 3519 certionem
407 3459 516 3531 pariter
533 3457 678 3514 coelestem
691 3471 754 3513 esse
768 3461 796 3513 ct
815 3457 970 3515 divinam?
990 3473 1040 3518 ne-
1082 3457 1233 3531 quissime.
1243 3458 1460 3532 chorographia
1473 3464 1502 3518 at
1515 3459 1742 3534 cosmographia
1761 3462 1876 3536 perlus-

248 3545 322 3601 mini
334 3546 433 3602 autcm
454 3539 581 3597 dubium
596 3553 695 3596 sacros
708 3538 802 3596 libros
816 3555 901 3596 sensa
917 3541 1039 3614 Spiritus
1081 3541 1204 3597 trandi?

248 3625 353 3696 Sancti,
368 3623 600 3698 sapientiamque
618 3621 718 3678 aeterni
736 3621 822 3678 verbi
843 3637 898 3679 sua
912 3623 1040 3681 dictione
1117 3625 1161 3681 lV.
1177 3625 1281 3682 Verum
1294 3641 1331 3683 nc
1344 3626 1412 3700 quis
1425 3626 1474 3685 hic
1488 3628 1646 3701 scrupulus
1663 3631 1791 3704 supersit
1819 3647 1874 3706 age
1887 3643 1944 3700 esp.
1970 3655 2003 3689 η.

248 3708 425 3782 complecti:
448 3710 481 3764 ut
500 3704 626 3780 proinde
646 3719 708 3762 non
729 3705 813 3762 humi
832 3721 947 3778 serpere
957 3748 967 3777 ,
988 3709 1041 3766 sed
1081 3707 1178 3780 prima
1189 3707 1227 3764 ab
1244 3709 1356 3780 origine
1373 3725 1436 3768 rem
1450 3712 1643 3784 deducamus,
1660 3674 1873 3790 videamu'sqne
1885 3705 2004 3778 ΜΨ

248 3795 279 3851 in
297 3793 392 3850 altum
404 3791 515 3861 erigere
531 3805 593 3846 sese
616 3790 763 3860 oporteat,
783 3788 809 3851 ei
831 3789 938 3846 divinis
959 3791 1040 3848 hisce
1081 3792 1236 3864 quomodo
1260 3793 1343 3849 omni
1363 3809 1479 3868 semper
1496 3799 1595 3868 aetate,
1615 3797 1771 3856 difficultas
1789 3802 1873 3872 jnxla
1886 3767 2005 3873 3³3¹*

248 3875 374 3950 eloquiis
397 3873 436 3930 ad
450 3873 551 3930 divina
571 3871 717 3943 cogitata,
730 3871 918 3945 primamque
936 3875 1040 3932 verita·
1082 3890 1116 3932 ac
1130 3874 1291 3945 dignitass.
1305 3877 1477 3950 Scriptura,
1489 3883 1518 3936 et
1531 3881 1778 3940 reverentiamsni
1788 3899 1873 3943 acue-
1885 3891 1945 3936 otae
1967 3843 2005 3937 ’ἶ

248 3966 307 4017 trur
320 3958 473 4033 pervolare
486 3956 555 4030 quis
567 3956 676 4028 cupiet.
1081 3958 1134 4029 rit,
1150 3962 1177 4014 ct
1191 3958 1324 4016 studium
1338 3961 1512 4020 Sanctorum
1525 3965 1701 4024 accenderit.
1715 3969 1801 4040 Apud
1822 3971 1874 4026 lle·
1891 3954 1995 4010 ΜΨ

182 4088 189 4104 ,
285 4047 385 4101 Pateor
409 4041 568 4114 equidem,
595 4038 788 4099 scholasticos
813 4042 951 4099 Doctores
973 4057 1040 4116 per·
1081 4039 1872 4126 braospervulgataesttraditio,cuienostrisastipu-
1891 4013 1997 4120 Ἧι

248 4129 342 4186 multa
355 4143 371 4184 e
384 4126 537 4199 scripturis
550 4123 694 4183 subtiliter
706 4139 868 4195 accersere,
883 4139 977 4197 eaque
991 4140 1038 4184 su·
1080 4123 1179 4182 lentur
1191 4127 1218 4182 S.
1235 4124 1373 4196 Hilarius,
1389 4129 1463 4184 Psoi.
1476 4133 1545 4198 u,et
1559 4130 1799 4200 Origeneshom.
1811 4140 1829 4193 t
1842 4141 1873 4194 ta
1891 4137 2005 4195 aptare

247 4211 337 4268 binde
351 4210 508 4279 discutere3
520 4209 574 4267 sed
584 4223 652 4266 suas
666 4207 723 4280 ipsi
737 4206 793 4266 sibi
811 4212 904 4266 metas
917 4208 1039 4268 l‘heolo·
1080 4210 1175 4278 Num,
1189 4210 1289 4266 lloscn
1300 4224 1369 4265 curn
1378 4210 1453 4280 lege,
1468 4211 1556 4269 ctiam
1565 4213 1638 4284 legis
1646 4215 1872 4290 explicationem
1885 4199 1910 4242 ⁵·
1926 4201 2006 4260 ΜΡ·

247 4296 318 4366 gistis
345 4291 558 4367 quaestionibus
582 4290 741 4362 definiunt,
761 4306 829 4364 quae
849 4290 961 4350 aliatim
980 4293 1038 4366 ipsi
1079 4292 1112 4349 in
1137 4296 1237 4349 monte
1260 4293 1327 4350 Sina
1350 4294 1490 4351 divinitus
1512 4298 1657 4370 accepisse
1672 4317 1680 4354 ε
1695 4301 1781 4376 eique
1798 4319 1873 4376 prae·
1884 4267 2009 4371 affui„

246 4377 375 4436 nrnteriae
394 4381 423 4434 et
443 4390 540 4448 operae
558 4374 709 4446 Theologo
723 4374 901 4445 utilissimae,
917 4380 944 4431 ct
965 4392 1036 4435 vero
1080 4379 1199 4447 ceptum
1212 4391 1285 4445 esse,
1300 4380 1333 4433 ut
1344 4376 1439 4448 legem
1448 4378 1598 4451 scriberet,
1610 4382 1663 4440 sed
1670 4382 1745 4455 legis
1759 4387 1873 4446 occulta
1884 4387 1943 4432 ⁶¹²

246 4460 429 4529 accessariae,
454 4457 664 4531 suppeditant,
687 4462 720 4514 ut
743 4457 825 4514 aliud
844 4473 881 4514 cx
903 4459 1036 4532 prolessc
1080 4459 1219 4530 mysteria
1231 4463 1259 4515 et
1279 4474 1365 4517 sense
1385 4463 1484 4531 tosus,
1498 4466 1526 4519 et
1538 4462 1586 4520 hio
1599 4467 1813 4542 sacerdotibus,
1827 4471 1872 4528 hi-

245 4559 332 4615 ngere
345 4557 406 4600 non
420 4540 506 4598 liceat
525 4539 671 4612 :perinde
690 4544 722 4596 ut
734 4541 786 4612 qui
798 4557 895 4598 sacras
910 4542 1037 4603 elucidat
1079 4558 1138 4616 que
1161 4548 1373 4615 consequenter
1399 4546 1516 4604 vicariis
1543 4549 1605 4604 suis
1632 4553 1872 4628 succedentibus

245 4629 373 4696 Litteras,
388 4623 516 4682 subinde
529 4623 717 4694 Thcolcgicas
729 4622 931 4681 conclusiones
947 4626 1036 4682 sacris
1079 4639 1188 4696 magna
1197 4627 1301 4683 silentii
1312 4627 1454 4699 religione
1465 4632 1636 4690 revelarent.
1645 4635 1875 4697 liinchnetolius

245 4711 392 4768 sententiis
412 4708 577 4778 involutas,
596 4707 704 4764 evolvit
716 4708 898 4780 accuratius,
920 4709 983 4780 sed,
999 4727 1036 4768 ne
1079 4709 1160 4781 apud
1171 4710 1457 4780 Eusebium‚lib.vll
1468 4716 1556 4780 Hist„
1567 4731 1744 4793 cep.xxuu,
1755 4723 1875 4797 Septua-

244 4797 323 4852 ultra
334 4793 497 4865 crepidam,
511 4793 550 4850 ed
565 4808 634 4849 suos
649 4792 747 4848 statim
767 4807 798 4848 se
812 4793 914 4865 recipit
924 4796 1036 4851 cancel·
1077 4793 1159 4863 ginta
1172 4795 1344 4866 interpretes
1359 4797 1517 4854 Ptolemae
1535 4800 1740 4877 Philadelpho,
1755 4809 1876 4881 AEgvpti

244 4878 300 4936 los.
316 4880 422 4936 Verum
444 4877 527 4934 aliud
546 4880 590 4933 est
609 4876 740 4934 delibare
761 4877 935 4950 quidpiam,
953 4880 1036 4937 aliud
1077 4876 1151 4946 regi,
1165 4879 1366 4948 percunctanti
1385 4881 1489 4952 multa,
1502 4899 1539 4940 ex
1557 4885 1643 4941 llosis
1664 4865 1876 4948 traditionibus

244 4965 323 5019 certo
332 4959 760 5033 etcontinuoidipsumordine
771 4966 938 5033 pertexere5
952 4964 1035 5021 aliud
1078 4962 1266 5033 respondisse
1279 4968 1388 5024 narrat.
1411 4968 1444 5022 lit
1457 4969 1575 5040 Esdras,
1588 4971 1636 5028 vel
1649 4973 1787 5046 quisquis
1807 4991 1877 5034 auc.

244 5045 416 5103 sententiam
429 5044 602 5117 quampiam
616 5046 766 5112 excutere,
788 5043 870 5100 aliud
887 5044 1034 5116 integrum
1078 5048 1125 5102 tor
1135 5043 1189 5102 lib.
1202 5047 1235 5102 lv
1248 5049 1343 5104 Esdrca
1360 5050 1423 5122 (cui
1434 5051 1487 5107 etsi
1502 5067 1563 5109 non
1576 5056 1739 5128 canonica,
1753 5061 1878 5116 canoni·

243 5129 403 5198 volumen,
419 5142 582 5201 omnesque
600 5128 662 5197 eius
681 5127 839 5184 sententias
857 5127 989 5198 diligenti
1007 5132 1034 5186 et
1077 5127 1118 5184 cis
1139 5133 1237 5188 tamen
1257 5132 1397 5203 adjuncto
1411 5151 1466 5191 sua
1478 5135 1553 5193 fides
1570 5139 1716 5212 constat),
1731 5155 1799 5216 cap.
1814 5158 1865 5200 xrv

243 5213 345 5269 exacto
354 5209 588 5268 succedentium
598 5213 626 5266 ct
635 5209 1031 5283 consequentiumexaminc,
1076 5213 1149 5270 llosi
1162 5213 1290 5272 edictum
1299 5215 1403 5274 refert:
1417 5221 1507 5275 ullae
1520 5220 1551 5276 in
1561 5222 1759 5295 palamiacies
1768 5187 1875 5285 verba,

243 5292 432 5353 hebreorum
443 5294 670 5365 Graecorumque
689 5290 817 5349 fontium
830 5293 1031 5366 vestigatione,
1076 5300 1105 5353 et
1117 5297 1179 5353 heac
1190 5298 1365 5358 abscondes.
1376 5321 1390 5352 a
1402 5301 1462 5358 Sibi
1471 5303 1590 5376 pariter,
1601 5308 1697 5363 Esdrae
1707 5313 1791 5381 puta,
1804 5271 1875 5369 curn

243 5381 473 5449 sanctorumque
495 5378 612 5434 Petrum
632 5375 770 5444 lectione,
791 5375 940 5446 evolvere,
952 5377 1032 5436 illius
1077 5380 1126 5437 liei
1139 5381 1279 5438 instinctu
1289 5383 1383 5443 libros
1395 5385 1531 5450 dictasset
1542 5390 1606 5462 204,
1620 5391 1715 5450 simile
1726 5393 1848 5464 iussum
1864 5413 1874 5454 r
