4194 6034
723 259 966 326 demmraau
983 267 1017 326 ia
1034 266 1195 340 annau,
1213 283 1276 330 aar.
1294 267 1383 330 111111.
1811 279 1870 338 ιω

118 372 224 423 roera
273 363 319 446 19.
342 365 372 424 Sr
394 377 501 426 recten
516 379 736 428 unmeoauraa
755 383 791 426 rr
811 384 980 430 εεειτετει.
994 399 1031 416 ·-
1076 372 1174 430 cersiri
1188 373 1324 446 sevidit,
1337 375 1474 434 occurrit.
1488 377 1563 434 cam
1575 377 1730 438 veheretur
1743 381 1883 451 canelo,

118 438 226 506 lirim·
238 441 311 506 Note
325 466 333 506 t
349 448 398 506 liis
416 449 537 508 duobus
554 451 701 524 Scriptura
721 453 924 526 complectitur
941 469 1030 514 omne
1075 454 1209 513 vanitati
1229 459 1369 516 maritum
1378 493 1388 529 ,
1402 475 1438 516 eo
1460 460 1545 532 quod
1564 461 1697 534 populus
1713 463 1869 522 amionem

116 511 224 617 ff}
238 520 370 588 officium
382 533 512 592 ablutis:
524 549 612 592 omne
624 535 704 592 enim
716 535 764 593 ael
776 535 941 595 indebitum
956 541 985 595 ct
996 537 1032 594 ii-
1075 536 1208 596 belluina
1229 541 1361 612 quadam
1383 542 1523 600 horridus
1540 546 1714 604 meritorum
1731 545 1870 606 deformi-

120 633 219 679 mruer
236 607 337 674 berete
351 620 404 686 est,
413 619 442 672 et
452 621 496 672 est
505 616 724 690 misericordia3
738 619 786 676 vel
797 623 977 692 praeceptum
987 624 1031 678 est
1075 624 1150 691 tate,
1164 622 1217 694 qui
1229 622 1332 680 lormoe
1345 640 1407 682 sua
1428 625 1545 682 nulium
1563 627 1693 686 habebat
1711 630 1868 700 decorem,

236 701 266 758 et
279 695 429 770 debitum,
441 699 502 757 sive
516 717 553 756 ex
566 697 693 772 justitia,
708 701 769 758 sive
783 718 821 760 ex
835 704 952 777 pietate,
969 704 1029 762 sive
1075 699 1166 760 fidem
1180 710 1256 764 esset
1273 709 1363 779 atque
1376 723 1495 766 sensum
1508 709 1641 768 Ecclesia
1656 715 1836 784 recepturus.
1851 734 1866 769 e

236 795 274 837 ex
286 771 345 838 alia
358 782 479 853 vistula
492 786 522 840 et
537 787 660 840 vocatur
671 785 793 856 veritas3
808 785 857 842 hic
870 802 940 858 ergo
956 787 1030 842 veri·
1110 787 1155 844 62.
1170 791 1226 846 Pan
1243 805 1327 861 vua,
1342 819 1377 834 ·-
1388 807 1442 864 per
1456 793 1625 864 desertum,
1640 792 1749 852 scilicet
1758 797 1823 866 Sur,
1836 797 1868 854 ia
1882 809 1986 863 veruta.

236 865 299 933 tos,
313 868 357 922 est
370 866 463 938 pietas
475 881 568 940 quem
581 871 717 940 parentes
731 865 868 926 Rebecca
880 868 1030 928 debebant
1075 885 1154 944 quo,
1169 876 1270 945 utpote
1285 873 1399 940 vicino,
1412 875 1495 933 solus
1515 879 1595 938 lenae
1613 877 1807 936 meditaturos
1824 879 1869 938 in-

236 953 363 1020 cognato
375 963 441 1018 suo,
452 947 514 1006 imo
526 953 634 1022 patruo
645 947 824 1009 abrahamo.
836 955 878 1010 lta
890 952 1027 1010 oleaster.
1075 953 1229 1014 ambulare
1244 957 1356 1014 solebat
1369 958 1417 1032 (3).
1428 959 1561 1018 Solitudo
1572 961 1652 1018 caim
1666 961 1817 1034 aptissima
1826 969 1869 1022 eat

272 1029 362 1088 aliter
375 1031 550 1104 cajetanus:
566 1032 694 1104 Veritas,
708 1033 820 1108 inquit,
837 1035 885 1092 hic
899 1039 943 1094 est
955 1035 1030 1093 veri·
1075 1036 1214 1108 orationi,
1224 1055 1309 1114 aeque
1320 1057 1354 1099 ao
1368 1042 1560 1114 speculationi
1571 1046 1600 1099 et
1614 1043 1866 1117 mntomplatioai.

236 1108 351 1184 hoedo,
367 1132 394 1186 q.
408 1113 436 1170 d.
451 1114 481 1172 Si
498 1115 648 1172 verificare
663 1116 767 1188 vultis,
785 1132 913 1192 veraque
933 1123 1028 1176 ostea-
1072 1118 1223 1180 Solverunt
1241 1118 1273 1180 id
1293 1123 1428 1182 Gentiles.
1443 1125 1540 1193 Plato,
1554 1129 1623 1199 post
1644 1125 1766 1198 longam
1784 1143 1868 1200 pero·
1913 1133 1916 1140 '

237 1197 306 1254 dore
321 1200 350 1254 et
363 1197 476 1255 edicere
489 1201 532 1254 tot
548 1199 633 1270 signa
651 1198 759 1258 divinae
772 1199 947 1272 voluntatis,
962 1201 1030 1276 qui·
1071 1201 1268 1272 grinationem
1280 1206 1407 1264 athanas
1424 1223 1573 1276 reversus,
1587 1207 1704 1266 secessit
1717 1209 1748 1266 in
1765 1209 1867 1270 locum

235 1275 294 1337 bus
307 1275 382 1337 Deus
393 1279 558 1338 ostenditso
571 1279 645 1338 velle
658 1281 819 1346 Rebeccam
830 1285 928 1342 lsaaoo
939 1285 1026 1344 tradi.
1071 1283 1291 1359 suburbanum,
1304 1287 1464 1347 arboribus
1478 1289 1666 1360 umbrosum,
1677 1291 1730 1364 qui
1743 1289 1783 1350 ab
1796 1297 1867 1352 doa-

272 1359 311 1420 Ur
330 1377 427 1420 ranan
444 1377 482 1419 aa
502 1377 746 1434 preasumsisse
765 1381 1028 1426 mennam·
1072 1365 1161 1427 demo
1183 1385 1353 1443 possessore
1377 1371 1473 1430 dictus
1500 1379 1543 1431 est
1567 1374 1738 1446 academia,
1762 1374 1865 1450 ibique

235 1445 284 1507 ast
296 1445 494 1518 hebraismus,
503 1465 531 1518 q.
543 1448 572 1504 d.
584 1449 619 1504 tit
631 1447 722 1506 sciam
736 1463 797 1524 qua
809 1449 858 1506 via
870 1449 944 1508 mihi
956 1466 1028 1510 eun-
1070 1449 1296 1526 philosophatus
1311 1457 1355 1512 est
1367 1458 1396 1512 et
1409 1457 1598 1530 gymnasium
1611 1457 1712 1514 erexit.

236 1529 310 1588 dum
323 1531 376 1600 sit,
390 1525 464 1604 quid
477 1526 550 1588 mihi
565 1529 715 1602 agendum
732 1531 783 1602 sit,
799 1536 898 1590 utrum
911 1533 960 1591 hie
975 1535 1028 1592 sis·
1107 1533 1206 1594 Cicero
1227 1553 1304 1611 sape
1328 1554 1347 1596 ε
1367 1539 1493 1610 negotiis
1515 1547 1544 1598 et
1564 1539 1639 1598 urhe
1662 1540 1817 1600 secedebat
1834 1541 1866 1600 in

236 1617 312 1684 tere,
326 1629 365 1670 an
384 1609 443 1670 alio
455 1627 577 1686 pergere
595 1611 721 1670 debeam
737 1631 744 1668 ι
760 1618 876 1688 poterat
893 1617 973 1680 enim
990 1635 1027 1678 ex
1071 1620 1138 1688 ius,
1153 1617 1257 1694 ibique
1269 1619 1548 1695 philosophabatur.
1561 1623 1651 1681 Testis
1664 1626 1708 1682 est
1721 1622 1799 1696 ipse,
1810 1621 1863 1682 lib.

235 1687 301 1754 aliis
313 1693 381 1754 filiis
394 1699 509 1755 Nachor
523 1697 738 1777 (habuit-enim
755 1701 913 1774 undecim,
927 1708 961 1762 ut
972 1720 1028 1779 pa·
1069 1701 1105 1760 ill
1120 1699 1193 1774 Ome.

235 1785 276 1840 tet
292 1797 358 1856 cap.
377 1797 456 1853 uir,
470 1784 503 1839 21
516 1781 525 1856 )
540 1798 665 1840 uxorem
681 1787 781 1857 petere
800 1787 918 1859 isaaco,
935 1788 1027 1864 idque
1106 1785 1201 1842 Poeta
1214 1786 1287 1844 olim
1297 1787 1477 1862 recipiebant
1488 1805 1519 1846 ae
1530 1788 1561 1846 in
1575 1789 1658 1846 avios
1670 1792 1796 1858 montes,
1808 1780 1863 1846 ibi·

235 1863 365 1936 lecisset,
379 1865 404 1921 si
417 1861 448 1922 in
460 1861 590 1924 Rebecca
605 1865 755 1940 repulsam
768 1862 891 1926 tulisset.
1071 1881 1130 1939 que
1139 1866 1170 1922 in
1181 1867 1349 1926 solitudinis
1363 1886 1479 1928 recessu
1492 1873 1624 1928 carmina
1632 1871 1812 1944 pangebant.
1823 1873 1866 1928 lia

115 1971 177 2026 w,
186 1974 220 2023 g,
271 1945 316 2006 aa.
331 1947 609 2016 liasrounaauaroua
622 1950 716 2006 Leaen
729 1964 764 2008 ar
778 1953 963 2011 Barauar..·-
974 1957 1027 2016 ιε-
1070 1949 1213 2007 Hesiodus
1226 1951 1304 2009 canit
1316 1969 1347 2008 se
1360 1952 1505 2026 poetieam
1519 1954 1637 2012 attusia
1650 1953 1797 2023 didicisse,
1811 1953 1864 2010 sed

232 2031 295 2089 ban
309 2025 396 2090 irater
406 2035 468 2090 erat
480 2027 624 2102 Rebecca,
632 2048 668 2091 ae
676 2034 803 2107 proinde
813 2034 894 2093 filius
904 2037 1027 2096 Bathna-
1069 2031 1102 2090 in
1123 2038 1224 2091 monte
1247 2035 1398 2108 Relicone,
1415 2036 1490 2094 dum
1511 2053 1606 2108 agnos
1621 2040 1768 2111 pasceret,
1787 2035 1865 2093 indi·

234 2115 281 2187 lis,
294 2110 347 2174 sed
358 2115 411 2190 qui
420 2119 503 2189 patre
515 2121 682 2174 senescente
692 2117 809 2175 videtur
818 2117 962 2180 familiam
975 2124 1028 2182 aa·
1069 2130 1139 2174 cans
1157 2117 1347 2177 solitudinem
1360 2135 1424 2178 esse
1443 2120 1553 2192 ingenii
1571 2119 1805 2188 suscitabulum3
1820 2117 1865 2176 ni·

234 2195 413 2259 ministrasse
420 2209 430 2272 ς
442 2197 521 2258 undo
531 2199 579 2258 hio
592 2202 704 2274 passim
717 2217 774 2276 pro
787 2207 870 2276 patre
881 2204 1026 2279 loquitur,
1068 2201 1179 2259 mirum
1192 2195 1343 2260 «earmina
1353 2218 1501 2262 secessum
1510 2202 1664 2262 scribentis
1674 2210 1704 2261 el
1713 2202 1773 2260 otia
1783 2217 1865 2275 quw·

233 2279 493 2344 etmatrimonium
501 2277 639 2344 Rebeccae
649 2299 717 2341 eum
728 2286 826 2343 isaaco
837 2283 965 2346 coniicit.
976 2290 1027 2348 Sa-
1068 2287 1178 2342 runt.»

233 2369 344 2445 pienter
363 2369 391 2427 S.
407 2363 580 2442 Ambrosius
596 2386 603 2424 :
619 2364 764 2440 Rebecca,
777 2369 832 2440 ait,
849 2390 865 2423 ι
879 2371 1026 2442 judicium
1103 2363 1257 2440 Euripides
1279 2369 1311 2428 in
1331 2369 1428 2428 insula
1451 2369 1597 2428 Salamine
1617 2369 1775 2444 aegeatae
1794 2379 1864 2424 suaa

233 2457 381 2528 exspectet
392 2457 565 2527 parentume
581 2467 643 2511 non
657 2456 700 2510 est
714 2451 792 2511 enlm
804 2453 956 2526 virginalis
970 2471 1026 2529 pu·
1068 2449 1198 2523 scripsit,
1212 2452 1244 2509 in
1262 2453 1404 2526 spelunea
1422 2457 1494 2512 tetro
1508 2453 1684 2526 ethorrida,
1699 2467 1792 2526 quam
1805 2455 1863 2508 Au·

234 2533 315 2596 doris
334 2531 440 2608 eligere
462 2537 611 2594 maritum.
631 2555 645 2590 e
668 2535 749 2616 liade
771 2541 800 2594 et
819 2538 1026 2600 andromacha
1068 2533 1115 2592 lus
1129 2533 1238 2592 Gellius
1248 2550 1279 2592 ιθ
1293 2536 1403 2594 vidisse
1419 2535 1531 2596 scribit.

232 2621 315 2694 apud
325 2615 878 2696 Euripidem:«Sponsaiumanquit,
889 2637 1026 2683 meorum
1103 2615 1238 2677 Horatius
1264 2623 1353 2693 neget
1382 2635 1414 2678 se
1440 2623 1541 2680 Roma
1569 2624 1708 2695 poemata
1731 2637 1863 2696 pangere

232 2703 315 2776 pater
335 2717 420 2760 meus
439 2713 540 2760 curem
562 2697 675 2760 subibit
680 2721 691 2774 3
716 2698 775 2760 hoc
797 2703 876 2762 enim
901 2720 963 2763 non
981 2711 1027 2766 est
1067 2715 1166 2774 posse.

232 2794 333 2844 meum
347 2783 423 2860 (1).»
1103 2785 1124 2842 Ε
1144 2777 1298 2859 fidelihus,
1320 2785 1411 2860 Elias,
1428 2784 1564 2860 liliseeus,
1580 2791 1707 2848 loannes
1720 2789 1862 2864 Baptista,

267 2863 858 2943 ADomogqmsqsgsp.gm0;-hoo
871 2874 1025 2947 negotium
1068 2869 1277 2944 ilieronymRS,
1302 2871 1440 2941 Basilina,
1461 2871 1658 2930 Nazianzenus
1680 2871 1863 2946 plurimique

232 2951 332 3014 divino
345 2956 420 3012 nutu
433 2956 543 3028 geritur
548 2974 558 3028 ι
575 2956 638 3014 brec
650 2954 841 3016 estaoluntaa
852 2957 917 3030 Dei,
928 2961 1025 3018 utRe-
1068 2951 1118 3011 alii
1132 2953 1163 3010 in
1180 2969 1313 3012 eremum
1333 2959 1529 3024 secesserunt,
1548 2952 1649 3026 ibique
1668 2955 1819 3027 sapientia
1833 2959 1863 3014 et

230 3037 352 3098 beccam
361 3037 513 3096 hederam
528 3042 638 3098 isaaco.
1068 3035 1310 3110 contemplationi
1324 3041 1482 3107 vacarunt,
1492 3038 1584 3110 idque
1597 3038 1735 3110 exemplo
1746 3037 1861 3110 Christi,

122 3138 219 3189 aas..
267 3123 312 3180 Sl.
331 3123 412 3180 Scor
431 3135 553 3180 ωεετεε
573 3134 622 3182 aar
642 3124 790 3194 bostrae,
803 3149 840 3168 -
853 3139 915 3182 non
934 3139 1026 3198 voce,
1068 3119 1121 3194 qui
1140 3123 1229 3176 noctu
1248 3127 1385 3178 oraturus
1405 3120 1560 3178 secedebat
1576 3120 1608 3177 in
1626 3124 1756 3191 montes,
1771 3122 1814 3180 uti
1830 3122 1863 3182 in

233 3201 286 3262 sed
305 3206 478 3282 signo,quo
497 3205 679 3264 voluntatem
699 3221 785 3264 suam
805 3202 934 3266 ostendit
946 3221 1024 3266 vers.
1067 3199 1183 3260 Thabor
1204 3202 1235 3260 in
1257 3201 1532 3274 transfigurafiffle,
1545 3208 1575 3261 0¹
1596 3198 1628 3262 1¹¹
1649 3204 1769 3262 limium
1786 3208 1861 3264 iem·

232 3289 277 3348 11.
293 3288 331 3346 lta
343 3291 372 3348 S.
386 3287 566 3362 Augustinus
574 3330 585 3360 ,
601 3290 710 3358 Quaest.
723 3287 823 3347 hllilll.
974 3349 976 3354 ,
1067 3301 1140 3359 pore
1153 3286 1310 3359 passionis.

110 3391 171 3439 vm
183 3396 217 3440 ee,
267 3373 312 3430 52.
326 3372 402 3432 Pusa
411 3415 419 3440 ,
429 3401 465 3416 -
477 3387 590 3430 servus.
1103 3368 1235 3426 vidimus
1245 3367 1293 3427 hio
1302 3366 1522 3445 autographum
1534 3371 1681 3430 thomae
1694 3367 1812 3446 ltempis
1820 3375 1860 3431 ne

111 3473 217 3522 amer.
267 3453 312 3514 St.
337 3457 495 3526 donemus
515 3469 603 3516 ueros
625 3469 828 3526 recurreres,
853 3486 884 3500 -
906 3471 967 3515 non
986 3456 1024 3516 de
1068 3451 1312 3518 rottenstein
1327 3454 1411 3526 ouius
1425 3455 1860 3528 initioheelegebatursentan·

230 3533 342 3612 nuptiis
356 3556 425 3597 eum
438 3543 536 3598 lsaaoo
551 3556 560 3596 e
574 3539 608 3596 in
619 3537 675 3596 has
692 3537 774 3596 enirn
791 3535 952 3596 Rebeccam
961 3539 1025 3610 jam
1067 3535 1121 3594 tier
1131 3539 1183 3594 oin
1192 3533 1612 3612 omnibusrequiemquaesivi,
1622 3544 1717 3596 elnon
1727 3539 1859 3611 inveni»

230 3623 298 3680 anie
313 3619 492 3680 consensisse
507 3618 706 3692 colligiturex
722 3633 800 3677 vers.
812 3624 844 3678 bi
858 3664 868 3688 ‚
881 3624 935 3693 53,
948 3624 984 3680 at
996 3626 1026 3680 et
1068 3619 1231 3678 cluniacen
1247 3621 1378 3678 hoccaten
1392 3627 1500 3678 meteea
1516 3623 1660 3688 boeoclea,
1674 3621 1706 3680 id
1720 3627 1763 3680 est
1780 3623 1862 3681 enisi

230 3707 281 3777 553
296 3699 350 3764 sed
367 3700 516 3763 desubito
534 3703 617 3761 abitu
632 3697 853 3776 aparentibus,
869 3704 1024 3779 etprolee-
1068 3702 1177 3761 sensim
1195 3703 1300 3760 sedens
1313 3705 1344 3762 in
1364 3703 1474 3778 angulo
1495 3719 1564 3762 cnm
1581 3704 1723 3762 libello.»
1743 3707 1802 3762 lloc
1818 3711 1863 3764 est

229 3789 348 3848 tionein
356 3784 541 3846 chanaanad
550 3789 692 3844 isaacum.
702 3787 744 3844 lta
753 3785 780 3844 S.
791 3785 964 3845 ambrosius
974 3787 1022 3862 (2).
1067 3787 1621 3862 quodmagnusillearseniuserernita
1632 3785 1761 3845 dicebat:
1776 3789 1862 3849 «Noa
1887 3839 1893 3847 .

263 3867 425 3946 allegorice
439 3875 467 3931 S.
480 3869 674 3930 ambrosius:
690 3867 835 3942 Rebecca,
846 3871 901 3942 ait,
916 3887 1023 3945 reprae-
1066 3884 1188 3946 possum
1201 3867 1291 3927 simul
1304 3885 1374 3928 oum
1387 3873 1446 3928 lieo
1460 3872 1489 3928 et
1499 3869 1673 3928 hominibus
1684 3869 1827 3930 habitare.
1843 3889 1859 3928 e

230 3961 323 4016 sentat
335 3955 520 4014 Ecclesiame
538 3953 707 4028 gentilismo
725 3957 861 4012 vocatam
875 3970 893 4012 a
907 3955 1022 4016 Christo
1101 3958 1144 4010 an
1159 3951 1446 4027 rurau1,-dequo
1460 3968 1527 4027 cap.
1542 3967 1602 4024 aar,
1611 3967 1688 4011 vers.
1700 3954 1746 4024 tt,
1756 3957 1860 4028 etcep.

228 4038 269 4098 ad
282 4037 467 4097 eonauqum
483 4055 491 4094 ε
508 4037 603 4107 «011oe
614 4039 721 4094 vocata
733 4050 795 4093 non
811 4035 879 4094 fecit
892 4053 1023 4110 moram,
1067 4051 1143 4112 seq,
1157 4053 1236 4096 vers.
1250 4040 1295 4094 11.

228 4127 257 4182 ει
275 4123 342 4182 ideo
356 4122 503 4196 acceptior
517 4121 661 4191 Dominae
674 4119 747 4196 quia
759 4117 890 4194 populns
908 4119 1024 4179 ludeo·
1100 4125 1130 4180 lu
1146 4134 1239 4179 raaaa
1261 4135 1398 4179 ausraerr
1417 4121 1650 4196 -Chananaae,
1665 4122 1774 4180 scilicet
1797 4136 1861 4182 noa

227 4222 306 4280 rum,
315 4203 368 4283 qui
377 4211 439 4265 erat
448 4199 488 4267 ad
500 4219 615 4264 mnam
625 4209 759 4276 vocatus,
771 4201 881 4277 dignus
894 4219 956 4262 non
968 4203 1026 4263 init
1064 4204 1154 4278 longe
1168 4220 1186 4262 a
1199 4204 1350 4262 Bersabee.

226 4293 344 4364 renue3
359 4289 549 4364 congregatio
562 4294 661 4348 autem
678 4286 811 4362 gentium
828 4285 918 4346 simul
931 4292 965 4346 ut
977 4303 1024 4346 ac·
1101 4292 1144 4346 aa
1158 4302 1352 4346 uenireunua.
1370 4317 1405 4332 -
1422 4287 1610 4364 Septuaginta
1625 4289 1758 4355 vadum,
1778 4287 1861 4344 tim·
1872 4302 1933 4350 aaa
1939 4305 1978 4352 ee.

1066 4377 1164 4442 εχῆεει,
1178 4371 1211 4429 id
1225 4375 1280 4443 est,
1293 4372 1333 4429 ed
1344 4387 1376 4428 se
1390 4374 1597 4440 exercendum,
1612 4378 1685 4447 puta
1697 4373 1736 4432 ad
1751 4371 1859 4432 lacien-

258 4459 291 4524 tt)
306 4457 477 4512 videturniis
492 4457 651 4522 temporibus
668 4455 747 4510 moria
763 4455 854 4522 inice,
869 4461 899 4508 ut
920 4456 948 4507 in
965 4467 1024 4510 ma-
1066 4453 1140 4514 dnm
1165 4454 1316 4528 spirituale
1343 4454 1512 4513 exercitium
1536 4455 1754 4528 meditationis3
1775 4453 1860 4510 ἀδολε-

227 4525 354 4582 ifimfflffss
367 4527 495 4596 uirginum
509 4527 599 4580 ΤΗΝ
613 4528 704 4610 potius,
718 4533 848 4594 8111131110
862 4525 1024 4579 consuleren—
1066 4545 1151 4608 egara
1160 4535 1521 4612 enimsigniiioat,magno
1530 4538 1629 4596 studio
1639 4543 1667 4596 et
1677 4538 1795 4598 solertia
1804 4539 1858 4598 ali·

226 4607 279 4666 tar,
290 4615 323 4652 aa
336 4607 450 4664 parentes
458 4638 466 4664 ,
480 4605 506 4650 ει
520 4605 549 4651 ει
567 4611 670 4651 amaran
683 4599 776 4649 iratres
791 4611 906 4649 scrornar
918 4611 1022 4648 suarum
1066 4619 1114 4678 eui
1125 4619 1167 4677 rei
1178 4636 1240 4676 esse
1249 4619 1406 4690 intentum,
1417 4621 1457 4678 ai,
1472 4622 1641 4694 memus,
1653 4621 1756 4694 mque
1767 4621 1859 4680 animi

227 4669 1025 4805 {gfnffiffilflzrfflfflfflm¹5:233,in¹1¹¹ss
1065 4720 1134 4762 cum
1142 4702 1331 4761 delectatione
1341 4704 1552 4762 studiosissime
1563 4705 1719 4777 cogitantis
1729 4709 1758 4762 et
1766 4705 1859 4763 medi·

226 4819 435 4866 mmmm
444 4821 511 4876 w,
521 4811 683 4874 smmum,
694 4809 955 4872 sororum.sequitur:
968 4815 1023 4860 p„
1064 4787 1163 4858 tantis,
1174 4785 1269 4860 iuquit
1283 4789 1311 4845 S.
1321 4787 1511 4859 augustinus.
1523 4787 1795 4860 Meditabaturergo
1810 4787 1859 4846 hio
1887 4803 1985 4860 tecam,
2043 4769 2047 4778 ⁸

226 4899 355 4948 paeones
368 4886 434 4946 toqui
451 4887 485 4932 aa
498 4892 522 4934 te
540 4884 630 4933 conca
646 4891 689 4931 aaa
699 4882 802 4936 natam,
817 4879 843 4929 id
856 4887 907 4942 est,
923 4887 1021 4930 conua-
1065 4872 1162 4940 isaeo,
1177 4874 1241 4928 tum
1253 4886 1299 4926 res
1312 4869 1474 4939 naturales,
1489 4868 1532 4926 uti
1545 4875 1645 4927 motus
1663 4874 1692 4928 et
1704 4887 1807 4928 cursus
1820 4871 1859 4927 si·
1871 4866 1902 4911 ²¹⁰
1920 4866 1985 4928 lma

227 4953 310 5010 (ficere
321 4953 369 5007 tibi
383 4955 487 5006 omnino
500 4967 552 5005 non
563 4965 701 5018 possumus.
714 4951 776 5000 Nam
791 4953 876 5000 bonum
890 4955 916 5000 et
929 4952 1018 5000 matum
1065 4955 1188 5024 derum,
1203 4968 1367 5026 eorumque
1382 4958 1532 5010 auctorem
1546 4957 1575 5010 et
1592 4959 1739 5013 motorem
1753 4957 1856 5014 Deum,
1870 4926 1899 4971 ⁰¹⁸

227 5026 313 5077 omnia
324 5023 541 5106 complectentem
551 5021 637 5086 ltaque
651 5021 739 5072 eodem
753 5019 806 5072 haec
815 5019 946 5100 recidant,
957 5015 1020 5072 acsi
1064 5038 1106 5096 lt,
1118 5035 1249 5107 nahmi,
1262 5036 1396 5110 Lyram
1409 5039 1438 5094 et
1450 5037 1597 5109 Τοεωωεὲ
1611 5053 1693 5112 nam,
1707 5042 1741 5098 ut
1753 5037 1795 5096 ait
1807 5039 1859 5096 pe·
1889 5047 1891 5052 .

226 5097 340 5153 ιιεεεεει
347 5093 460 5161 ,saalim
470 5093 574 5156 habere,
583 5089 652 5156 qnod
662 5095 813 5156 reponerent
826 5087 944 5154 petitrom
952 5089 1021 5153 etus,
1493 5111 1497 5120 ·

227 5179 255 5222 n
269 5167 342 5232 plana
356 5166 424 5230 qaod
438 5165 511 5230 petiit
525 5163 638 5230 probare.

257 5237 295 5308 (ιι
312 5237 417 5290 hebrea
430 5235 534 5302 habam,
544 5245 570 5287 ει
581 5246 694 5308 mepta
708 5247 736 5286 oa
747 5233 810 5297 σεε.
823 5229 980 5285 nisoltamm
991 5243 1024 5284 ex
1095 5231 1131 5298 (ti
1145 5230 1195 5282 Pro
1207 5231 1388 5300 incantabat,
1399 5230 1427 5285 ia
1438 5230 1511 5286 hehr.
1524 5240 1572 5299 eat,
1586 5232 1698 5288 εεειειει
1705 5246 1722 5286 ι
1729 5231 1868 5290 mm·

227 5319 273 5377 tlt,
286 5321 339 5376 11110
350 5307 385 5362 rit
403 5307 500 5362 admo.
1063 5308 1093 5354 ut
1107 5301 1171 5354 Galli
1188 5299 1293 5368 dicunt,
1305 5305 1387 5356 ”neit
1401 5305 1531 5356 d'arre'rer.
