4212 6034
681 368 924 427 conltENThltlA
940 369 974 426 lh
993 366 1151 437 GENESihl,
1168 377 1232 424 dtr.
1249 367 1314 424 xit.
1759 357 1815 416 ³³¹1

182 474 269 532 tertio
283 466 411 532 canistro
430 487 533 530 carnes
551 471 714 531 lacerantes
732 477 760 532 et
779 475 977 533 comedentes.
1021 471 1171 532 internum
1180 471 1360 545 relinquens.
1375 468 1506 528 Christus
1516 465 1722 542 enimaperult
1735 479 1814 525 som·

182 559 224 614 lta
234 556 390 632 losephus.
1020 556 1072 614 nia
1092 559 1120 614 et
1134 555 1262 613 visiones
1278 572 1285 611 :
1301 556 1365 611 tum
1383 554 1455 628 quia
1473 552 1644 628 prophetias
1661 550 1812 625 implevit,

218 646 348 698 Auernas
361 655 452 698 crrsr
464 655 553 711 roos,
561 654 666 698 -non
676 655 731 714 per
743 640 878 712 gladium
887 643 915 696 te
928 639 978 697 de·
1021 641 1085 696 trrm
1096 639 1168 712 quia
1181 653 1289 696 arcana
1300 638 1349 695 bei
1358 637 1492 708 consilia,
1498 638 1612 709 iudicia
1625 639 1653 694 et
1666 639 1814 709 promissa

180 724 333 794 conando,
347 723 569 794 utvulthi103
584 723 637 781 sed
650 738 704 796 per
718 723 900 797 laqueumte
913 737 978 780 sus·
1019 721 1193 780 bominibus
1224 720 1383 784 reseravits
1406 724 1471 778 tum
1496 720 1567 796 qnia
1589 737 1710 780 sensum
1732 723 1814 781 dedit

179 808 358 882 pendendo,
378 808 478 882 itaque
500 811 528 862 te
555 811 703 879 caputque
724 812 810 880 tuum
827 807 974 864 necando.
1019 805 1168 880 apostolis
1192 808 1226 862 ut
1245 805 1442 877 intelligerent
1461 805 1633 879 prophetias
1659 810 1814 882 totamque

182 891 262 948 Unde
280 890 435 964 sequitur:
458 893 528 946 «hc
546 889 706 962 suspendet
718 892 763 962 te,-
787 909 802 945 r
824 889 877 964 qui
897 890 977 948 enim
1020 903 1135 946 sacram
1144 889 1335 962 scripturam.

180 977 272 1033 vitam
284 976 400 1034 homini
413 973 518 1044 aufert,
528 973 577 1030 hic
590 974 685 1030 aufert
698 977 727 1031 et
736 977 844 1048 caput:
860 975 932 1048 quie
946 975 976 1032 iu
1054 973 1100 1029 22.
1115 975 1156 1029 Ur
1172 985 1358 1030 courscroms
1370 987 1487 1032 narras
1502 988 1695 1037 rnosrnnrnn.
1708 1007 1745 1024 -
1757 981 1812 1039 Vo·
1826 989 1931 1041 vemet·

181 1061 277 1133 capite
291 1059 421 1116 maxime
434 1057 505 1114 vivit
519 1062 547 1115 et
560 1058 639 1131 viget
656 1059 767 1130 homo,
786 1075 854 1132 qnae
871 1060 931 1116 vita
948 1063 977 1117 et
1020 1054 1087 1112 cula
1099 1061 1148 1129 ut,
1162 1056 1210 1113 hio
1224 1071 1286 1114 non
1301 1054 1392 1113 tinem
1406 1073 1424 1114 a
1437 1059 1588 1117 Pharaone
1603 1061 1765 1136 intentum,
1780 1071 1813 1125 ut

180 1143 267 1214 vigor
280 1146 341 1200 tam
355 1142 460 1214 capiti,
472 1157 565 1215 quam
579 1142 710 1212 bomini,
724 1158 779 1216 per
792 1143 935 1217 laqueum
948 1147 977 1201 et
1018 1140 1113 1212 patet,
1128 1140 1181 1196 sed
1195 1142 1348 1210 eventum,
1370 1142 1431 1197 sive
1445 1143 1684 1204 consecutionem
1701 1148 1814 1221 signiti-

180 1231 322 1292 mortem,
336 1240 422 1298 aeque
437 1241 471 1282 ac
481 1241 536 1298 per
549 1225 683 1296 gladium
697 1227 838 1285 aufertur.
1019 1223 1076 1292 cat,
1091 1239 1118 1294 q.
1134 1223 1162 1280 d.
1177 1225 1278 1297 ltaque
1292 1224 1388 1280 evenit
1400 1227 1434 1280 ut
1445 1225 1564 1299 tosepbi
1578 1227 1719 1289 divinatio
1734 1247 1814 1292 som·

216 1313 256 1366 Er
275 1323 457 1367 uscsnmurvr
477 1323 619 1366 voaucans
637 1324 743 1366 canuae
760 1325 842 1368 ruas.
856 1340 893 1354 -
905 1312 976 1369 ilinc
1018 1304 1198 1379 nicrumque
1209 1306 1409 1379 interpretatio
1419 1321 1490 1366 vera
1501 1309 1538 1366 sit
1547 1308 1678 1385 inventa,
1687 1313 1813 1392 ipsoque

180 1397 261 1468 patet
284 1409 411 1466 corpora
436 1407 650 1465 suspensorum
667 1393 757 1449 etiam
775 1397 862 1463 tunc,
883 1395 927 1452 uti
948 1397 976 1452 et
1019 1393 1125 1447 eventu
1136 1389 1341 1463 comprobata.

181 1491 278 1545 nunc,
298 1476 329 1532 in
346 1475 482 1548 patibulo
495 1473 585 1532 tuisse
599 1475 716 1542 relicta,
731 1478 765 1531 ut
779 1475 821 1532 ibi
836 1476 882 1532 rel
895 1493 976 1534 com-
1056 1471 1163 1530 Similis
1176 1472 1231 1530 fuit
1245 1474 1387 1534 divinatio
1401 1477 1430 1534 S.
1444 1477 1609 1552 Athanasii,
1623 1482 1677 1556 qui
1691 1485 1813 1545 Alexan.

180 1562 395 1634 putrescerent,
410 1559 489 1616 vele
509 1557 571 1616 sole
589 1563 619 1616 et
636 1559 732 1616 ventis
751 1559 930 1618 siccarentur
948 1566 977 1618 et
1019 1555 1117 1614 driam
1137 1539 1304 1629 ingressus,
1328 1573 1398 1617 cum
1420 1563 1524 1618 cornix
1545 1563 1577 1620 in
1599 1581 1665 1624 aere
1686 1570 1813 1629 volitans

179 1644 380 1714 tabescerent,
401 1642 450 1699 rel
471 1640 510 1698 ab
529 1639 636 1700 avibus
661 1641 869 1702 lacerarentur.
894 1643 976 1702 Unde
1019 1639 1180 1712 crocitaret,
1189 1644 1510 1714 rogatusaGentilibus
1518 1663 1571 1720 per
1584 1663 1727 1725 scomma,
1738 1654 1814 1729 quid

180 1727 279 1786 iliud:
1018 1723 1122 1780 cornix
1136 1724 1254 1796 diceret,
1269 1727 1422 1801 respondit
1437 1745 1445 1785 ε
1463 1731 1559 1787 «Cras
1576 1731 1710 1808 insonat,
1725 1737 1814 1809 signi·

1018 1805 1088 1864 ficat
1106 1810 1219 1879 autem,
1240 1825 1320 1882 cras,
1340 1825 1402 1884 quo
1422 1811 1529 1870 iesum
1544 1815 1712 1891 celebratis,
1726 1821 1813 1878 vobis

1019 1888 1189 1948 luctuosum
1207 1891 1311 1950 iore.»
1333 1896 1375 1951 lta
1388 1896 1500 1966 evenit,
1516 1899 1597 1956 testis
1608 1905 1652 1956 est
1672 1904 1814 1978 Nicepho-

182 1979 370 2039 tudaeisvero
381 1978 498 2050 jussum
509 1979 553 2036 est
565 1979 676 2034 lieutcr.
691 1991 752 2048 xxi,
765 1991 843 2034 vers.
854 1976 901 2048 23,
913 1991 975 2034 sns-
1020 1988 1083 2044 rus,
1094 1972 1149 2031 lib.
1164 1976 1212 2044 lx,
1225 1991 1291 2050 cap.
1305 1989 1390 2038 xxxv.
1409 1979 1453 2037 Sic
1467 1983 1496 2038 et
1508 1981 1690 2042 Christianus
1703 1985 1752 2044 ille
1767 2004 1814 2046 ρο.

182 2080 291 2138 pensos
301 2063 406 2120 eadem
420 2061 467 2118 die
483 2061 630 2134 deponere
643 2064 672 2117 et
684 2059 817 2133 sepelire.
1020 2059 1106 2127 gatus
1119 2073 1137 2114 a
1150 2059 1266 2118 tuliano
1277 2065 1416 2134 apostata
1428 2077 1482 2136 per
1496 2079 1697 2126 sarcasmum:
1710 2089 1725 2124 u
1737 2071 1815 2140 Quid

61 2143 167 2214 rrnpero-
217 2145 427 2220 Tropologice,
438 2147 563 2216 Prosper
577 2147 605 2200 et
618 2146 764 2217 hupertus
779 2162 786 2200 ε
801 2143 833 2201 hi
848 2143 910 2201 duo
924 2159 976 2200 eu·
1018 2139 1087 2198 iacit
1099 2140 1234 2198 Galilreus
1246 2141 1331 2201 faber
1343 2147 1484 2204 vestertr
1500 2150 1654 2223 respondit
1668 2170 1676 2210 :
1695 2155 1814 2212 «Locu-

60 2217 116 2262 μ’
183 2231 285 2300 nuchi,
298 2229 446 2304 inquiunt,
462 2245 594 2302 quorum
608 2229 680 2286 alter
692 2245 747 2286 suo
762 2229 850 2288 statui
862 2230 977 2286 restitu-
1019 2224 1083 2280 lum
1095 2223 1149 2282 tibi
1165 2231 1266 2298 parat,
1285 2246 1300 2281 a
1322 2232 1395 2301 puta
1412 2229 1567 2303 feretrum,
1586 2237 1615 2290 et
1628 2251 1696 2294 vere
1720 2254 1813 2296 :nam

183 2323 242 2388 tus,
255 2316 328 2374 alter
341 2329 503 2387 suspensus
517 2317 570 2383 est,
585 2312 752 2384 significant
766 2313 843 2370 duos
857 2313 976 2369 ordines
1018 2309 1110 2382 paulo
1121 2315 1190 2382 post
1200 2311 1259 2368 telo
1277 2327 1339 2369 non
1352 2311 1498 2386 hominis,
1511 2317 1564 2373 sed
1580 2319 1685 2377 Christi
1699 2323 1813 2381 occisus

181 2401 351 2469 bominum,
364 2401 436 2472 puta
448 2399 609 2456 electorum
623 2413 660 2454 ex
675 2397 779 2468 gratia,
793 2401 823 2454 et
835 2395 977 2470 reprobo·
1019 2395 1063 2449 est
1073 2392 1216 2450 lulianus.
1230 2395 1295 2452 Pari
1309 2397 1402 2454 modo
1418 2399 1545 2456 isaacius
1557 2402 1679 2460 eremita
1698 2406 1814 2467 Valenti

180 2500 249 2542 rum
263 2483 324 2540 sive
339 2481 581 2539 damnandorum
601 2498 636 2539 ex
647 2480 769 2552 iustitia.
789 2483 916 2554 Rursum
930 2482 977 2539 to-
1019 2477 1191 2550 lmperatori
1202 2477 1309 2535 hriano
1319 2481 1688 2558 contraGothospergenti,
1698 2489 1814 2548 cladem

181 2568 256 2640 seph
266 2567 340 2623 inter
354 2565 431 2622 duos
444 2564 606 2636 eunuchos,
621 2568 664 2621 est
675 2563 805 2622 Christus
816 2563 977 2620 inter-duos
1019 2565 1109 2636 atque
1123 2565 1250 2621 mortem
1267 2565 1421 2639 praedixit,
1434 2570 1505 2626 teste
1518 2569 1683 2646 Nicephoro
1694 2572 1749 2633 lib.
1763 2577 1814 2648 xl,

181 2651 311 2710 hunnos
321 2647 490 2721 crucifixus,
505 2649 557 2708 uni
568 2649 744 2723 promittens
755 2642 879 2719 mlum,
894 2646 977 2705 alteri
1020 2660 1086 2719 cap.
1101 2660 1128 2703 r..

260 1851 311 1902 tlon
324 1849 368 1901 teci
380 1850 480 1913 turtum
495 1860 541 1900 non
553 1860 634 1914 pasces
647 1847 672 1899 in
685 1860 752 1900 cruce
764 1860 851 1901 corros.

452 2991 658 3104 curor
694 2991 1240 3114 colonicasruuu
1276 2961 1540 3107 raruuu.

794 3232 1000 3298 sinorsls
1022 3231 1205 3300 carlrls.

182 3429 281 3503 loseph
297 3429 432 3486 somnium
447 3427 548 3499 septem
563 3435 708 3481 caecorum
725 3425 753 3478 et
769 3422 909 3496 spicarum
925 3419 1066 3478 Pheraeae·
1085 3422 1206 3495 explicat
1224 3423 1259 3482 de
1275 3427 1415 3498 reumate
1432 3427 1593 3498 fertilitatis
1613 3437 1640 3490 et
1656 3437 1817 3498 secretum,

219 3528 335 3596 nature.
355 3525 442 3596 Hinc,
458 3537 529 3582 vers.
548 3522 599 3588 ld,
617 3535 636 3577 c
653 3533 716 3590 repe
732 3521 884 3593 preficitur
898 3519 1015 3592 Erepto
1030 3537 1040 3578 ε
1057 3523 1085 3577 et
1103 3534 1174 3580 vers.
1191 3521 1243 3592 to,
1260 3535 1312 3582 esra
1326 3524 1503 3600 prosimus,
1519 3527 1554 3586 ar,
1570 3529 1686 3607 mm
1703 3533 1816 3610 dmm

219 3628 373 3698 septumem
384 3623 494 3692 semem.

233 3825 266 3890 1.
284 3819 364 3891 Post
375 3818 459 3888 duos
475 3837 578 3886 annos
595 3813 680 3885 vidit
694 3814 824 3887 Phorco
842 3815 1021 3884 somnium.
1042 3813 1185 3885 Putabat
1200 3838 1235 3886 se
1253 3825 1338 3888 stare
1355 3801 1454 3914 super
1465 3822 1628 3914 lindum,
1644 3828 1677 3898 2.
1694 3829 1735 3901 de
1750 3856 1817 3925 quc

186 3925 405 3998 ascendebant
421 3929 544 4013 septem
560 3921 680 4006 boves,
702 3919 849 4011 pulchrae
863 3926 896 3988 et
908 3943 1023 3990 crassae
1036 3922 1156 4008 nimis;
1177 3931 1210 3990 et
1227 3925 1442 4014 pascebantur
1454 3929 1490 3997 iu
1503 3931 1584 4001 locis
1603 3933 1816 4024 palustribus.

186 4033 220 4102 3.
237 4029 323 4101 Aliae
342 4051 475 4122 quoque
492 4035 615 4119 septem
634 4027 844 4115 emergebant
859 4026 901 4094 de
919 4026 1077 4112 flumine,
1099 4028 1196 4096 icedae
1220 4031 1439 4124 coniectaeque
1458 4036 1580 4124 macie;
1596 4047 1628 4106 et
1645 4043 1819 4131 pasceban-

187 4146 244 4208 tur
254 4137 290 4205 in
301 4136 373 4227 ipsa
385 4133 493 4202 amnis
505 4133 578 4224 ripa
590 4131 626 4200 in
639 4131 719 4200 locis
731 4131 938 4200 virentibus:
958 4131 993 4198 le.
1008 4131 1314 4225 devoraveruntque
1328 4159 1403 4222 eas,
1422 4161 1564 4229 quarum
1579 4144 1661 4214 mira
1676 4150 1818 4239 species,

186 4249 220 4312 et
232 4239 392 4311 habitudo
404 4259 579 4330 corporum
597 4243 677 4306 erat.
699 4237 954 4328 Expergeiactus
967 4237 1113 4323 Pharao,
1133 4239 1166 4306 5.
1187 4259 1321 4308 rursum
1340 4241 1517 4333 dormivit,
1532 4255 1565 4316 et
1578 4250 1662 4318 vidit
1677 4253 1818 4324 alterum

185 4346 354 4417 somnium
368 4370 377 4412 ε
395 4343 528 4436 Septem
541 4345 637 4435 spicae
651 4343 861 4435 pullulabant
874 4343 910 4410 in
924 4342 1034 4411 culmo
1047 4363 1115 4412 uno
1128 4344 1234 4434 plenae
1248 4352 1347 4437 atque
1360 4347 1512 4420 formosae
1526 4378 1534 4420 ε
1550 4353 1583 4422 6.
1599 4356 1674 4426 aliae
1687 4381 1821 4451 quoquc

186 4452 323 4522 totidem
341 4451 443 4541 spicae,
456 4457 572 4518 tenues
590 4457 622 4517 et
639 4469 799 4540 percussae
810 4449 949 4516 uredine
962 4447 1166 4533 oriebantur;
1183 4451 1215 4517 7.
1231 4450 1425 4522 devorantes
1438 4479 1571 4528 omnem
1583 4461 1732 4552 priorum
1746 4467 1822 4556 pul·
1841 4501 1847 4508 -

185 4557 420 4627 chritudinem.
442 4553 613 4644 Evigilans
625 4555 754 4624 Pharao
766 4561 839 4645 post
851 4555 1016 4646 quietem,
1035 4555 1067 4622 8.
1089 4561 1122 4622 et
1140 4553 1223 4624 facto
1238 4579 1354 4642 mane,
1369 4582 1491 4651 pavore
1505 4568 1715 4655 perterritus,
1732 4572 1822 4640 misit

186 4663 229 4732 ad
241 4683 356 4732 omnes
368 4658 565 4756 conjectores
577 4659 716 4751 AEgypti
728 4711 739 4745 ,
753 4653 951 4750 cunctosque
965 4660 1146 4750 sapientes3
1166 4668 1199 4729 et
1214 4664 1375 4733 accersitis
1390 4671 1538 4738 narravit
1551 4673 1740 4762 somnium,
1762 4700 1823 4746 nec

186 4777 258 4838 erat
275 4767 334 4860 qui
347 4769 627 4857 interpretaretur.
648 4767 681 4834 9.
696 4763 790 4834 Tune
809 4765 942 4834 demum
959 4765 1171 4834 reminiscens
1189 4767 1420 4858 pincernarum
1437 4776 1604 4865 magister,
1622 4778 1691 4848 ait:
1712 4781 1840 4854 Confl-.

66 4889 70 4898 ·
186 4883 258 4944 teor
270 4879 439 4964 peccatum
453 4892 575 4939 meum.
598 4871 651 4940 10.
671 4871 779 4941 Iratus
791 4891 850 4939 ren
862 4871 964 4939 servis
977 4871 1065 4959 suis,
1085 4882 1183 4941 meet
1197 4876 1392 4963 magistrum
1412 4879 1574 4970 pistorum
1587 4885 1713 4955 retrudi
1724 4888 1824 4979 jussit

186 4981 224 5048 in
237 4999 399 5048 carcerem
416 4977 574 5068 principis
591 4976 760 5045 miiitum:
783 4977 836 5045 11.
857 4977 917 5045 ubi
934 4999 1002 5046 una
1021 4985 1115 5048 nocte
1132 4987 1272 5071 uterque
1290 4981 1437 5052 vidimus
1453 4988 1620 5058 somnium
1637 5013 1822 5084 praesagum

186 5085 389 5155 futurorum.
415 5085 470 5150 lt.
492 5082 571 5150 Erat
583 5082 631 5150 ibi
644 5103 727 5173 puer
739 5080 919 5168 Hebraeus,
941 5083 1088 5175 ejusdem
1108 5085 1201 5153 ducis
1219 5085 1364 5156 militum
1384 5090 1558 5162 famulus:
1579 5096 1634 5164 cui
1654 5109 1823 5170 narrantes

187 5189 337 5276 somnia,
354 5188 407 5258 13.
423 5188 613 5256 audivimus
625 5187 787 5279 quidquid
801 5195 912 5279 postea
923 5191 971 5258 rei
985 5191 1137 5282 probavit
1150 5201 1298 5261 eventus.
1317 5195 1387 5284 Ego
1400 5197 1489 5266 enim
1502 5200 1651 5274 redditus
1662 5227 1736 5272 sum
1749 5206 1823 5276 offi-

187 5296 240 5365 cio
252 5317 345 5379 mec,
367 5303 400 5361 et
415 5295 472 5362 ille
491 5314 668 5384 suspensus
681 5295 775 5361 estin
790 5317 895 5361 cruce.
922 5295 974 5363 ii.
995 5297 1152 5364 Protinus
1170 5298 1211 5365 ad
1226 5299 1313 5387 regis
1331 5301 1508 5392 imperium
1526 5307 1679 5378 eductum
1694 5309 1734 5378 de
1753 5335 1821 5380 ear·

187 5420 261 5475 cere
274 5397 395 5492 Jcseph
408 5399 631 5487 totonderunt,
646 5421 682 5467 ac
696 5409 784 5468 veste
799 5409 935 5486 mutata,
952 5405 1142 5474 distulerunt
1155 5403 1196 5469 ci.
1217 5404 1269 5472 15.
1287 5405 1346 5473 Cui
1362 5407 1418 5475 ille
1432 5409 1498 5476 ait:
1515 5409 1592 5479 Vidi
1606 5415 1746 5496 somnia,
1762 5437 1822 5484 nec
