4020 6026
234 403 236 410 Α
976 387 978 392 -
1784 349 1840 408 xlll

255 435 336 514 Joel,
349 437 431 502 tilius
443 437 583 516 Phatuel,
597 439 738 504 describit
749 447 864 506 terrm
876 442 1035 507 duodecim
1048 444 1200 525 tribuum,
1214 466 1313 527 eruca,
1326 451 1463 531 brucho,
1476 453 1606 531 locusta,
1621 454 1762 535 rubigine
1774 473 1841 519 vas·

214 539 296 598 tane
308 544 536 620 consumptam:
550 546 656 620 etpost
669 541 857 604 eversionem
869 539 979 620 prioris
993 543 1108 624 populi,
1118 543 1249 608 effusum
1264 548 1303 610 iri
1316 549 1464 629 Spiritum
1479 555 1627 615 Sanctum
1637 569 1727 633 super
1741 571 1841 618 servos

213 633 267 696 Dei
280 639 312 696 et
323 634 460 716 malles,
472 636 506 699 id
519 645 575 714 est,
587 655 678 718 super
691 645 813 702 centurn
826 637 937 718 viginti
950 641 1138 705 credentium
1149 646 1289 722 nomina,
1305 655 1336 709 et
1345 648 1477 712 effusum
1489 650 1530 713 iri
1543 649 1577 712 in
1591 651 1742 714 cenaculo
1754 651 1837 714 Sion.

213 730 271 806 Qui
284 738 407 796 centum
419 734 540 814 viginti,
553 735 591 798 ab
602 753 664 799 unc
677 753 770 816 usque
782 737 819 798 ad
830 737 1005 817 quindecim
1018 739 1167 819 paulatim
1181 749 1211 804 et
1223 760 1275 822 per
1287 743 1477 811 incrementa
1488 755 1654 830 surgentes,
1665 731 1839 830 quinderir‘n

211 829 362 910 paduam
375 849 540 896 numerum
554 831 696 911 efficiunt,
712 835 812 915 quiin
826 835 967 899 Psalterio
981 837 1109 918 mystica
1121 839 1326 904 continentur.

250 928 342 992 Amos
352 936 452 1010 pastor
465 938 497 994 et
508 933 660 1008 rusticus,
674 938 705 995 et
715 931 861 996 ruborum
870 950 956 996 mora
968 934 1168 1016 distringens,
1184 939 1288 1018 paucis
1302 940 1402 1003 verbis
1417 943 1560 1024 explicari
1572 962 1635 1007 non
1646 950 1753 1025 potest.
1767 943 1839 1020 Quis

212 1025 295 1088 enim
307 1025 398 1108 digne
408 1028 558 1109 exprimat
571 1029 630 1093 tria
643 1037 696 1092 aut
708 1037 839 1112 quatuor
850 1031 962 1094 scelera
975 1033 1123 1110 Damasci,
1138 1041 1169 1097 et
1179 1037 1281 1114 Gazae,
1295 1045 1326 1100 et
1338 1039 1428 1120 Tyri,
1443 1047 1473 1102 et
1486 1042 1637 1120 ldumaa,
1654 1049 1685 1105 et
1703 1041 1838 1106 filiorum

211 1123 345 1188 Ammon
358 1132 389 1189 et
400 1127 507 1206 Moab,
521 1134 551 1191 et
570 1128 605 1190 in
617 1129 744 1209 septimo
763 1137 793 1192 et
812 1137 915 1192 octavo
934 1131 1029 1210 gradu
1045 1133 1132 1195 luda
1144 1139 1174 1195 et
1186 1135 1368 1198 lsraeltllic
1379 1137 1517 1218 loquitur
1527 1139 1565 1201 ad
1578 1157 1679 1203 vaccas
1690 1141 1816 1220 pingues
1824 1186 1836 1219 ,
1963 1129 1968 1140 ’

210 1237 279 1302 que
291 1229 363 1286 sunt
375 1224 409 1286 in
422 1226 565 1288 Samariae
578 1233 697 1304 monte,
712 1232 742 1289 et
755 1227 909 1290 ruituram
923 1228 1049 1290 domum
1063 1233 1211 1310 majorem
1225 1232 1436 1315 minoremque
1448 1242 1586 1299 esulae
1601 1240 1665 1318 lpse
1676 1239 1773 1300 ceruit
1785 1237 1837 1300 tic-

210 1325 308 1383 torem
321 1320 462 1399 locusta,
476 1331 507 1386 et
521 1331 653 1387 stantem
672 1324 833 1387 dominum
846 1342 935 1404 super
950 1343 1076 1390 murum
1091 1327 1183 1391 litum
1197 1329 1245 1392 vel
1260 1331 1513 1411 adamantinum,
1527 1339 1557 1395 et
1569 1334 1719 1398 uncinum
1736 1351 1838 1416 pomo-

210 1435 293 1498 rum,
306 1421 510 1485 attrahentem
522 1422 668 1503 supplicia
680 1423 892 1503 peccatoribus,
907 1430 938 1486 et
951 1423 1063 1488 famem
1080 1425 1113 1487 in
1126 1433 1255 1492 terram:
1268 1445 1332 1492 non
1341 1429 1454 1492 famem
1467 1431 1566 1512 panis,
1577 1449 1633 1494 nec
1643 1431 1726 1495 sitim
1740 1449 1836 1514 aqua,

209 1517 261 1581 scd
275 1519 421 1583 audiendi
433 1521 563 1584 verbum
577 1521 641 1584 Dei.

248 1616 376 1698 abdiae,
390 1620 444 1700 qui
466 1620 683 1700 interpretatur
704 1637 810 1684 servus
829 1612 898 1697 Dei,
914 1626 1053 1700 pertonat
1066 1630 1172 1686 contra
1185 1625 1281 1688 Edam
1294 1627 1495 1706 sanguineum
1509 1634 1725 1710 terrenumque
1737 1629 1837 1693 homI·
1892 1700 1895 1708 ,

209 1732 298 1796 nem3
312 1715 415 1782 fratris
428 1735 546 1800 quoque
556 1718 646 1781 Jacob
659 1735 776 1798 semper
788 1717 951 1796 emulum,
965 1719 1053 1783 hasta
1066 1721 1198 1800 percutit
1209 1723 1351 1804 spiritali.

248 1817 351 1894 Jonas,
362 1802 500 1880 columba
512 1817 730 1906 pulcherrima,
743 1815 901 1896 naufragio
914 1834 968 1880 suo
981 1817 1154 1897 passionem
1168 1821 1289 1884 Domini
1303 1821 1509 1902 praefigurare,
1522 1824 1673 1886 mundum
1687 1825 1725 1888 ad
1739 1825 1835 1906 poeui-

209 1914 336 1976 tcutiam
350 1922 467 1978 revocat
483 1933 491 1976 :
506 1921 537 1978 et
547 1915 605 1978 sub
618 1914 741 1977 nomine
756 1913 877 1992 Ninive,
892 1914 1032 1995 gentibus
1045 1916 1176 1980 salutem
1188 1917 1322 1982 nuntiat.

161 2035 166 2042 ·
247 2010 384 2076 Micheas
399 2012 601 2092 deblorasthi,
616 2012 746 2076 coheres
758 2012 1088 2088 Christl,vastationem
1099 2016 1341 2080 annuntiatfiliae
1351 2018 1491 2096 latronis,
1507 2027 1537 2081 et
1550 2019 1734 2083 obsidionem
1749 2022 1835 2102 ponit

207 2117 310 2176 matra
321 2129 389 2176 eam
404 2131 412 2176 :
427 2113 499 2194 quia
511 2112 670 2178 maxillam
684 2112 862 2193 percusserit
873 2111 986 2192 judicis
1000 2112 1101 2176 lsrael.

247 2203 385 2284 Nahum,
406 2206 573 2270 consolator
585 2207 681 2284 orbis,
695 2206 830 2286 increpat
849 2203 1004 2268 civitatem
1025 2205 1211 2284 sanguinum
1219 2255 1237 2290 ,¹
1244 2215 1275 2272 et
1288 2216 1354 2289 post
1367 2212 1556 2273 eversionem
1575 2210 1658 2274 illius
1671 2211 1807 2291 loquitur·
1822 2230 1831 2274 ε

208 2303 307 2366 eecce
318 2319 407 2384 super
419 2313 539 2368 montes
551 2305 642 2386 pedes
655 2301 906 2383 evangelizantis,
920 2309 951 2365 et
964 2303 1177 2368 annuntiantis
1187 2323 1302 2385 pacem.
1315 2327 1331 2366 o

246 2401 400 2482 Habacuc,
414 2403 543 2467 luctator
556 2402 644 2466 fortis
660 2409 692 2466 et
710 2401 839 2481 rigidus,
853 2407 913 2464 stat
924 2418 1015 2481 super
1027 2401 1194 2465 custodiam
1207 2421 1309 2481 suam,
1325 2413 1356 2466 et
1369 2404 1434 2484 figit
1447 2404 1575 2483 gradum
1587 2423 1676 2484 snper
1688 2407 1833 2470 munitio-

206 2515 291 2578 nem,
301 2506 336 2562 nt
347 2500 501 2565 Christum
509 2501 544 2564 in
558 2518 645 2565 cruce
656 2500 889 2580 contempletur,
898 2505 930 2562 et
942 2499 1041 2562 dicat:
1057 2500 1206 2580 «Operuit
1216 2500 1306 2565 coelos
1319 2500 1414 2581 gloria
1426 2503 1504 2582 ejus,
1518 2509 1548 2564 et
1559 2502 1733 2584 laudisejus
1743 2503 1833 2583 plena

206 2603 249 2660 est
258 2603 349 2662 terra.
362 2599 509 2679 Splendor
520 2604 630 2682 ejusut
644 2600 699 2662 lux
712 2599 781 2675 erit,
794 2615 907 2661 cornua
917 2597 951 2659 in
965 2597 1110 2660 manibus
1121 2600 1189 2678 ejus
1203 2617 1211 2660 ε
1225 2599 1269 2660 ibi
1283 2587 1456 2663 abscondita
1469 2607 1513 2662 est
1525 2597 1669 2662 iordtudo
1682 2602 1787 2681 ejus.»

245 2695 428 2776 sophoniae,
441 2698 608 2779 speculator
616 2704 648 2762 et
659 2714 837 2762 arcanorum
851 2697 905 2759 Dei
920 2694 1065 2775 cognitor,
1082 2697 1168 2759 audit
1180 2696 1344 2760 clamorem
1356 2715 1374 2761 a
1387 2702 1476 2761 Porta
1489 2697 1628 2778 piscium,
1639 2705 1670 2761 et
1682 2698 1831 2780 ejulatum

204 2797 385 2875 aSecunda,
396 2803 427 2860 et
439 2797 652 2862 contritionem
665 2815 681 2862 a
694 2795 832 2860 collibus.
849 2793 957 2858 indicit
970 2811 1089 2876 quoque
1102 2794 1258 2859 ululatum
1269 2795 1491 2860 habitatoribus
1504 2795 1588 2874 Pila,
1602 2796 1676 2876 quia
1687 2796 1831 2860 conticuit
1927 2834 1929 2848 ‹

203 2893 302 2958 omnis
315 2895 442 2976 populus
455 2897 614 2973 chanaan,
628 2895 835 2977 disperierunt
846 2891 983 2956 universi
997 2877 1052 2972 qu'i
1065 2891 1195 2956 involuti
1209 2900 1295 2956 erant
1307 2901 1440 2974 argento.
1546 2928 1547 2938 κ
1785 2951 1787 2956 ,

242 2995 380 3074 Aggaeus,
391 2993 518 3058 festivus
530 3002 561 3078 et
573 2994 669 3071 latus,
681 2994 735 3076 qui
744 2991 948 3058 seminaritia
961 2989 1116 3071 lacrymis,
1125 2998 1160 3055 ut
1171 2991 1204 3053 in
1213 2991 1323 3073 gaudio
1332 2998 1469 3069 meteret,
1478 2992 1667 3054 destructum
1679 2991 1830 3071 templum

204 3090 339 3168 edificat,
353 3095 511 3174 Deumque
519 3096 640 3157 Patrem
650 3091 771 3155 inducit
778 3091 970 3171 loquentem:
984 3089 1114 3152 cadhuc
1125 3106 1224 3151 unuru
1237 3089 1402 3166 modicum,
1415 3095 1446 3151 et
1458 3107 1512 3169 ego
1521 3088 1711 3168 commovebo
1721 3089 1829 3152 coelum

202 3194 234 3252 ct
246 3195 358 3253 terram
364 3237 375 3268 ,
387 3196 418 3253 et
429 3207 514 3254 mere
520 3237 530 3268 ,
543 3197 574 3253 ct
586 3189 714 3266 aridam,
729 3195 760 3250 et
773 3187 898 3250 movebo
910 3205 1015 3252 omnes
1027 3192 1145 3268 gentes,
1161 3192 1191 3248 et
1204 3186 1304 3248 veniet
1316 3185 1504 3248 desideratus
1517 3185 1633 3248 cunctis
1643 3186 1793 3264 gentibue.
1809 3207 1825 3246 a

241 3285 415 3367 Zacharias,
429 3304 547 3353 memor
559 3287 682 3352 Domini
696 3285 760 3364 sui,
776 3284 939 3365 multiplex
958 3286 993 3349 in
1014 3282 1190 3366 prophetia,
1203 3284 1308 3346 lesum
1319 3282 1457 3345 vestibus
1477 3281 1604 3345 sordidis
1622 3282 1784 3361 indutum,
1798 3289 1830 3346 et

200 3381 333 3466 lapidem
354 3385 510 3451 oculorum
533 3391 666 3466 septem,
688 3383 963 3464 candelabrumque
984 3400 1111 3447 aureum
1135 3398 1206 3445 cum
1226 3381 1353 3444 totidem
1376 3379 1510 3443 lucernis
1531 3387 1603 3461 quot
1622 3379 1735 3459 oculis,
1753 3381 1829 3445 duas

199 3501 318 3568 quoque
330 3485 425 3550 olivas
438 3504 456 3549 a
468 3485 599 3550 sinistris
609 3482 760 3565 lampadis
773 3482 871 3545 cernit
887 3489 918 3545 et
932 3481 1046 3545 dextris
1061 3498 1070 3542 ε
1085 3485 1120 3544 ut
1132 3485 1198 3559 post
1212 3496 1303 3560 equos
1318 3478 1435 3559 nigros,
1450 3476 1549 3555 relos,
1562 3477 1645 3541 albos
1662 3484 1693 3541 et
1711 3496 1826 3555 varios,

198 3588 230 3644 et
241 3581 396 3663 dissipatas
408 3583 568 3664 quadrigas
583 3599 621 3645 ex
633 3580 793 3662 Ephraim,
808 3586 839 3642 et
850 3597 966 3660 equum
980 3579 1016 3642 de
1027 3575 1209 3653 Jerusalem,
1223 3592 1387 3656 pauperem
1400 3592 1503 3655 regem
1513 3575 1695 3638 vaticinetur
1707 3583 1738 3638 et
1754 3593 1828 3656 pre-

197 3678 294 3758 dicet,
309 3680 465 3744 sedentem
477 3698 568 3761 super
580 3678 700 3761 pullum
714 3677 815 3740 lilium
825 3665 921 3742 asina
934 3674 1112 3765 subjugalis.

237 3777 398 3842 Malachiae
411 3784 525 3860 aperte,
536 3785 567 3841 et
579 3777 614 3840 in
625 3776 688 3839 fine
699 3777 840 3839 omnium
854 3773 1091 3854 Prophetarum,
1103 3771 1142 3834 de
1152 3770 1322 3851 abjectione
1334 3770 1443 3848 lsrael,
1454 3775 1485 3854 et
1496 3770 1650 3833 vocatione
1660 3769 1799 3849 gentium
1815 3787 1824 3833 a

202 3878 298 3940 «Non
307 3883 352 3940 eet
365 3875 456 3955 milri,
471 3875 526 3953 ait,
540 3874 682 3939 voluntas
695 3873 730 3936 iu
743 3871 839 3950 vobis,
853 3871 929 3934 dicit
949 3870 1097 3933 Dominus
1116 3867 1307 3932 exercituum
1330 3885 1339 3928 a
1353 3873 1384 3930 et
1404 3884 1520 3930 munus
1533 3883 1596 3930 non
1614 3866 1775 3947 suscipiam
1787 3865 1826 3930 de

197 3991 292 4040 manu
303 3979 409 4040 vestra.
424 3973 471 4038 Ab
485 3979 555 4038 ortu
566 3971 651 4036 enim
663 3969 734 4035 eolis
745 3987 842 4051 usque
852 3968 891 4033 ad
905 3985 1053 4045 occasum,
1068 3983 1216 4045 maguum
1230 3971 1276 4033 est
1286 3981 1399 4027 nomen
1414 3980 1518 4028 meum
1529 3963 1563 4026 in
1576 3963 1717 4044 gentibus
1729 3981 1738 4026 a
1751 3969 1780 4026 et
1790 3962 1825 4026 iu

197 4074 282 4138 omni
295 4073 359 4138 loco
371 4070 571 4151 sacrificatam,
585 4076 616 4134 et
628 4068 756 4134 offertur
768 4066 888 4131 nomini
902 4082 970 4129 meo
982 4063 1094 4128 oblatio
1105 4061 1232 4125 munda.
1247 4083 1262 4120 s

176 4153 177 4158 ἵ
236 4171 365 4248 isaim,
377 4169 552 4246 Jeremianr,
565 4165 754 4232 Ezechielem
766 4171 798 4228 et
810 4163 985 4241 Danielem,
1001 4161 1069 4244 quis
1080 4166 1176 4241 potest
1187 4159 1235 4223 vel
1247 4158 1429 4238 intelligere,
1444 4158 1492 4221 vel
1505 4175 1652 4238 exponere
1662 4163 1675 4220 t
1687 4160 1823 4234 Quorum

198 4272 315 4354 primus
327 4288 390 4334 non
400 4267 593 4350 prophetiam
606 4265 687 4329 mihi
700 4263 822 4327 videtur
833 4269 950 4340 texere,
959 4261 1012 4324 sed
1023 4258 1235 4339 Evangelium.

151 4409 157 4432 .
235 4369 391 4436 Secundus
402 4365 520 4447 virgam
532 4380 677 4439 nuceam,
692 4369 724 4426 et
736 4360 829 4424 ollam
841 4375 1015 4423 succensam
1029 4374 1046 4420 a
1058 4355 1135 4419 fecie
1147 4353 1313 4436 aquilonis,
1328 4361 1359 4417 et
1377 4354 1507 4434 pardum
1525 4353 1686 4433 spoliatum
1700 4354 1764 4418 suis
1777 4373 1821 4418 co

196 4469 323 4547 loribus,
336 4469 367 4530 et
379 4462 570 4548 quadruplex
582 4459 714 4525 diversis
724 4457 832 4522 metris
845 4456 941 4520 nectit
953 4455 1161 4536 alphabetum.
1855 4481 1858 4488 ·

234 4567 356 4634 Tertius
376 4561 526 4646 principia
548 4568 579 4625 et
600 4559 694 4624 flnem
712 4557 805 4623 tantis
826 4555 919 4621 habet
936 4551 1168 4619 obscuritatibus
1180 4550 1337 4626 involuta,
1350 4557 1386 4613 ut
1399 4548 1480 4631 apud
1495 4548 1633 4612 Hebraeos
1644 4549 1709 4611 istae
1721 4555 1820 4629 partes

194 4687 265 4735 curn
277 4663 399 4732 exordio
410 4664 555 4726 Geucsms
567 4665 637 4722 ante
651 4673 746 4722 annos
758 4653 886 4734 triginta
898 4669 962 4715 nou
974 4652 1124 4731 legantur.

232 4770 452 4844 Quartusvero,
462 4757 516 4840 qui
524 4763 555 4821 et
563 4763 717 4821 extremus
727 4754 809 4817 inter
819 4756 949 4832 quatuor
960 4748 1129 4829 prophetae,
1141 4755 1315 4826 temporum
1325 4745 1476 4822 conscius,
1485 4751 1515 4807 et
1528 4743 1620 4806 totius
1628 4741 1736 4805 muudi
1745 4741 1821 4821 lapi·

192 4867 262 4930 dem
275 4860 431 4945 precisum
444 4857 483 4920 de
501 4861 606 4918 monte
618 4853 685 4916 eine
696 4851 855 4927 manibus,
871 4854 901 4910 et
914 4863 1006 4927 regna
1019 4847 1122 4909 omnia
1135 4844 1377 4919 subvertentem,
1392 4841 1471 4905 claro
1484 4857 1622 4922 sermone
1633 4839 1817 4921 pronuntiat.

233 4961 327 5026 David
340 4955 509 5024 Simonides
519 4944 640 5028 noster,
655 4951 818 5024 Pindarus,
833 4954 864 5010 et
874 4946 1012 5022 Alcone,
1024 4944 1147 5008 Flaccus
1160 4959 1296 5022 quoque,
1310 4939 1446 5003 catullus
1460 4946 1551 5021 atque
1563 4942 1703 5015 Serenus,
1718 4936 1820 5000 Chris·

191 5068 260 5130 tum
274 5060 342 5143 lyra
354 5058 505 5139 personat,
519 5058 551 5115 et
562 5051 598 5113 in
611 5047 794 5113 decachordo
807 5043 961 5126 psalterio,
974 5043 1011 5107 ab
1024 5041 1130 5105 inferis
1143 5039 1252 5104 excitat
1263 5046 1482 5119 resurgentem.
1682 5043 1683 5046 ’

231 5158 383 5235 Salomon,
390 5149 531 5238 pacificus
542 5155 573 5215 et
581 5145 720 5214 amabilis
732 5143 866 5222 Domini,
876 5159 975 5206 mores
985 5140 1118 5222 corrigit,
1131 5145 1274 5202 naturam
1282 5138 1378 5216 docet,
1391 5135 1556 5201 Ecclesiam
1562 5133 1667 5216 iungit
1675 5139 1706 5195 et
1716 5128 1819 5194 chris-

190 5267 269 5332 tum,
284 5261 517 5335 macetumque
528 5247 710 5330 nuptiarum
723 5243 810 5309 dulce
823 5241 905 5306 canit
917 5238 1162 5322 epithalamium.

229 5353 338 5421 Fstlrer
352 5353 387 5418 iu
398 5347 537 5419 Ecclesia
548 5355 641 5438 typo,
653 5341 803 5440 populum
815 5339 924 5406 liberat
943 5342 979 5404 de
997 5335 1154 5420 periculo;
1175 5342 1205 5400 et
1220 5333 1379 5400 interiecto
1398 5336 1498 5402 Antan
1505 5375 1517 5410 ,
1531 5330 1586 5414 qui
1597 5331 1660 5436 inte

189 5455 352 5538 iniquitas,
364 5455 464 5534 partes
475 5445 620 5523 condvfi,
634 5450 666 5510 et
678 5442 762 5509 diem
774 5441 923 5507 celebrem
937 5436 1035 5503 urittit
1046 5436 1081 5500 iu
1095 5441 1238 5517 posteros.
