4212 6034
276 369 330 430 als
759 369 1000 431 colbtsltrentl
1017 363 1052 426 ill
1068 365 1210 426 GENESIM
1219 408 1228 436 ,
1246 375 1309 424 etr.
1327 363 1417 426 xliii:

158 479 262 530 vemas.
311 471 358 530 2³.
373 472 432 530 Psx
447 472 856 546 sonsum-Quisnam,
872 488 928 547 ego
948 487 1068 532 securm
1108 486 1207 540 coena,
1220 474 1253 527 ut
1272 473 1351 542 patet
1366 483 1443 526 vers.
1458 477 1522 539 seq.
1536 458 1818 524 Sloeervo'lbrabae
1830 463 1900 523 hos·

276 567 331 612 voe
344 568 407 612 esse
417 555 521 628 jubeo.
1108 552 1162 625 piti
1175 554 1258 626 apud
1270 552 1438 610 bathuelem
1457 548 1511 607 loti
1525 551 1596 606 sunt
1606 547 1713 621 pedes,
1728 562 1820 621 supra
1831 564 1898 624 cap.

311 637 386 695 iiras
397 651 484 696 nnnrr
496 651 630 710 ranis·
639 653 694 715 per
706 655 769 712 me;
783 640 833 699 cul
843 639 891 711 ld,
905 641 965 698 lico
975 636 1067 713 inspi-
1109 649 1191 706 xxiv,
1203 650 1280 692 vers·
1292 635 1328 692 32
1341 633 1389 706 (¹)-

275 719 599 796 rante,1'ussittoscpb.
1143 720 1189 776 29.
1205 721 1287 777 err
1301 720 1451 776 Berisum.
1462 743 1498 760 -
1508 715 1625 772 Viderat
1633 714 1728 789 prius,
1740 715 1794 774 sed
1805 715 1901 775 obiter
1914 720 1975 766 ier·-
1982 725 2015 767 2⁹·

168 815 255 864 sturm
310 801 426 860 Discunt
437 804 485 862 bie
496 809 624 863 rectores
641 809 669 862 et
681 805 849 880 principes,
862 805 1016 878 quomodo
1033 803 1066 860 in
1109 803 1138 858 ct
1150 799 1383 869 dissimulanter,
1395 815 1474 857 nunc
1489 815 1525 856 ex
1540 795 1675 870 professo
1687 811 1759 856 eum
1770 797 1901 857 intuetur

157 882 204 986 if·
235 887 261 922 Ν
274 885 1065 957 losephobonoresnonmuteutmores‚sedinsummo
1109 885 1138 940 et
1150 883 1322 956 alloquitur.
1337 882 1418 940 Unde
1432 883 1480 940 hic
1497 883 1632 953 aspectus
1650 879 1797 954 lacrymas
1808 883 1901 941 teneri

167 949 254 1044 ,ἓξὲξ
274 965 389 1040 fastigio
398 968 552 1042 pristinam
562 971 706 1028 retineant
713 971 881 1027 comitatem
891 985 960 1026 cum
971 972 1065 1026 matu·
1108 967 1219 1023 amoris
1229 969 1258 1022 et
1270 965 1385 1038 pietatis
1396 964 1440 1022 illi
1452 963 1587 1022 excussit.

162 1070 248 1107 mem
274 1049 356 1108 ritate
370 1052 568 1122 coniunctam.
588 1053 702 1110 discant
719 1052 845 1124 singuli,
860 1051 972 1124 ubique
988 1055 1017 1107 ct
1033 1050 1065 1106 ia
1144 1051 1189 1105 30.
1203 1051 1444 1118 Fnsrrmvrruue,
1457 1045 1639 1122 -quasiad
1651 1045 1734 1104 aliud
1747 1048 1901 1120 negotium
1913 1061 1975 1107 vera
1985 1063 2017 1105 se.

274 1133 414 1192 omnibns
436 1134 597 1207 losephum
616 1135 758 1191 virtutum
774 1135 888 1191 semina
909 1148 1064 1206 spargere:
1108 1135 1247 1188 evocatus
1262 1132 1310 1204 (ἲ).

273 1217 329 1274 luit
341 1217 420 1274 enim
437 1217 500 1291 ipse
519 1217 661 1274 innocens
672 1215 704 1272 in
722 1216 814 1272 domo
832 1216 936 1288 patris,
950 1216 1064 1288 patiens
1144 1215 1188 1270 39..
1204 1216 1347 1272 lnnrcrruu
1367 1229 1417 1272 ssr
1437 1229 1506 1271 suin
1525 1215 1669 1270 AEerrrns
1682 1226 1831 1272 couxnms
1844 1230 1901 1274 cu!
1914 1234 1974 1278 vera
1985 1237 2017 1280 aa

273 1299 304 1356 in
318 1299 466 1369 adversis,
483 1298 580 1356 tidelis
601 1297 632 1355 in
652 1297 787 1367 seruitio,
801 1301 899 1354 castus
921 1299 953 1354 in
973 1301 1065 1354 tenta-
1108 1294 1739 1370 uerrere-emmaquiamgypuipurtim
1751 1294 2021 1370 exsuper-fflls‘tum

272 1381 353 1440 tione
359 1423 369 1453 ‚
387 1381 504 1456 sapiens
525 1381 557 1438 in
578 1378 763 1438 occultorum
785 1380 981 1450 reseratione,
995 1394 1079 1452 pru·,
1107 1377 1175 1448 hia,
1189 1379 1297 1452 partim
1312 1394 1348 1435 ex
1362 1378 1566 1452 superstitione
1579 1377 1790 1436 aversabantur
1802 1385 1901 1452 pasto·
1914 1355 2021 1462 ,ἰξῧξ

274 1463 348 1520 dens
361 1463 392 1520 in
404 1462 572 1521 luturorum
588 1463 776 1536 provisione,
787 1463 883 1532 iustus
897 1462 928 1518 in
941 1461 1075 1519 fratrum‘
1108 1475 1155 1517 res
1173 1465 1202 1516 et
1218 1463 1387 1533 pecuarios,
1402 1461 1506 1534 quales
1525 1465 1608 1518 erant
1621 1461 1743 1518 liebreei.
1762 1463 1900 1535 Secundo,
1926 1477 2011 1521 nmen

274 1545 483 1618 castigatione,
502 1549 531 1602 ct
551 1559 631 1602 nuuc
649 1545 717 1618 pius
739 1545 772 1601 in
791 1544 927 1617 ipsorum
948 1518 1074 1617 suscepi
1108 1543 1276 1614 quiaevcs,
1289 1543 1374 1600 vituli
1403 1543 1510 1612 bores,
1522 1543 1965 1640 quibusvescebanturtle-ff'ffl,
1979 1538 2023 1583 Η*

275 1628 365 1687 tione
1108 1624 1196 1696 brai,
1214 1629 1296 1684 crant
1310 1627 1352 1684 dii
1368 1626 1589 1699 AEgyptiorum,
1602 1642 1670 1699 quac
1684 1628 1809 1701 proinde
1823 1630 1902 1688 occl-
1929 1601 2022 1704 {2¹:3⁶⁸

190 1734 265 1779 m.
311 1715 353 1770 lta
365 1710 532 1785 Villegisus,
545 1713 616 1770 teste
629 1711 785 1782 Nauclcro,
799 1710 928 1781 Ziegiero
946 1714 974 1768 et
985 1710 1064 1780 eliis,
1109 1708 1179 1764 dere
1202 1713 1253 1765 aut
1271 1709 1426 1766 comedero
1444 1709 1485 1764 eis
1505 1723 1567 1766 non
1587 1709 1708 1779 licebat,
1722 1712 1812 1768 Ecadi
1830 1727 1917 1784 run,

158 1795 203 1856 ll*
276 1801 359 1870 putre
376 1797 512 1854 rhedario
530 1801 632 1867 natus,
646 1795 685 1852 ab
703 1797 816 1854 othone
830 1797 864 1853 lll
884 1795 983 1852 subito
1006 1796 1067 1867 pri·
1108 1805 1184 1847 vers.
1199 1793 1250 1862 ‘263
1265 1806 1328 1848 non
1346 1792 1430 1864 qued
1449 1791 1480 1848 iu
1497 1792 1557 1848 boc
1571 1791 1707 1848 convivio
1721 1793 1902 1854 taliaessant

276 1895 344 1939 mus
355 1882 430 1938 inter
443 1879 586 1938 Electores
599 1879 768 1952 adoptatus,
780 1894 817 1935 ne
828 1894 859 1934 sc
871 1877 995 1946 ellerrct,
1009 1875 1068 1933 sibi
1109 1873 1259 1946 apposita,
1269 1874 1322 1930 sed
1335 1875 1420 1947 quod
1434 1872 1541 1932 scirent
1555 1873 1690 1932 Hebraeos
1701 1875 1811 1934 talibus
1821 1878 1900 1936 vesci

276 1963 380 2022 crebro
402 1962 578 2036 suggerebat
601 1979 609 2018 :
630 1980 645 2015 e
665 1962 734 2020 vide
756 1962 824 2035 quis
844 1961 898 2032 sis,
917 1963 1066 2020 memento
1108 1955 1213 2013 solere.

275 2047 483 2122 quiescens.»
500 2045 580 2104 Unde
599 2048 628 2102 et
644 2048 723 2104 rotas
743 2061 799 2102 suo
816 2059 928 2102 musaeo
945 2042 1068 2118 appingi
1143 2041 1190 2098 33.
1208 2041 1364 2098 Seuerum.
1379 2069 1415 2084 -·
1431 2041 1502 2098 ilino
1512 2043 1593 2115 patet
1606 2056 1721 2101 morem
1734 2044 1856 2103 sedendi
1869 2047 1900 2103 in
1913 2065 1975 2110 ran.
1986 2067 2021 2110 aa.

276 2129 398 2200 curavit,
411 2129 505 2203 iisque
519 2126 665 2186 subscribi
681 2145 688 2183 :
705 2127 874 2198 etdlegise,
887 2127 995 2202 prioris
1008 2125 1068 2184 lor·
1109 2138 1212 2182 mensa
1232 2140 1296 2182 esse
1317 2125 1574 2198 antiquissimum
1599 2142 1665 2185 mos
1685 2127 1765 2185 enim
1784 2144 1901 2188 accum—
1913 2126 2022 2170 &demi

275 2217 354 2272 tunoe
367 2226 491 2281 memor,
503 2212 571 2286 quis
582 2225 661 2268 nunc
675 2209 715 2268 sis
726 2209 993 2268 considerautlmc
1002 2211 1068 2267 rota
1108 2205 1215 2278 bendi,
1230 2207 1277 2266 vel
1292 2207 1511 2278 discumbendi,
1525 2207 1613 2280 longe
1626 2210 1772 2282 posterius
1785 2213 1882 2286 coepit.
1920 2199 2016 2292 Ἥ

274 2295 468 2370 postmodum
486 2293 600 2365 insigne
619 2293 883 2366 archiepiscopatui
895 2292 1067 2364 lioguntinc
1145 2294 1352 2350 insuasum-rus
1374 2306 1463 2349 curru
1485 2305 1675 2350 rumocsmru
1694 2307 1765 2364 suu,
1778 2325 1814 2337 -
1826 2313 1853 2366 q.
1869 2297 1898 2354 d.
1933 2311 2002 2366 qum

275 2377 347 2452 luit,
365 2379 455 2452 atque
471 2375 511 2434 ab
530 2376 652 2434 llemice
671 2377 695 2434 tl
713 2377 892 2449 imperatore
910 2373 1067 2434 conflrma-
1109 2374 1337 2448 primogenitus,
1351 2378 1424 2448 puta
1438 2372 1664 2447 liubeu,primo
1675 2375 1742 2433 loco
1757 2377 1841 2435 sedit.
1853 2381 1899 2436 se-
1913 2381 2026 2428 quamse-

276 2463 351 2518 tum.
1108 2459 1340 2530 cundogenitus,
1354 2461 1428 2531 puta
1441 2457 1574 2528 Simeon,
1585 2458 1661 2515 sedit
1671 2460 1803 2517 seeundo
1817 2461 1899 2533 loco;
1913 2429 2025 2475 ‘um’

310 2542 481 2602 Benedictus
501 2544 552 2614 iil,
570 2556 608 2602 ex
628 2557 759 2617 paupere
781 2545 896 2602 creatus
918 2541 1066 2614 Pontifex,
1108 2541 1210 2598 tertius
1223 2541 1327 2612 terli03
1343 2539 1580 2612 ultimogenitus,
1594 2545 1666 2613 puta
1680 2543 1845 2614 benjamin,
1856 2561 1901 2604 se·

275 2639 345 2684 cum
365 2629 491 2684 matrem
512 2641 531 2684 a
554 2625 696 2684 matronis
719 2627 859 2685 itomanis
872 2624 1067 2698 splendidiori
1109 2624 1153 2684 dit
1171 2622 1287 2682 ultimo.
1306 2623 1426 2682 videtur
1448 2623 1557 2698 ioseph
1579 2625 1642 2697 ipse
1664 2625 1744 2688 bunc
1762 2627 1901 2684 fratribus

274 2709 357 2768 cultu
369 2713 515 2779 ornatam,
526 2709 565 2766 ad
576 2725 607 2766 se
619 2709 784 2782 uenientem
797 2708 919 2778 videret,
929 2707 1067 2766 dissimu·
1109 2707 1233 2779 singulis
1246 2706 1362 2766 dedisse
1376 2706 1524 2776 ordinem,
1535 2723 1645 2780 eosque
1657 2722 1712 2782 per
1724 2724 1812 2766 suum
1825 2726 1901 2768 (eco-

273 2789 347 2850 lavit
367 2807 399 2849 se
416 2807 482 2850 eam
501 2807 676 2863 agnoscere,
689 2806 724 2848 ac
743 2789 874 2848 monitus
888 2781 990 2849 adema
1003 2805 1067 2848 ma·
1108 2805 1234 2849 nonaum
1259 2788 1317 2847 boc
1341 2789 1446 2847 ordino
1473 2803 1610 2846 evocasse
1633 2793 1662 2847 et
1687 2791 1847 2850 collocasse
1870 2794 1901 2851 in

274 2877 372 2934 bem:
389 2876 526 2946 «Egone,
538 2874 589 2946 eit,
599 2878 722 2932 matrem
735 2879 796 2932 tam
808 2874 943 2948 specioso
957 2875 1067 2932 amictu
1108 2888 1211 2932 mensa
1220 2891 1231 2946 3
1251 2873 1380 2946 ideoque
1398 2872 1455 2946 ipsi
1469 2872 1566 2930 mirati
1586 2877 1655 2930 sunt
1674 2875 1825 2934 undenam
1838 2877 1901 2950 ipse

274 2970 338 3016 osse
348 2957 489 3016 credam?
500 2971 561 3015 non
573 2970 702 3028 agnosco
707 2974 717 3028 3
727 2961 850 3014 matrem
861 2957 941 3016 enim
953 2960 983 3015 ct
992 2972 1067 3031 pau·
1108 2958 1194 3015 sciret
1206 2960 1321 3015 oetatem
1334 2959 1362 3013 et
1377 2955 1513 3012 ordinem
1527 2956 1726 3028 singulorum.

273 3055 377 3116 pcrem
395 3040 457 3099 scio
476 3044 506 3100 et
522 3040 724 3113 ignobilem.»
744 3040 829 3097 Exuit
842 3055 912 3114 ergo
925 3039 991 3114 ipsa
1003 3057 1067 3100 ves·
1144 3043 1184 3100 Er
1197 3056 1379 3100 emersurus
1392 3055 1484 3112 uiuus,
1498 3045 1611 3098 -tum
1626 3041 1667 3100 ob
1687 3043 1823 3102 ordinem
1843 3047 1902 3104 siu·

274 3127 319 3182 tes
330 3122 454 3196 sericas,
467 3138 503 3182 eo
522 3137 592 3182 suas
613 3137 764 3196 pannosas
782 3124 879 3181 induit
885 3142 895 3194 ;
909 3129 973 3180 tum
993 3125 1068 3182 Pon·
1109 3125 1186 3198 gulis
1206 3127 1239 3182 ia
1256 3140 1360 3183 mensa
1379 3123 1529 3197 apposiie,
1540 3124 1627 3196 Juxta
1645 3131 1760 3184 aetatem
1773 3128 1901 3201 assigna·

274 3205 345 3266 tilex
357 3221 423 3266 cam
436 3206 643 3281 amplexatus:
661 3207 748 3264 «lico
760 3205 876 3276 babitu,
887 3206 994 3281 inquit,
1005 3222 1068 3266 ma·
1108 3211 1189 3280 tum,
1207 3212 1271 3266 tum
1290 3208 1331 3266 ob
1353 3207 1568 3266 humanitatem
1590 3209 1723 3282 tosepbi,
1736 3227 1797 3284 qua
1813 3228 1831 3270 e
1848 3229 1902 3271 sua

274 3293 350 3352 bem
369 3289 497 3365 reliqui,
510 3293 539 3349 et
556 3289 644 3348 talem
663 3290 789 3349 libenter
802 3305 931 3364 agnosco
944 3290 1068 3366 recipio·
1109 3291 1269 3366 paropside
1283 3290 1408 3364 singulis
1428 3291 1561 3348 mittebat
1575 3307 1661 3350 suam
1673 3297 1789 3366 partem
1802 3311 1902 3353 suum·

274 3386 375 3449 que.»
1109 3391 1169 3450 que
1182 3390 1292 3433 munus
1299 3416 1309 3446 ,
1326 3375 1367 3432 ita
1380 3379 1479 3432 tamen
1492 3381 1524 3432 ut
1538 3376 1688 3448 benjamin
1700 3377 1902 3457 minimuscoe·

308 3457 480 3516 franciscus
499 3472 566 3528 rex,
580 3460 683 3534 captus
704 3473 723 3515 a
743 3457 848 3516 carolo
860 3459 894 3528 v,
908 3458 1024 3533 scripsit
1036 3457 1068 3516 in
1109 3459 1178 3516 teris
1191 3457 1319 3532 amplius
1334 3457 1495 3530 acciperet,
1509 3459 1552 3516 uti
1566 3460 1707 3532 sequitur.

273 3539 403 3612 pariete:
420 3541 536 3598 «Hodie
551 3541 634 3609 mihi,
649 3555 713 3598 eras
725 3539 816 3598 tibi.»
830 3541 1007 3617 Subscripsit
1016 3545 1068 3600 Ga·
1144 3544 1190 3600 34.
1205 3543 1324 3600 Seuerus
1337 3555 1472 3599 eruribus
1485 3555 1557 3610 uass
1569 3558 1605 3600 un
1616 3557 1652 3604 so
1666 3559 1854 3606 securarum.
1866 3577 1901 3591 -
1915 3565 1973 3610 eus
1985 3565 2023 3612 te.

273 3621 358 3680 relus
372 3638 382 3679 z
397 3623 519 3681 «Homo
532 3621 696 3690 sum,nibil
708 3623 862 3682 humanis
875 3639 924 3683 me
937 3626 1068 3684 alienum
1109 3625 1231 3684 Hebraea
1250 3625 1359 3683 clarius
1381 3625 1548 3698 significant
1572 3628 1656 3700 quod
1681 3629 1790 3703 loseph
1809 3646 1826 3687 o
1848 3646 1902 3688 sua

273 3706 390 3778 puto.»
533 3741 541 3754 x
1108 3707 1900 3785 mensapartemsuorumferculorum,honoriscausa,
1965 3723 1967 3726 ’

309 3785 440 3860 Gilimer,
459 3786 671 3846 wandalorum
684 3802 754 3857 rex,
768 3792 871 3862 captus
888 3793 917 3848 et
930 3791 1036 3849 duetus
1049 3808 1069 3849 a
1109 3793 1220 3848 miserit
1235 3792 1275 3850 ad
1288 3791 1423 3864 singulos
1440 3792 1545 3851 iratres
1563 3793 1595 3852 iu
1615 3795 1674 3852 alia
1692 3810 1796 3856 mensa
1808 3799 1901 3856 cousi

273 3867 686 3944 iustinianointriumphum,
698 3869 771 3940 risit,
783 3871 935 3945 dixitque:
950 3873 1068 3932 eltideo
1110 3874 1223 3932 dentes.

272 3951 401 4012 renunc
413 3953 643 4026 vicissitudines,
657 3955 757 4028 utqui
770 3955 862 4012 medo
879 3968 932 4012 rex
944 3953 1066 4028 luerim,
1144 3959 1184 4015 Ur
1197 3973 1321 4028 cursous
1330 3974 1466 4019 sannaus
1476 3975 1647 4020 arenosam.
1658 3991 1694 4008 -
1703 3964 1822 4022 videtur
1831 3981 1901 4038 ergo

270 4036 511 4110 jumserriam.s
688 4050 692 4060 ·
1109 4043 1218 4115 loseph
1232 4044 1365 4116 quinque
1374 4043 1485 4102 fercula
1494 4045 1621 4118 amplius
1630 4047 1800 4118 Benjemino
1811 4064 1901 4122 quam

308 4119 492 4191 Tumaueos,
507 4149 545 4164 -
557 4122 715 4194 pecuniam
734 4121 766 4181 in
785 4121 877 4182 saccis
896 4122 999 4182 vestris
1019 4138 1069 4182 oc·
1109 4127 1219 4182 caetcris
1231 4127 1344 4184 misisse
1350 4147 1358 4198 ;
1370 4128 1436 4185 licet
1444 4129 1589 4202 sosepuus
1597 4133 1626 4186 et
1635 4129 1791 4188 abulensis
1799 4136 1903 4204 putent

273 4200 352 4272 culte
362 4217 381 4260 a
393 4216 441 4260 me
453 4203 651 4275 reconditam
662 4207 726 4263 baec
737 4205 818 4263 enim
830 4205 967 4264 hebraice
980 4221 1068 4266 voca·
1109 4210 1271 4284 losepbum
1284 4211 1409 4283 singulis
1422 4211 1563 4270 fratribus
1576 4213 1689 4270 misisse
1699 4215 1832 4290 quinque
1846 4214 1901 4272 ler-

272 4287 323 4344 tur
340 4291 441 4369 plnum
461 4289 596 4352 metmom
610 4286 766 4346 Chaldaicc
785 4303 918 4346 mammea
935 4294 963 4346 et
980 4306 1068 4347 mum·
1108 4293 1176 4350 cula
1186 4333 1196 4362 ,
1211 4293 1264 4351 sed
1286 4294 1326 4350 ita
1345 4299 1377 4351 ut
1395 4296 1546 4367 benjamin
1564 4294 1596 4352 ln
1615 4297 1740 4368 singulis
1759 4298 1901 4372 acciperet

273 4381 364 4436 auae,
377 4384 398 4428 a
409 4365 509 4427 radice
522 4374 584 4450 inb
599 4373 708 4436 tamon,
722 4369 755 4427 id
768 4373 822 4441 est,
836 4369 1008 4444 abscondit,
1021 4387 1069 4429 re·
1109 4375 1234 4449 duplam
1257 4376 1434 4449 portionem.
1460 4377 1514 4434 ulii
1535 4383 1642 4451 patant
1663 4381 1750 4453 qaod
1772 4397 1835 4440 una
1855 4397 1902 4440 ea-

157 4489 160 4524 ;
272 4450 418 4511 condidit.
1110 4458 1238 4532 demque
1257 4459 1356 4532 portio
1370 4460 1440 4517 dats
1453 4461 1490 4516 sit
1503 4461 1642 4532 siugulis,
1659 4463 1713 4520 sed
1731 4465 1901 4537 benjamine

306 4535 451 4594 remmus
463 4548 541 4605 Quas
553 4547 680 4593 bibistis
692 4549 756 4594 ntur
770 4564 806 4579 -
818 4536 850 4595 in
863 4537 992 4613 pretium
1005 4537 1067 4596 iru-
1108 4541 1268 4616 quintuplo
1282 4542 1378 4612 major
1390 4547 1419 4599 et
1432 4545 1584 4614 grandior.

271 4616 364 4677 menti
377 4618 463 4691 quod
475 4633 494 4676 a
506 4633 554 4676 me
567 4617 688 4676 emistis.
1145 4627 1250 4682 Verum
1268 4625 1350 4697 prius
1371 4626 1455 4698 quod
1469 4627 1545 4697 dixi,
1558 4629 1652 4701 magis
1669 4630 1836 4704 significant
1848 4636 1900 4693 lle-
1955 4625 1959 4630 ’

157 4773 158 4785 ¹
306 4705 460 4763 Peomrux
472 4717 528 4763 nae
542 4718 645 4763 nesso.
660 4733 697 4748 -·
710 4704 847 4764 Hebraice
861 4712 905 4765 cst
923 4710 1067 4768 :Pecunia
1107 4708 1198 4766 braea.
1218 4708 1315 4765 voluit
1333 4708 1442 4782 loseph
1461 4709 1517 4767 bac
1530 4712 1643 4770 ratione
1655 4728 1718 4788 prm
1730 4715 1796 4773 aliis
1806 4717 1901 4775 hono·

154 4805 155 4810 ¹
270 4793 363 4844 oestro
374 4791 449 4845 accit
463 4788 571 4856 adme,
586 4805 613 4860 q.
629 4787 657 4845 d.
679 4789 739 4859 Ego
761 4789 844 4845 illam
857 4791 1003 4864 accepisse
1017 4807 1066 4850 me
1106 4807 1172 4850 rere
1193 4791 1414 4863 benjaminum,
1438 4796 1539 4865 utpote
1561 4793 1681 4854 fratrem
1701 4813 1792 4855 suum
1813 4796 1900 4857 ulari-

150 4904 154 4936 ;
270 4867 375 4941 fateor,
386 4873 415 4928 et
425 4870 493 4927 licet
505 4871 641 4928 eamdem
652 4870 765 4928 occulte
777 4870 863 4930 vebis
873 4874 1065 4948 reddiderim,
1106 4889 1182 4932 uum
1197 4890 1205 4930 :
1220 4875 1304 4946 cujas
1317 4875 1359 4931 rei
1373 4875 1571 4949 symbolicam
1584 4878 1634 4936 dat
1645 4895 1768 4938 causam
1778 4882 1902 4941 Alexan·

271 4955 424 5026 acceptam
439 4956 540 5010 tamen
558 4953 672 5011 aestima
685 4957 715 5010 et
727 4958 868 5026 computo
874 4997 885 5028 ,
900 4959 929 5013 et
941 4959 1066 5030 perinde

272 5047 309 5094 gg
319 5034 344 5090 si
355 5051 422 5092 gam
435 5035 576 5092 haberem
589 5039 707 5111 reputo,
1141 5037 1172 5100 (l)
1188 5035 1260 5088 Vel's.
1274 5039 1314 5088 27.
1331 5035 1380 5090 Pro
1396 5039 1523 5090 clementer
1534 5037 1606 5092 hebr.
1620 5048 1657 5094 tlsl
1671 5041 1703 5096 de
1716 5060 1790 5106 pace,
1804 5043 1832 5098 id
1846 5052 1898 5110 αἱ,

151 5128 259 5180 ’,Νι
308 5119 354 5175 94,
369 5121 617 5176 mmmmm
631 5121 839 5179 suom—Hine
853 5137 972 5180 rursum
985 5127 1066 5197 patet
1105 5105 1489 5174 luxtamultos,interrogabdt
1503 5117 1807 5172 eosquomeeoeaierem.

100 5241 102 5244 -

153 5267 261 5362 42³1,ss
273 5289 320 5381 ²⁰}
335 5303 342 5342 ²
357 5285 447 5360 ΜΨῙΒ
465 5289 526 5342 ΜΠ]
544 5285 577 5382 in·
588 5286 734 5383 Pl'andJsp
748 5305 840 5364 quam
852 5288 884 5347 in
897 5291 1067 5385 ,0031ῑῦἓῖὓῆ
1105 5317 1246 5376 vincerent,
1255 5329 1506 5387 prorumperentque,
1517 5325 1770 5392 egrediebatur3tam
1784 5330 1899 5382 sedaleri

154 5376 260 5425 stultu
274 5381 353 5430 enlm
379 5365 438 5428 hoc
460 5368 579 5444 losephl
603 5385 773 5440 contulum
797 5375 980 5450 prandium,
1002 5391 1064 5435 non
1106 5387 1190 5438 dabat.
1210 5388 1507 5457 satiem-decussatis,
1522 5397 1661 5461 composito
1675 5399 1748 5449 vultu
1761 5401 1897 5454 redibat.»
