4134 6056
1058 159 1070 192 b

246 333 301 394 1111
753 325 997 390 commeatu
1013 330 1048 388 tlt
1067 329 1225 399 sufflatu,
1241 343 1306 392 ω.
1324 331 1369 390 ix.

245 452 334 507 unm,
347 433 469 510 peceato
487 434 517 491 et
532 431 920 507 concupiscentiaintectum
933 441 961 495 et
974 451 1039 496 cor·
1117 433 1877 510 aa.cuncusamurmu.-1tonquamdntarrn
1890 437 1999 488 reare.

245 525 376 594 ruptum.
393 519 501 574 verum
513 519 613 573 noster
624 519 768 590 interpres
778 516 957 590 profundius
966 519 1041 579 vidit
1082 519 1203 578 durabit
1217 537 1225 576 r
1239 519 1303 578 baec
1317 521 1396 578 enim
1409 525 1464 578 stat
1483 521 1515 578 iu
1533 523 1691 587 aeteruum,
1706 517 1759 575 sed
1771 531 1877 591 quam

246 609 272 658 τὸ
289 619 342 668 ro,
363 601 396 658 id
417 605 477 670 cst,
490 602 581 666 moto,
600 599 680 656 euml
698 602 852 660 causaliter
857 620 866 672 3
881 618 937 676 pro
950 619 1040 675 procu
1082 602 1135 660 diu
1149 603 1180 659 in
1194 606 1270 660 terra
1284 605 1338 662 erit
1351 604 1501 674 generatio
1515 606 1544 660 et
1554 601 1721 675 corruptio,
1731 603 1876 674 eruntque

244 691 309 742 sunt
330 684 368 740 cd
388 685 504 753 muru,
523 684 589 754 aut,
604 685 637 740 ut
649 683 838 757 Septuaginta
850 689 981 756 vertunt,
994 690 1038 744 ia·
1081 685 1218 746 homines
1240 689 1268 742 et
1287 686 1446 758 animalia,
1460 690 1582 761 propter
1603 699 1671 758 quta
1684 683 1747 741 haec
1761 689 1876 756 tempo·

244 770 414 826 mutantia
432 769 507 824 muln
520 785 530 822 ε
544 781 615 825 uam
622 808 633 838 ,
647 767 692 826 uti
704 767 783 838 dixi,
797 767 974 840 figmeatum
988 785 1038 828 su·
1080 785 1149 828 rum
1162 769 1288 828 varietas
1302 770 1425 828 inducto
1438 773 1491 828 est.

243 851 297 908 mit
319 864 375 925 pro
395 850 461 925 ipsa
479 849 619 924 tiguliua,
634 865 722 909 seusu
736 855 766 909 et
778 852 1036 927 concupiscentia.
1115 856 1253 914 Salauris
1274 869 1309 912 ur
1331 869 1435 913 nassis.
1452 884 1490 899 -
1510 857 1594 912 Putat
1615 853 1745 911 Isidorus
1762 850 1874 908 clarius

242 949 311 1008 qum
331 931 494 992 formaliter
512 949 574 994 uou
588 933 765 1006 suutmala,
779 933 882 1006 idest,
896 939 1035 1009 peccata;
1079 951 1192 996 aunum
1213 938 1263 996 bic
1283 954 1367 996 more
1390 937 1579 996 Hebraeorum
1603 937 1635 994 iu
1653 951 1705 992 sex
1719 938 1816 1008 partes
1830 935 1875 991 di·

241 1017 295 1075 sed
307 1017 478 1088 causaliter,
491 1019 672 1092 quia-prona
684 1021 755 1074 sunt
768 1017 808 1075 ad
821 1017 947 1089 malum,
957 1023 986 1078 et
996 1020 1037 1078 ad
1079 1021 1156 1092 ridi,
1171 1021 1279 1080 scilicet
1297 1021 1329 1078 in
1349 1019 1529 1078 floritionem
1537 1061 1547 1092 ,
1564 1019 1812 1088 maturationem,
1825 1033 1872 1076 ca·

241 1099 356 1158 malum
366 1099 519 1159 bominem
527 1100 659 1160 incitant.
671 1103 737 1158 llaec
750 1100 830 1159 enim
844 1106 888 1159 est
900 1102 1036 1176 apposita
1078 1103 1187 1174 iorem,
1201 1104 1441 1175 seminationem,
1454 1103 1547 1176 irigus
1561 1111 1590 1160 et
1600 1105 1739 1172 estatem,
1757 1101 1793 1158 de
1807 1101 1872 1174 qui-

240 1184 328 1252 ratio,
339 1199 393 1242 cur
402 1186 479 1242 ileus
492 1184 570 1242 dicat
583 1199 614 1242 se
626 1183 817 1242 misertmum
824 1185 993 1256 homiuum,
1003 1187 1036 1242 ut
1077 1186 1135 1245 bus
1150 1187 1245 1245 ilelrio
1258 1188 1318 1244 hic.
1331 1189 1440 1244 Verum
1458 1187 1547 1258 louge
1558 1186 1656 1242 verius
1670 1189 1731 1255 est,
1746 1188 1780 1241 ut
1791 1187 1871 1257 patet

240 1266 370 1340 amplius
382 1283 486 1326 eorum
499 1271 619 1343 peccata
632 1282 694 1326 uon
705 1268 812 1342 puniat
826 1267 950 1338 diluvio,
963 1269 1035 1343 quia
1077 1284 1115 1329 ex
1127 1271 1199 1344 ipsis
1212 1269 1420 1340 antithesibus,
1434 1268 1483 1326 iric
1498 1267 1642 1338 describi,
1651 1271 1752 1340 primo,
1762 1266 1870 1323 vicissi-

240 1349 349 1410 scilioet
367 1350 503 1410 homiues
523 1367 542 1410 a
559 1351 707 1410 uaduitatc
733 1350 855 1422 infirmi,
873 1350 987 1410 debiles
1006 1355 1035 1411 et
1076 1353 1195 1411 tudiues
1217 1352 1344 1422 laboris,
1367 1368 1459 1410 uuam
1473 1350 1658 1421 seminandi,
1675 1350 1796 1406 alteram
1809 1365 1869 1406 me·

239 1433 448 1506 pronisuutod
457 1433 922 1495 malnm2namactuaiismaluia
931 1438 959 1492 et
967 1449 1035 1507 pec-
1075 1436 1157 1494 nudi
1181 1458 1188 1494 z
1213 1435 1351 1494 sementis
1371 1435 1450 1493 enim
1472 1433 1520 1491 bic
1534 1433 1680 1505 siguificat
1692 1437 1809 1504 tempus
1823 1447 1869 1488 se·

239 1519 418 1589 eatum,non
427 1515 671 1589 misericordiam,
679 1519 732 1576 sed
740 1517 1032 1591 iramueiprovocat.
1076 1519 1228 1590 minandi;
1255 1518 1380 1589 messis,
1408 1522 1525 1590 tempus
1554 1515 1683 1574 metendi
1694 1534 1704 1585 ;
1731 1514 1868 1580 secando,

273 1607 315 1660 Aa
336 1616 548 1660 lucuscanrra
560 1617 624 1661 sun.
638 1629 675 1646 -
689 1621 705 1657 u
717 1604 760 1659 Ex
772 1601 824 1659 illa
835 1602 914 1658 enim
928 1605 1032 1674 emto,
1075 1602 1288 1662 vicissitudines
1309 1603 1400 1672 anni,
1419 1605 1550 1659 aestatem
1560 1605 1589 1658 et
1602 1600 1730 1658 hiemem
1746 1616 1753 1655 ε
1769 1602 1868 1665 tertio,

238 1685 279 1746 ait
291 1687 319 1744 S.
337 1685 527 1758 Ambrosius,
539 1687 642 1745 crescit
661 1686 788 1757 malitia;
798 1701 869 1742 uam
881 1685 1033 1757 diligentia
1074 1685 1289 1744 vicissitudines
1302 1684 1480 1759 qualitatum
1493 1687 1522 1740 et
1535 1685 1762 1757 tempestatum,
1774 1679 1867 1753 frigus

237 1773 267 1828 et
277 1771 409 1829 studium
421 1770 563 1844 peccandi
576 1770 678 1844 incipit
691 1785 710 1827 a
719 1771 891 1841 iuventute:
913 1773 945 1825 ut
957 1782 1033 1842 puer
1075 1774 1103 1827 et
1113 1774 1227 1827 aestum.
1391 1811 1396 1820 .

237 1854 324 1928 quasi
345 1852 482 1912 infirmus
502 1857 618 1927 peccet,
629 1853 747 1925 juvenis
760 1857 902 1927 tauquam
917 1853 1032 1926 impro·
1079 1917 1084 1926 ,
1108 1854 1169 1911 Nou
1183 1865 1382 1921 asoursscuur.
1401 1881 1437 1896 -
1452 1854 1517 1910 Non
1531 1850 1702 1922 cessabunt,
1716 1865 1779 1907 non
1792 1849 1867 1908 desi-

237 1933 313 2008 bus,
335 1937 389 2012 qui
401 1937 534 1996 studiose
548 1937 648 2013 cupiat
660 1941 780 2014 peccata
791 1935 989 2010 committere,
1002 1938 1033 1996 ct
1073 1938 1144 1993 nont
1163 1935 1221 1992 eibi
1235 1938 1340 1994 mutuo
1353 1936 1508 1995 succedere
1515 1978 1526 2010 ,
1545 1935 1589 1994 uti
1603 1934 1753 1996 desierunt
1766 1937 1795 1992 et
1807 1949 1866 1992 ces-

237 2020 410 2080 criminibus
422 2021 606 2096 glorietur.»
1074 2018 1472 2080 aaruuttctoenuodilavii.

810 2369 1015 2478 CAPUT
1055 2367 1288 2475 NONUM.

876 2597 1051 2664 SYNOPSIS
1070 2599 1223 2663 caruis.

233 2795 305 2850 bene
317 2792 365 2848 doe
378 2794 469 2863 eapite
481 2789 585 2848 madai
600 2801 651 2860 per
663 2787 800 2846 dilucium
812 2787 894 2859 quoti
904 2791 1033 2843 renouato
1050 2791 1078 2844 ct
1090 2792 1208 2843 maenio
1218 2788 1344 2858 pristino
1357 2786 1442 2855 boon,
1456 2800 1517 2859 quc
1530 2801 1581 2860 per
1596 2793 1735 2862 pometum
1748 2796 1774 2847 ct
1788 2791 1863 2850 ditu-

152 2873 157 2884 '
267 2892 343 2946 aare
363 2890 465 2945 omisso
480 2885 572 2944 ciani
581 2889 726 2958 poterant,
746 2886 887 2950 resiluit,
901 2884 1004 2940 scitica
1022 2883 1244 2952 fecunditatem,
1262 2886 1407 2955 imperium
1426 2887 1457 2940 ic
1474 2885 1761 2951 decimationum
1780 2892 1864 2946 ctiam

269 2987 415 3042 meliorem.
429 2987 522 3042 Primo
540 2997 602 3053 erpo
614 2983 686 3040 lietu
705 2981 763 3040 Noe
779 2980 889 3051 eiusque
901 2983 1061 3050 posteritati
1073 2981 1220 3047 benedicit,
1241 2984 1318 3052 eique
1331 2995 1405 3038 mum
1417 2985 1542 3038 carcium
1555 2983 1695 3055 inculpet,
1706 2999 1760 3042 cco
1773 2991 1863 3044 tomen

266 3085 409 3154 empiricis
415 3101 426 3151 3
444 3081 516 3137 unm
532 3077 662 3145 secanda
676 3093 745 3134 aere.
761 3079 793 3148 u,
809 3077 951 3134 homicidii
965 3093 1073 3149 perram
1090 3081 1190 3134 scacit.
1207 3079 1314 3143 Tertio,
1327 3092 1397 3133 aas.
1416 3079 1449 3144 9,
1465 3083 1577 3148 pectam
1594 3083 1650 3136 icit
1667 3097 1727 3138 eum
1743 3085 1815 3151 Noe,
1829 3083 1863 3143 dc

265 3196 319 3238 non
331 3177 483 3236 inducendo
497 3177 619 3250 amptius
632 3175 753 3240 diluuio,
765 3177 896 3246 poetique
910 3179 1037 3232 tesseram
1049 3174 1099 3232 cat
1112 3174 1221 3232 isidero.
1236 3174 1354 3241 Quarto,
1366 3190 1435 3231 aas.
1448 3174 1499 3242 20,
1513 3176 1570 3234 Noe
1584 3178 1746 3246 inebriatur,
1761 3184 1787 3236 et
1800 3181 1861 3238 dor-

264 3281 350 3336 miens
362 3294 381 3334 c
394 3277 478 3334 ctum
489 3276 624 3345 nudatur,
635 3273 682 3332 sed
695 3289 713 3329 c
724 3272 785 3330 Sem
797 3276 823 3329 et
833 3271 931 3344 ertet
945 3275 1058 3344 tegitur,
1068 3271 1181 3343 ideoque
1194 3275 1327 3344 cuipiioue
1339 3271 1479 3328 maledicit
1490 3271 1586 3340 Citam,
1598 3274 1645 3332 sed
1655 3275 1715 3334 Sem
1728 3281 1754 3334 et
1764 3277 1860 3350 Jcptu

264 3377 407 3433 benedicit.

275 3555 306 3621 1.
329 3554 567 3644 Benedixitque
581 3552 669 3620 Deus
680 3551 750 3620 Noe
763 3560 796 3619 et
809 3551 889 3618 filiis
901 3551 984 3642 ejus.
1000 3549 1042 3618 Et
1054 3547 1138 3618 dixit
1150 3549 1191 3618 ad
1206 3571 1281 3618 eos:
1301 3549 1460 3635 Crescite,
1481 3558 1515 3619 et
1526 3551 1812 3644 multiplicamini,
1828 3565 1860 3624 et

227 3658 350 3750 replete
374 3668 505 3726 terram.
529 3657 563 3724 2.
582 3657 624 3724 Et
642 3664 748 3724 terror
765 3665 872 3724 vester
889 3678 926 3723 ac
949 3665 1071 3723 tremor
1090 3653 1133 3721 sit
1153 3676 1252 3746 super
1269 3664 1386 3723 cuneta
1403 3654 1558 3724 animalia
1575 3665 1690 3740 terror,
1712 3669 1745 3727 et
1761 3683 1860 3753 super

228 3785 341 3832 omues
354 3765 504 3834 volueres
517 3764 608 3847 coeli,
623 3784 700 3830 eum
714 3761 878 3830 universis
890 3782 966 3851 quae
980 3767 1155 3828 moventur
1167 3781 1266 3851 super
1279 3769 1420 3828 terram:
1437 3783 1550 3831 omnes
1566 3761 1665 3853 pisces
1678 3766 1777 3833 maris
1791 3790 1859 3836 ma·

227 3871 288 3940 nui
306 3878 422 3938 vestrm
442 3869 551 3938 traditi
571 3875 660 3937 suut.
683 3866 716 3936 3.
731 3866 774 3935 Et
786 3887 884 3934 omne
895 3917 904 3950 ,
924 3865 1015 3956 quod
1028 3857 1186 3936 ‘movetur
1199 3874 1231 3934 et
1243 3867 1348 3954 vivit,
1369 3867 1432 3936 erit
1449 3868 1543 3936 vobis
1555 3869 1591 3936 in
1608 3870 1742 3939 cibum:
1764 3876 1858 3963 quasi

227 3976 317 4044 olera
329 3975 470 4044 virentia
483 3973 604 4043 tru‘didi
618 3973 713 4042 vobis
725 3971 858 4041 omnia:
874 3971 908 4038 i.
924 3979 1079 4061 excepto,
1100 3973 1190 4062 quod
1210 3995 1342 4042 carnem
1355 3994 1433 4041 cum
1451 3975 1612 4062 sanguine
1632 3997 1699 4044 uon
1712 3980 1858 4047 comede·

226 4081 278 4150 tis.
295 4083 328 4150 5.
345 4081 549 4170 Sanguinem
567 4079 656 4149 cuim
674 4079 862 4148 animarum
880 4085 1064 4147 vestrarum
1083 4079 1252 4169 requiram
1269 4079 1309 4148 de
1328 4101 1430 4148 mauu
1446 4089 1639 4149 cunctarum
1657 4083 1855 4153 bestiarum:

225 4195 258 4254 et
270 4187 311 4254 de
324 4209 424 4256 manu
440 4187 604 4271 hominis,
619 4185 777 4254 demean
790 4184 856 4252 viri
868 4191 901 4251 et
913 4183 1024 4251 fratris
1037 4181 1127 4274 ejus,
1144 4185 1311 4275 requiram
1324 4186 1469 4254 animam
1483 4187 1636 4254 hominis.
1653 4187 1685 4256 6.
1701 4188 1858 4270 Quicum·

224 4313 291 4384 quc
301 4292 454 4361 effuderit
467 4292 652 4360 humanum
665 4291 879 4381 sauguinem,
893 4289 1053 4357 fundatur
1065 4289 1200 4377 sanguis
1212 4290 1303 4359 iliius
1316 4316 1324 4357 :
1340 4291 1381 4360 ad
1395 4292 1573 4380 imaginem
1586 4293 1709 4385 quippe
1721 4295 1781 4362 Dei
1792 4296 1858 4364 iao-

223 4403 278 4467 tus
290 4405 339 4466 est
352 4397 462 4466 homo.
480 4398 512 4464 7.
526 4397 596 4465 Vos
608 4405 719 4465 autem
732 4396 863 4464 crescite
876 4403 908 4464 et
921 4394 1201 4486 multiplicamini,
1218 4403 1249 4463 et
1263 4396 1475 4486 ingredimini
1487 4419 1587 4488 super
1600 4403 1736 4484 terram,
1751 4409 1783 4470 et
1795 4401 1857 4467 im·

222 4505 309 4597 plote
322 4527 406 4572 eam.
422 4504 455 4572 8.
471 4503 551 4572 Haec
561 4525 695 4594 quoque
707 4501 791 4571 dixit
804 4501 891 4569 Deus
904 4500 945 4570 ad
958 4500 1040 4588 Noe,
1054 4501 1140 4569 etad
1153 4501 1240 4570 filios
1253 4501 1324 4594 ejus
1335 4524 1412 4571 cum
1426 4524 1464 4571 eo
1477 4527 1485 4568 :
1501 4503 1534 4572 9.
1551 4503 1630 4570 Eece
1642 4526 1703 4594 ego
1715 4514 1856 4574 statuam

221 4619 355 4702 pactum
369 4631 480 4677 meum
494 4609 685 4693 vobiscum,
700 4616 733 4676 et
745 4629 822 4676 cum
834 4607 958 4675 semine
971 4615 1080 4675 vestro
1093 4615 1165 4697 post
1178 4630 1237 4676 vos
1251 4631 1258 4676 ι
1278 4608 1330 4676 10.
1347 4617 1379 4676 et
1392 4609 1433 4677 ad
1447 4631 1579 4677 omnem
1592 4609 1735 4678 animam
1743 4615 1857 4680 viven-

221 4725 309 4799 tem,
325 4737 401 4807 quae
414 4721 463 4782 est
478 4714 647 4784 vobiscum
660 4764 669 4798 ,
684 4720 753 4780 tam
766 4713 802 4779 iu
815 4711 1019 4797 volucribus,
1034 4733 1135 4802 quam
1149 4712 1185 4780 iu
1194 4712 1355 4803 jumentis
1368 4721 1400 4782 et
1415 4715 1596 4807 pecudibus
1608 4723 1704 4783 terrea
1716 4718 1854 4804 cunctis,

221 4844 298 4915 quae
311 4842 439 4910 egressa
451 4827 529 4888 sunt
540 4820 581 4887 de
594 4840 680 4902 arca,
695 4827 728 4886 et
741 4818 904 4887 universis
916 4817 1028 4886 bestiis
1042 4825 1148 4887 terrm
1168 4820 1220 4888 11.
1237 4820 1387 4889 Statuam
1400 4830 1532 4912 pactum
1546 4845 1658 4912 meum
1672 4823 1854 4912 vobiscum,

220 4936 253 4998 et
266 4949 477 5019 nequaquam
498 4927 587 4994 ultra
605 4923 821 4994 interficietur
840 4924 947 4992 omnis
960 4945 1035 4993 caro
1049 4925 1144 5016 aquis
1157 4925 1276 4994 diluvii
1289 4979 1298 5014 ,
1317 4949 1425 5019 neque
1442 4927 1505 4995 erit
1522 4927 1674 5019 deinceps
1689 4927 1855 4998 diluvium

219 5035 381 5126 dissipans
394 5042 527 5101 terram.
545 5031 599 5098 12.
616 5029 772 5120 Dixitque
785 5030 893 5098 Deus:
917 5030 986 5098 Hoc
999 5031 1132 5120 signum
1145 5033 1278 5101 foederis
1291 5033 1379 5124 quod
1392 5034 1434 5102 do
1450 5033 1537 5102 inter
1551 5058 1604 5102 me
1617 5043 1650 5102 et
1663 5058 1741 5121 vos,
1764 5045 1797 5104 et
1813 5037 1855 5106 ad

219 5161 352 5208 omnem
368 5139 514 5207 animam
532 5137 720 5221 viventem,
744 5159 820 5228 quae
838 5145 886 5204 est
906 5137 1076 5206 vobiscum
1094 5139 1131 5206 iu
1151 5139 1377 5227 generationes
1395 5141 1629 5231 sempiternas:
1655 5140 1708 5210 13.
1729 5143 1855 5212 Arcum

218 5267 331 5314 meum
347 5267 469 5338 ponam
481 5243 518 5312 in
531 5243 697 5329 nubibus,
719 5251 752 5312 et
771 5243 834 5312 erit
850 5243 983 5333 signum
1001 5245 1132 5314 ioederis
1148 5247 1235 5314 iuter
1255 5270 1308 5314 me
1327 5255 1359 5314 et
1375 5247 1462 5315 inter
1482 5255 1615 5314 terram.
1635 5248 1688 5314 11.
1704 5248 1855 5344 Cumque

218 5351 387 5424 obduxero
407 5349 553 5422 nubibus
569 5349 710 5439 ooelum,
732 5349 900 5448 apparebit
918 5373 1012 5423 arcau
1032 5374 1125 5421 meus
1139 5351 1173 5419 in
1188 5351 1358 5420 nubibus:
1382 5352 1434 5421 15.
1459 5361 1491 5420 et
1510 5353 1705 5422 recordabor
1722 5353 1854 5434 ioederis
