4264 6038
708 209 948 274 conueniente
967 217 1002 274 ΙΝ
1019 214 1179 291 GENESlll,
1196 236 1259 281 der.
1278 217 1344 282 iiix.
1789 221 1845 284 223

213 321 278 397 ipse
295 319 669 393 communicationum
690 320 888 391 contristaret3
908 321 1007 379 decre·
1049 325 1140 383 tendo
1155 326 1346 384 descenderat
1362 325 1521 389 Abraham.
1535 327 1601 386 Pari
1617 343 1688 400 ergo
1703 331 1798 388 modo
1815 337 1846 390 et

213 412 295 466 verat
303 407 384 465 enim
395 405 519 464 omnino
530 411 659 480 quatuor
668 404 723 460 has
734 403 862 461 civitates
871 405 1006 478 perdere3
1049 409 1258 479 congruentia,
1274 410 1321 468 hic
1336 426 1354 467 e
1372 409 1473 469 decem
1490 412 1530 469 ed
1547 429 1642 470 unum
1657 411 1706 470 vol
1726 413 1845 472 nullum

210 491 273 564 jam
299 490 380 548 enim
407 490 554 564 completa
575 490 637 544 erat
660 489 849 560 peecatorum
870 486 1008 546 Sodomae
1050 490 1228 550 descendere
1238 492 1398 552 debuisset.
1407 497 1479 551 Tum
1489 494 1628 568 deniqne,
1639 496 1711 569 quia
1719 497 1844 570 putabet

213 589 363 644 mensure,
374 573 437 630 imo
450 569 687 645 supereffluebat.
1044 571 1135 631 -iacile
1144 574 1246 632 decem
1254 577 1350 648 justos
1361 577 1392 633 in
1403 577 1552 650 Pentapoli
1565 579 1758 636 inveniendos
1767 595 1842 638 csse.

247 657 348 715 Dices:
363 658 421 713 Gur
432 655 537 713 saltem
551 669 612 711 non
625 653 758 726 permisit
770 655 847 710 Deus
857 652 1006 710 Abraham
1084 658 1141 714 Sed
1154 675 1208 716 cur
1218 659 1367 717 Abraham
1380 675 1442 717 non
1451 661 1584 718 meminit
1595 664 1647 718 Lot
1657 661 1772 734 nepotis
1786 664 1842 735 sni,

213 740 390 800 descendere
406 737 446 798 ad
458 741 527 795 octo
538 737 586 794 vel
600 737 748 810 quinque,
761 739 794 792 ut
806 739 927 810 propter
939 740 1006 793 octo
1049 753 1180 797 curcum
1192 743 1344 800 communi
1355 743 1439 800 clade
1450 744 1523 818 eripi
1534 758 1595 801 non
1607 744 1789 818 postulavit?
1799 752 1844 804 Au
1889 811 1891 816 ,

212 823 261 880 vel
271 823 404 894 quinque
415 821 511 892 justos
528 823 639 893 peteret
655 819 738 894 perci
754 819 926 891 Pentapoli?
938 821 1007 876 Res·
1050 825 1163 879 utrem
1180 825 1290 883 claram
1310 826 1342 882 id
1362 828 1474 899 lioyses
1493 827 1695 900 praetermisit?
1708 845 1747 886 an
1759 830 1844 904 quod

212 905 325 980 pendet
339 903 514 974 abulensis,
528 901 600 975 quia
612 901 645 958 in
663 901 813 975 Pentapoli
824 899 910 958 facile
924 904 1008 959 erant
1046 904 1160 976 justum
1172 912 1274 979 norat,
1288 909 1478 966 liberandum
1490 911 1680 969 confidebat?
1776 971 1777 976 ,

212 994 325 1062 septem
344 988 392 1044 vei
409 990 477 1044 octo
492 985 579 1057 justi3
601 985 626 1042 si
643 983 721 1041 enim
736 985 766 1040 iu
784 983 913 1042 Sodoma
924 986 1007 1041 erant
1085 989 1383 1049 ltoreliterdocetuie
1396 993 1423 1049 S.
1434 993 1676 1066 chrysostomus,
1687 997 1841 1067 tonitui,

212 1078 341 1148 quatuor
354 1072 442 1144 justi,
456 1071 489 1130 in
500 1068 626 1141 singulis
643 1067 765 1141 reliquis
778 1067 905 1126 urbibus
921 1067 1006 1126 iccile
1049 1075 1162 1144 quanto
1173 1073 1204 1128 in
1217 1075 1312 1147 pretio
1322 1075 1425 1132 haberi
1437 1075 1565 1132 debeant
1575 1077 1656 1147 iusti,
1669 1079 1783 1136 etiamsi
1793 1095 1842 1137 ex-

212 1155 454 1214 iuissetinvcnire
468 1168 564 1212 unum
574 1152 703 1224 justum3
716 1165 845 1223 cumque
856 1165 897 1206 eae
911 1153 1006 1208 essent
1049 1153 1138 1210 terius
1158 1155 1231 1212 vites
1249 1162 1278 1212 et
1294 1171 1456 1230 pauperes,
1473 1174 1541 1218 cum
1560 1165 1682 1234 propter
1701 1177 1753 1217 eos
1768 1165 1842 1219 Deus

211 1243 350 1314 quatuor,
371 1236 532 1296 universim
551 1236 676 1294 tuissent
691 1236 758 1292 octo
774 1231 846 1306 justi
861 1233 892 1290 in
905 1235 1007 1292 Penta·
1050 1236 1176 1294 urbibus
1189 1243 1218 1294 et
1231 1241 1388 1310 provinciis
1401 1240 1548 1300 sceleratis
1561 1246 1683 1314 parcat:
1699 1243 1743 1300 illi
1761 1243 1841 1302 enirn

210 1321 283 1396 poli,
1049 1325 1118 1377 sunt
1130 1319 1216 1377 bases
1233 1326 1261 1378 et
1279 1323 1426 1380 columnae
1437 1323 1706 1397 reipublicoe.'Talis
1720 1325 1775 1383 luit
1789 1331 1841 1385 lla·
1893 1384 1898 1394 ,

245 1407 273 1464 Si
291 1405 434 1478 objicias.
452 1407 565 1477 Ergone
580 1405 710 1476 quatuor
728 1401 760 1458 hi
776 1399 848 1472 jnstl
866 1417 937 1459 cum
950 1401 1006 1458 im·
1048 1403 1118 1474 vid,
1139 1404 1255 1478 dequo
1275 1405 1315 1463 ait
1334 1409 1409 1462 lleus
1429 1407 1554 1466 Ezecbiae
1569 1425 1578 1463 r
1592 1410 1773 1479 «Protegam
1793 1427 1841 1468 ure

210 1489 268 1564 piis
285 1488 317 1547 in
334 1488 486 1562 Pentapoli
499 1485 736 1556 conflagrarunt?
745 1484 915 1556 Respondet
927 1483 1006 1542 Abu-
1048 1482 1118 1544 bem
1131 1487 1218 1559 hauc,
1233 1492 1262 1546 et
1270 1488 1393 1547 salvabo
1406 1505 1472 1547 earn
1485 1495 1607 1564 propter
1621 1491 1713 1548 David
1722 1507 1841 1550 servum

210 1571 311 1643 temer,
320 1571 452 1642 minime,
463 1570 535 1645 quia
544 1569 588 1626 uti
600 1571 655 1626 Lot
664 1583 732 1626 cum
745 1583 837 1624 uxore
847 1571 876 1625 et
886 1567 1005 1629 filiabus
1048 1585 1194 1641 meum,u
1210 1573 1244 1628 iv
1257 1574 1322 1642 Req.
1344 1587 1407 1642 xix,
1421 1575 1466 1630 ee.
1484 1575 1585 1631 «Talis
1600 1579 1663 1632 erat
1679 1574 1774 1647 Elias,
1789 1577 1842 1650 qui

211 1655 402 1726 exsodomis,
410 1655 451 1712 ita
464 1652 571 1728 reliqui
580 1654 708 1724 quatuor
717 1650 827 1723 hiJ'usti
837 1666 874 1710 ex
886 1652 947 1708 suis
956 1668 1005 1709 ur·
1048 1653 1188 1711 melotem
1214 1657 1328 1711 tantum
1361 1654 1484 1725 habuit,
1509 1663 1538 1712 et
1562 1671 1696 1730 purpura
1722 1659 1842 1716 vestitus

210 1739 312 1810 bibus,
323 1743 444 1812 totaque
458 1734 619 1808 Pentapoli,
629 1735 676 1791 vei
690 1735 805 1791 monitu
817 1734 1004 1806 angelornm,
1049 1737 1148 1796 Achab
1169 1737 1248 1794 illius
1266 1739 1374 1796 melote
1392 1739 1553 1810 indigebat.
1568 1740 1671 1798 llelote
1684 1741 1773 1812 hujus
1785 1759 1842 1800 coe-

208 1824 258 1882 vel
271 1823 321 1881 liei
335 1823 473 1880 instinctu
487 1823 555 1878 ante
567 1819 630 1890 ejus
644 1817 792 1874 excidium
806 1821 1002 1877 excesserunt.
1048 1819 1111 1878 lum
1133 1821 1255 1892 clausit,
1274 1821 1504 1896 pluviarumque
1521 1823 1696 1882 descensum
1713 1825 1794 1884 stitit.
1809 1828 1842 1884 iit

210 1910 319 1966 verum
334 1907 392 1962 hoc
409 1907 452 1960 est
464 1902 627 1974 conjectare
645 1906 676 1958 et
689 1899 832 1958 munuc.
845 1901 920 1959 Cum
932 1915 1004 1973 ergo
1046 1905 1151 1976 lingua
1167 1906 1318 1980 Prophetae
1329 1905 1448 1963 frenum
1460 1906 1516 1964 luit
1530 1907 1604 1964 coelc
1619 1925 1627 1964 :
1642 1923 1777 1981 pmpura
1790 1924 1841 1968 an·

210 2007 316 2050 omnes
330 1987 532 2062 Pentapolitcr,
543 1988 665 2059 excepto
678 1985 732 2041 Lot
746 1999 816 2041 cum
829 1984 901 2052 suis,
914 1987 943 2042 et
955 1999 1005 2041 cx·
1046 1991 1107 2045 tem
1125 1988 1264 2058 amictus,
1283 1991 1313 2046 et
1328 1988 1494 2048 diademate
1512 1990 1687 2048 circumibat
1705 2007 1841 2065 quaerens

210 2074 302 2148 ceptis
314 2072 420 2131 incolis
431 2068 514 2128 urbis
525 2070 626 2140 segor,
641 2067 749 2125 ccclesti
760 2067 827 2139 igne
834 2109 844 2138 ,
857 2067 944 2142 quasi
955 2083 1005 2124 sn·
1047 2069 1232 2142 Prophetnm.
1247 2091 1262 2125 o
1278 2071 1348 2128 ilinc
1360 2072 1397 2130 de
1409 2089 1445 2130 oo
1457 2077 1486 2129 et
1497 2073 1644 2130 similibus
1656 2075 1697 2132 nit
1711 2075 1817 2133 Paulus
1830 2094 1839 2133 r

210 2154 274 2214 bito
286 2154 410 2213 fulmine
425 2153 484 2212 sint
496 2151 587 2210 afflati
602 2155 629 2208 et
640 2150 826 2223 consumpti,
837 2149 929 2223 liquet
940 2166 1004 2208 om·
1049 2155 1265 2213 «Circuiernut
1284 2155 1315 2211 in
1340 2156 1471 2225 melotis,
1494 2156 1526 2214 in
1545 2157 1675 2229 pellibus
1696 2158 1840 2232 caprinis,

210 2253 263 2300 nes
275 2237 485 2314 pariteriuisse
499 2235 618 2309 impios.
1046 2241 1181 2308 egentes,
1199 2237 1371 2308 angustiati,
1388 2237 1502 2308 afflicti,
1522 2238 1633 2311 quibus
1649 2241 1758 2310 dignus
1778 2258 1840 2302 non

244 2320 422 2396 Respondeo
432 2333 503 2392 ergo
517 2318 666 2376 Abraham
679 2315 757 2376 inira
768 2317 871 2376 decem
880 2332 942 2375 non
954 2317 1004 2376 de·
1046 2322 1109 2377 erat
1128 2319 1259 2377 mundus
1266 2339 1303 2391 ,a
1325 2322 1406 2376 Hetr.
1427 2337 1473 2391 u,
1488 2325 1533 2378 37.
1551 2341 1567 2380 c
1582 2324 1616 2378 iit
1630 2321 1761 2380 dubitari
1777 2339 1840 2384 non

209 2406 368 2475 mendicae,
381 2408 447 2462 tem
457 2401 529 2478 quia
545 2403 669 2472 dixerat,
682 2417 758 2460 vers.
773 2402 913 2475 praced,
926 2402 1004 2462 hanc
1046 2401 1154 2460 debeat
1168 2403 1302 2474 ipsorum
1315 2402 1426 2460 meritis
1439 2405 1538 2461 adhue
1555 2407 1633 2462 stare
1645 2406 1807 2477 mundum,
1822 2427 1838 2461 e

211 2507 295 2550 suam
308 2487 481 2564 petitionem
492 2485 556 2544 lore
569 2485 726 2544 ultimam:
741 2483 904 2542 cumcuim
919 2484 1003 2542 toties
1045 2487 1087 2544 ait
1100 2483 1250 2556 liuffinue,
1265 2483 1348 2542 Proel.
1363 2485 1394 2541 in
1405 2483 1458 2542 lib.
1474 2486 1496 2543 ll
1510 2489 1550 2542 lie
1563 2489 1637 2542 Vitis
1650 2489 1775 2546 Petrum.

210 2573 374 2633 minuendo
391 2569 606 2640 descendisset,
621 2583 685 2627 nou
705 2583 796 2627 ansus
819 2567 875 2624 luit
895 2569 1004 2643 saepius
1081 2570 1127 2626 33.
1146 2573 1281 2635 aerisona
1299 2569 1438 2626 boninus.
1452 2599 1488 2612 -
1499 2571 1578 2626 Unus
1595 2569 1643 2626 hic
1662 2569 1786 2640 angelus
1806 2570 1840 2628 fi·
1853 2581 1959 2632 vaste.

211 2658 446 2726 descenderem
461 2656 521 2713 [teo
534 2657 610 2712 esset
622 2652 821 2726 importunus,
831 2651 935 2726 illique
946 2653 1004 2712 tae·
1046 2651 1110 2710 nito
1122 2651 1274 2726 colloquio
1287 2667 1356 2709 cum
1373 2651 1539 2724 Abraham,
1555 2653 1700 2727 disparuit
1709 2673 1718 2725 ς
1734 2653 1842 2730 reliqui

209 2740 316 2800 tidium
336 2744 388 2800 ent
409 2740 486 2798 irem
499 2741 646 2808 moveret;
659 2742 724 2795 tum
737 2735 810 2814 quie
828 2735 1004 2796 continuos
1046 2750 1118 2810 vero
1130 2736 1193 2794 duo
1205 2740 1396 2814 perrexerunt
1407 2737 1440 2795 in
1452 2737 1629 2810 Sodomam,
1638 2743 1672 2796 ut
1682 2741 1762 2813 patet
1773 2752 1839 2813 cap.

209 2822 406 2900 qudraginta
418 2835 516 2897 usque
535 2820 575 2882 ed
596 2820 699 2880 decem
710 2862 720 2892 ,
733 2835 789 2894 per
800 2819 939 2880 denarios
951 2835 1003 2895 pe·
1045 2834 1123 2896 seq,
1133 2834 1209 2878 vers.
1224 2815 1252 2878 t.

620 3117 825 3228 CAPUT
867 3117 1156 3226 occinuit
1197 3115 1428 3227 NONUM.

822 3333 1027 3398 eruorem
1046 3329 1223 3417 carius.

209 3507 261 3569 int
279 3508 397 3582 boemtio
414 3505 515 3580 eupit
531 3502 656 3576 coaetos,
669 3515 736 3575 qaeoe
750 3499 896 3560 Sodomitis
911 3503 1011 3572 petunt
1027 3499 1067 3557 cd
1084 3498 1169 3555 ecsiae
1185 3495 1349 3565 uerendumr
1363 3496 1427 3552 Mne
1441 3497 1534 3566 ennete·
1549 3497 1689 3554 educentes
1701 3499 1768 3565 bot,
1779 3502 1843 3570 icae

245 3608 347 3666 caleti
358 3607 478 3661 cemani
489 3596 674 3672 Pentapolim,
686 3601 799 3670 eccepto
812 3596 905 3668 Seqor,
919 3597 966 3652 eut
977 3596 1028 3652 dot
1039 3596 1148 3652 aenium
1159 3595 1300 3664 impetret.
1313 3591 1449 3658 Secundo,
1461 3607 1531 3649 une.
1545 3593 1599 3659 26,
1610 3606 1680 3650 uror
1692 3595 1741 3650 Lot
1755 3597 1843 3667 respi-

244 3709 316 3765 ciens
327 3706 391 3776 post
403 3717 445 3773 se,
457 3700 577 3758 eantur
589 3699 621 3752 in
634 3699 755 3752 statuam
768 3694 835 3750 eolis
842 3733 852 3764 ,
866 3693 932 3763 {liic
943 3706 1007 3748 nero
1019 3694 1145 3762 ecpotre
1155 3691 1312 3762 coemptum
1319 3728 1329 3758 ,
1342 3692 1370 3744 et
1382 3691 1499 3759 portant
1511 3689 1591 3746 Moab
1604 3693 1631 3748 et
1643 3690 1768 3748 Ammon.

257 3877 288 3946 l.
308 3875 547 3965 veneruntque
566 3867 634 3940 duo
651 3865 761 3958 angeli
774 3863 951 3935 Sodomam
967 3885 1121 3956 vespere,
1138 3870 1171 3930 el
1188 3860 1319 3930 sedente
1332 3859 1393 3930 Lot
1406 3860 1441 3928 in
1457 3860 1584 3929 foribus
1600 3861 1752 3932 civitatis.
1776 3864 1843 3946 Qui

209 4004 286 4052 cum
298 3980 433 4052 vidisset
444 3999 518 4062 eos,
532 3973 696 4058 surrexit,
711 3979 744 4041 et
756 3971 818 4040 ivit
829 3968 962 4040 obviam
975 3969 1044 4036 cis:
1062 3965 1277 4057 adoravitque
1289 3988 1414 4058 pronus
1426 3964 1462 4033 in
1475 3973 1619 4053 terram,
1639 3967 1672 4036 2.
1688 3976 1721 4038 et
1733 3968 1840 4038 dixit:

208 4087 371 4173 Obsecro,
388 4082 534 4168 domini,
553 4080 713 4149 declinate
725 4077 763 4145 in
775 4076 912 4145 domum
930 4073 1025 4164 pueri
1042 4073 1161 4156 vestri,
1181 4080 1214 4139 et
1235 4078 1361 4138 nranete
1378 4070 1447 4137 ibi:
1468 4068 1575 4141 lavate
1588 4072 1686 4165 pedes
1697 4082 1841 4161 vestros,

210 4202 243 4263 et
255 4215 351 4262 mane
364 4186 616 4283 proficiscemini
630 4185 666 4255 in
678 4183 768 4252 viem
779 4187 933 4250 vestram.
948 4177 1015 4259 Qui
1028 4175 1204 4246 dixerunt:
1220 4173 1369 4258 Minime,
1385 4175 1440 4242 sed
1453 4175 1489 4242 in
1501 4177 1608 4267 platea
1621 4178 1838 4248 manebimus.

210 4299 243 4370 3.
258 4296 426 4389 Compulit
438 4295 514 4363 illos
527 4278 669 4386 oppido,
690 4297 730 4358 ut
747 4287 946 4357 diverterent
958 4284 1000 4353 ad
1013 4305 1091 4353 eum
1105 4308 1113 4348 ι
1134 4279 1354 4372 ingressisque
1367 4280 1504 4348 domum
1517 4281 1628 4368 illius,
1642 4282 1720 4352 fecit
1731 4283 1844 4358 convi-

211 4404 323 4489 vium,
338 4400 471 4471 etcosit
483 4420 619 4491 azyma,
639 4406 673 4465 et
692 4393 914 4464 comederunt.
933 4391 967 4458 ll.
988 4388 1086 4456 Prius
1098 4395 1209 4456 autem
1222 4407 1324 4477 quam
1337 4385 1423 4453 irent
1436 4385 1606 4473 cubitum,
1625 4385 1691 4458 viri
1701 4387 1844 4458 civitatis

210 4509 419 4579 vallaverunt
437 4507 575 4592 domum
594 4525 616 4570 a
634 4522 738 4593 puero
758 4519 863 4588 usque
880 4495 922 4564 ad
939 4515 1072 4577 senem,
1092 4492 1201 4561 omnis
1218 4489 1361 4582 populus
1378 4491 1490 4560 simul.
1514 4491 1547 4559 5.
1566 4491 1843 4585 vocaveruntque

210 4613 292 4700 Lot,
305 4619 339 4681 et
351 4611 508 4680 dixerunt
520 4608 550 4676 ei
565 4635 572 4676 :
591 4607 658 4676 Ubi
671 4612 749 4674 sunt
761 4603 826 4672 viri
839 4601 899 4693 qui
915 4599 1116 4668 introierunt
1128 4596 1170 4664 ad
1185 4606 1216 4664 te
1228 4600 1347 4664 nocte‘l
1367 4596 1451 4664 edne
1463 4596 1539 4666 illos
1552 4595 1638 4682 huc,
1656 4605 1696 4667 ut
1707 4621 1844 4688 cognos-

210 4741 323 4790 camus
335 4739 401 4787 eos.
417 4716 451 4786 6.
467 4714 626 4802 Egressus
640 4712 681 4781 ad
696 4733 751 4779 eos
763 4708 845 4792 Lot,
861 4714 935 4797 post
949 4713 1078 4792 tergum
1093 4702 1266 4771 occludens
1281 4702 1401 4771 ostium
1414 4754 1423 4788 ,
1436 4702 1483 4770 eit
1498 4727 1506 4769 :
1523 4701 1556 4769 7.
1570 4701 1700 4788 Nolite,
1715 4725 1841 4796 quaeso,

209 4824 327 4895 fratres
338 4823 427 4908 mei,
444 4821 547 4889 nolite
560 4819 686 4888 malum
700 4817 763 4884 hoo
774 4815 892 4882 faeere.
913 4811 946 4879 8.
965 4808 1078 4878 Habeo
1091 4808 1173 4876 duas
1186 4807 1292 4893 filias,
1314 4831 1390 4898 quae
1403 4808 1544 4876 necdum
1556 4817 1782 4895 cognoverunt
1794 4809 1844 4878 vi·

209 4953 286 5002 rum
301 4955 310 4997 ε
326 4928 463 4997 educam
476 4947 531 4994 eas
544 4924 679 5008 advos,
694 4928 727 4988 et
739 4914 916 4988 abutimini
929 4917 976 4983 eis
989 4915 1073 4982 sicut
1086 4913 1180 4981 vobis
1193 4913 1372 5004 placuerit,
1388 4913 1567 4980 dummodo
1580 4914 1662 4981 viris
1674 4914 1745 4981 istis
1758 4914 1843 4983 nihil

208 5035 289 5108 mali
301 5034 439 5118 faciatis,
455 5032 536 5124 quia
547 5027 689 5119 ingressi
700 5033 778 5095 sunt
789 5023 851 5092 sub
864 5021 983 5090 umbra
996 5020 1151 5088 culminis
1164 5020 1240 5087 mei.
1257 5019 1290 5086 9.
1306 5019 1350 5087 At
1359 5017 1409 5086 illi
1423 5017 1596 5087 dixerunt:
1611 5017 1735 5088 Recede
1748 5017 1838 5086 illuc.

208 5139 250 5213 Et
262 5162 379 5210 rursus
393 5164 401 5206 :
416 5139 584 5228 ingressus
596 5157 651 5220 es,
673 5130 851 5224 inquiunt,
867 5136 906 5195 ut
918 5128 1065 5214 advenn;
1081 5124 1246 5216 numquid
1258 5133 1297 5192 ut
1305 5124 1456 5216 judicesi
1478 5131 1508 5194 te
1525 5143 1603 5212 ergo
1615 5123 1725 5216 ipsum
1739 5149 1740 5154 ¹

209 5269 310 5338 quam
323 5247 385 5318 hos
397 5245 595 5336 affligemus.
609 5240 755 5329 Vimque
767 5236 930 5310 iaciebant
941 5233 1004 5306 Lot
1016 5231 1300 5304 vehementissime
1311 5255 1320 5297 ε
1331 5230 1468 5320 jamque
1481 5249 1588 5320 prope¹
1597 5236 1667 5298 enat
1680 5236 1732 5296 ue.

371 5408 375 5416 .
391 5373 413 5417 r.
1634 5344 1671 5402 te
