4018 5976
651 251 893 323 coumsrmn
911 251 944 315 tn
962 253 1115 328 uuonan,
1133 269 1196 315 cn.
1215 245 1314 317 xxxii.

461 578 662 686 onem
702 545 1101 688 sarcasmum
1136 574 1483 685 sanonum.

776 811 979 878 stanteis
1004 811 1179 876 cnrlrls.

166 1002 287 1068 Hetroet,
303 999 378 1058 Mors
395 998 514 1065 morato,
527 999 645 1055 utatum
662 961 774 1054 curcum
791 999 907 1066 confiant
924 1000 952 1053 et
969 995 1105 1054 odmomr
1120 996 1182 1054 ittae
1199 998 1271 1054 licus
1285 999 1346 1056 outt
1362 1012 1405 1057 sos
1422 999 1595 1074 disperdisse
1609 1009 1671 1062 orat
1684 1014 1736 1079 pto
1752 1007 1792 1066 ott

201 1099 303 1162 uoco,
318 1111 351 1152 oo
367 1109 436 1152 ocra.
452 1094 504 1158 to,
520 1091 677 1151 (1010011001
695 1093 729 1150 de
746 1097 835 1150 monte
853 1092 962 1151 tabutas
980 1094 1047 1164 thr's
1064 1094 1186 1163 nocuit,
1201 1093 1320 1152 attatum
1338 1095 1483 1165 comburit,
1496 1097 1658 1161 idololatras
1674 1102 1791 1173 oceidit,

199 1193 506 1263 sempersenmper
520 1191 622 1260 populo
639 1193 776 1261 mamus,
791 1188 899 1254 111000,
911 1203 982 1248 cors.
996 1187 1051 1246 32:
1067 1189 1125 1246 Aut
1137 1185 1250 1250 dimitte
1264 1189 1307 1248 eis
1321 1191 1399 1254 hanc
1412 1208 1534 1268 nomm,
1547 1179 1600 1256 aut
1611 1199 1678 1260 dela
1690 1215 1741 1262 me
1750 1200 1790 1261 dc

199 1289 278 1350 libro
289 1291 353 1346 tuo.

212 1484 243 1551 1.
254 1481 379 1552 Videas
390 1483 501 1547 numm
512 1475 655 1568 populns
666 1473 756 1567 quod
773 1496 900 1544 moram
911 1474 1032 1543 iaceret
1042 1474 1259 1547 descendendi
1270 1479 1312 1549 de
1325 1493 1437 1554 monte
1450 1508 1594 1580 moyses,
1613 1515 1791 1588 congrega.

166 1586 389 1657 tusadversus
400 1583 529 1666 Aaron,
544 1580 649 1648 dixit:
673 1580 796 1667 Surge,
815 1580 867 1648 iac
879 1580 975 1650 nobis
987 1579 1082 1666 deos,
1104 1581 1236 1673 quinos
1256 1589 1461 1678 praeccdant3
1482 1593 1588 1688 Moysi
1608 1601 1698 1670 enim
1713 1603 1791 1676 huic

164 1695 252 1776 viro,
264 1689 324 1783 qui
336 1710 397 1758 nos
408 1686 523 1758 eduxit
530 1684 572 1753 de
581 1692 669 1754 terra
680 1683 832 1776 AEgypti,
845 1685 1037 1773 ignoramus
1049 1685 1131 1776 quid
1142 1688 1305 1758 acciderit.
1321 1693 1353 1760 2.
1368 1694 1524 1789 Dixitque
1536 1702 1578 1770 ad
1592 1725 1647 1774 eos
1658 1707 1787 1779 Aaron:

165 1797 286 1867 Tollite
298 1796 431 1864 inaures
442 1812 574 1877 aureas,
595 1790 637 1859 de
654 1812 799 1860 uxorum
817 1790 1031 1882 filiorumque
1043 1798 1077 1860 et
1088 1792 1235 1862 filiarum
1252 1805 1435 1869 vestrarum
1451 1804 1604 1892 auribus,
1626 1818 1660 1879 et
1678 1811 1791 1883 afferte

166 1903 208 1972 ad
220 1923 285 1970 mc.
301 1901 334 1970 3.
348 1898 505 1989 Feeitque
517 1896 660 1989 populus
673 1919 749 1987 quae
758 1895 915 1987 jusserat,
931 1896 1079 1966 deterens
1091 1897 1223 1970 inaures
1235 1902 1277 1970 ad
1290 1905 1413 1976 Aaron.
1428 1908 1462 1976 1.
1477 1909 1567 1990 Quas
1579 1935 1655 1984 oum
1668 1916 1727 1987 iile
1739 1941 1790 1988 ao-

166 2007 317 2099 cepisset,
331 2001 487 2073 formavit
499 2023 596 2094 opere
608 2001 732 2070 fusorio
743 2053 754 2087 ,
767 2008 801 2069 et
812 2002 888 2071 fecit
900 2024 942 2070 ex
952 2001 1000 2072 eis
1011 2002 1156 2074 vitulum
1167 2007 1384 2096 conflatilem,
1399 2010 1640 2110 dixeruntque:
1656 2022 1700 2090 ffi
1713 2032 1791 2094 sunt

167 2107 214 2181 dii
225 2111 277 2180 tui
289 2109 407 2194 Israel,
423 2107 483 2199 qui
497 2115 529 2174 te
541 2107 727 2175 eduxerunt
738 2105 779 2174 de
791 2114 880 2176 terra
891 2107 1041 2200 AEgypti.
1064 2108 1097 2178 5.
1119 2109 1216 2190 Quod
1228 2134 1303 2182 cum
1318 2115 1451 2187 vidisset
1462 2120 1594 2210 Aaron,
1616 2126 1791 2202 edificavit

165 2217 268 2285 altare
280 2235 390 2284 coram
405 2233 461 2297 eo,
479 2219 513 2280 et
529 2212 688 2304 praeconis
699 2235 779 2283 voce
792 2213 963 2300 clamavit,
982 2212 1093 2283 dicens
1106 2239 1116 2283 s
1138 2216 1217 2286 Cras
1232 2219 1421 2291 solemnitas
1432 2222 1565 2296 Domini
1578 2238 1636 2300 est.
1656 2233 1690 2302 6.
1710 2233 1791 2305 Sur·

166 2329 345 2418 gentesque
357 2340 471 2404 mane,
485 2318 678 2387 obtulerunt
690 2316 895 2405 holocausta,
917 2326 951 2388 et
962 2319 1084 2390 hostias
1096 2322 1263 2412 pacificas,
1277 2333 1311 2392 et
1322 2326 1405 2394 sedit
1417 2332 1560 2423 populus
1574 2336 1789 2427 manducare,

166 2432 200 2494 et
211 2425 341 2511 bibere,
357 2431 390 2491 et
401 2431 615 2492 surrexerunt
627 2423 753 2493 ludere.
769 2425 802 2491 7.
818 2423 962 2493 Locutus
974 2431 1022 2492 est
1034 2433 1144 2494 autem
1160 2427 1321 2498 Dominus
1332 2432 1374 2501 ad
1387 2433 1523 2527 Moysen
1536 2438 1647 2510 dicens
1660 2467 1669 2511 ι
1683 2444 1789 2531 Vade,

167 2528 343 2615 desoende;
365 2527 508 2618 peccavit
527 2527 776 2618 populustuus,
797 2550 897 2620 quem
911 2529 1054 2597 eduxisti
1066 2530 1108 2598 de
1119 2539 1207 2600 terra
1218 2533 1368 2626 AEgypti.
1390 2539 1423 2606 8.
1446 2539 1660 2616 Recesserunt
1673 2549 1790 2620 citodo

167 2635 240 2720 vie,
254 2656 356 2726 quam
369 2631 538 2703 ostendisti
550 2633 617 2717 eis;
630 2632 844 2723 feceruntque
856 2631 919 2701 sibi
932 2633 1078 2702 vitulum
1089 2637 1308 2725 conflatilem,
1321 2646 1354 2707 et
1366 2640 1602 2735 adoraverunt,
1617 2659 1717 2743 atque
1728 2654 1791 2724 im-

168 2739 327 2810 molantes
338 2739 370 2807 01
381 2737 521 2822 hostias,
541 2735 720 2805 dixerunt:
739 2737 797 2804 Isti
811 2744 889 2806 sunt
901 2738 949 2806 dii
962 2738 1014 2807 tui
1032 2739 1150 2825 Israel,
1170 2741 1230 2831 qui
1243 2748 1275 2811 te
1287 2742 1473 2816 eduxerunt
1485 2749 1526 2817 de
1538 2759 1626 2823 terra
1638 2756 1787 2850 AEgypti.

168 2847 201 2914 3.
215 2843 429 2934 'itureamque
440 2843 487 2910 ait
499 2840 660 2911 Dominus
672 2841 714 2910 ad
726 2840 881 2932 Moysen:
897 2843 1002 2913 Cerno
1015 2843 1104 2935 quod
1117 2846 1260 2937 populus
1271 2847 1331 2918 iste
1343 2849 1436 2920 durae
1449 2855 1583 2926 cervicis
1595 2859 1655 2946 sit;
1672 2861 1790 2931 1011-

169 2951 261 3020 mittc
283 2972 352 3036 me,
375 2957 414 3018 ut
435 2949 593 3016 irascatur
610 2948 705 3018 iuror
722 2969 815 3017 meus
834 2955 948 3018 contra
962 2969 1035 3035 eos,
1059 2958 1093 3019 et
1113 2948 1240 3022 deleam
1259 2975 1331 3040 eos,
1354 2955 1537 3052 faciamque
1553 2969 1587 3030 te
1603 2964 1640 3033 in
1659 2973 1790 3055 3011011

169 3079 334 3147 magnam.
359 3056 412 3124 11.
428 3055 556 3146 Moyses
574 3060 685 3124 autem
704 3053 1009 3125 orabatDominum
1029 3056 1137 3124 Deum
1155 3079 1271 3145 suum,
1289 3059 1399 3129 dicens
1414 3086 1423 3129 ε
1441 3063 1520 3151 Gur,
1535 3066 1691 3156 Domine,
1710 3072 1792 3140 iras·

169 3164 255 3233 citur
275 3163 368 3232 iuror
381 3169 460 3231 tuns
481 3167 594 3229 contra
614 3159 776 3251 populum
795 3168 910 3246 tuum,
935 3181 1035 3252 (10011
1055 3160 1197 3230 eduxisti
1210 3165 1250 3234 de
1270 3171 1357 3237 terra
1377 3165 1534 3261 AEgypti,
1548 3171 1791 3246 infortitudine

170 3289 306 3357 magna,
324 3274 357 3335 et
375 3266 411 3334 in
429 3286 530 3334 manu
543 3265 700 3333 robusta?
722 3265 775 3332 12.
794 3261 863 3352 Ne,
876 3277 989 3357 quaeso
995 3317 1006 3351 ,
1020 3265 1131 3335 dicant
1141 3266 1292 3360 AEgyptii
1308 3293 1316 3336 ε
1339 3270 1464 3341 Callida
1473 3273 1590 3354 ¹eduxit
1602 3298 1676 3365 eos,
1690 3289 1731 3349 ut
1740 3281 1793 3349 in·

170 3374 330 3442 tertineret
342 3372 378 3440 in
390 3371 575 3456 montibus,
589 3378 622 3438 et
634 3368 757 3440 deleret
768 3393 787 3439 0
798 3377 906 3456 terra3
921 3369 1067 3462 quiescat
1078 3373 1130 3440 ira
1141 3382 1212 3459 tua,
1226 3380 1259 3442 et
1271 3382 1339 3444 esto
1352 3376 1521 3467 placabilis
1532 3403 1632 3473 super
1643 3386 1793 3476 nequitia

170 3477 285 3572 populi
297 3477 358 3545 tui.
381 3477 435 3546 13.
451 3474 632 3545 Recordare
649 3476 833 3561 Abraham,
856 3475 963 3561 isaac,
983 3485 1016 3544 et
1033 3476 1152 3562 Israel,
1173 3499 1343 3548 servorum
1362 3487 1515 3571 tuorum,
1535 3486 1659 3577 quibus
1672 3488 1792 3579 jurasti

171 3605 230 3678 per
241 3580 466 3674 temetipsum,
481 3581 591 3649 dicens
606 3605 614 3647 :
635 3579 860 3670 Multiplieaho
873 3601 984 3650 semen
996 3589 1143 3650 vestrum
1156 3583 1240 3651 sicut
1251 3584 1360 3653 stellas
1372 3586 1468 3674 ooeli3
1483 3596 1516 3657 et
1527 3591 1716 3664 universam
1729 3602 1793 3662 ter·

171 3711 243 3762 rom
255 3689 357 3774 hane,
378 3688 419 3756 de
432 3709 499 3778 qua
510 3688 640 3756 locutus
653 3707 744 3771 sum,
762 3683 847 3755 dabo
859 3685 976 3754 semini
989 3692 1113 3772 vestro,
1131 3697 1165 3756 et
1180 3688 1384 3778 possidebitis
1397 3715 1470 3760 eam
1482 3714 1621 3786 semper.
1645 3696 1698 3767 11.
1718 3698 1794 3770 Pin-

171 3804 327 3886 oatrtsque
345 3800 393 3862 est
412 3792 574 3860 Dominus
594 3814 636 3859 ne
656 3791 775 3860 taceret
793 3790 917 3860 malum
937 3790 1028 3881 quod
1045 3791 1176 3861 locutus
1194 3793 1302 3862 fuerat
1319 3796 1476 3865 adversus
1496 3800 1658 3889 populum
1680 3825 1790 3872 suum.

174 3901 228 3970 15.
243 3899 285 3968 Et
294 3919 444 3967 reversus
457 3906 506 3963 est
517 3897 645 3986 Moyses
656 3895 697 3964 de
710 3902 838 3980 monte,
858 3903 991 3984 portans
1009 3895 1092 3962 duas
1104 3895 1232 3964 tabulas
1245 3899 1422 3967 testimonii
1434 3900 1472 3966 in
1485 3923 1587 3970 manu
1598 3926 1675 3992 sua,
1694 3907 1795 3999 scrip·

173 4013 223 4075 tas
235 4027 276 4075 ex
288 4011 430 4092 utraque
442 4006 548 4091 parte,
566 3999 618 4067 16.
637 4007 670 4067 01
682 3997 781 4067 iactas
794 4019 890 4089 opere
902 3998 962 4064 Dei
975 4021 983 4064 :
998 3998 1160 4088 scriptura
1172 4020 1304 4089 quoque
1317 4000 1377 4068 Dei
1391 4009 1460 4069 erat
1473 4005 1598 4095 sculpta
1610 4007 1646 4075 in
1658 4009 1791 4079 tabulis.

175 4110 230 4180 17.
242 4107 391 4178 Audiens
402 4113 512 4174 autem
524 4103 623 4174 iosue
636 4103 818 4172 tumultum
835 4101 949 4192 populi
966 4101 1192 4187 vociferantis,
1211 4102 1295 4171 dixit
1307 4103 1349 4171 ad
1360 4103 1520 4194 Moysen:
1539 4109 1695 4180 Ululatus
1711 4137 1795 4204 pug-

174 4237 227 4286 noe
240 4215 375 4283 auditur
386 4211 423 4278 in
435 4209 559 4278 castris.
576 4210 629 4277 18.
644 4208 711 4289 Qui
723 4207 907 4298 respondit:
922 4205 997 4276 Non
1008 4215 1055 4275 est
1065 4206 1189 4274 elamor
1201 4207 1446 4277 adhortantium
1458 4210 1500 4279 ad
1512 4233 1672 4303 pugnam,
1686 4239 1795 4309 neque

175 4319 362 4391 vociferatio
374 4315 641 4406 compellentium
655 4313 697 4382 ad
709 4313 845 4402 iugam3
866 4311 921 4379 sed
938 4333 1050 4381 vocem
1066 4311 1269 4381 cantantium
1283 4335 1343 4400 ego
1360 4315 1470 4384 audio.
1496 4317 1549 4385 19.
1572 4317 1721 4411 Cumque
1739 4345 1796 4414 ap-

175 4426 424 4520 propinquasset
435 4420 478 4489 ad
490 4427 593 4489 castra
601 4471 611 4505 ,
625 4418 709 4487 vidit
719 4419 880 4502 vitulum,
896 4425 928 4485 et
941 4417 1055 4486 choros
1066 4442 1075 4502 3
1088 4416 1258 4508 iratusque
1268 4417 1379 4504 valde,
1395 4420 1531 4511 projecit
1539 4421 1579 4491 de
1588 4445 1691 4492 manu
1702 4425 1797 4495 tabu·

177 4531 242 4617 las,
261 4538 294 4598 et
310 4527 470 4614 confregit
486 4547 540 4593 eas
551 4524 593 4593 ad
608 4523 748 4592 radicem
768 4522 888 4592 montis
904 4547 912 4591 ε
933 4523 988 4591 20.
1009 4521 1234 4613 arripiensque
1250 4523 1396 4593 vitulum
1412 4549 1513 4616 quem
1529 4527 1690 4616 fecerant,
1709 4554 1797 4602 oom-

177 4635 299 4720 bussit,
311 4643 343 4702 et
354 4630 508 4702 contrivit
520 4650 624 4719 usque
637 4627 679 4697 ad
691 4629 878 4718 pulverem,
893 4650 993 4718 quem
1005 4627 1123 4718 sparsit
1135 4627 1170 4693 in
1184 4650 1323 4718 aquam,
1340 4637 1372 4696 et
1384 4628 1474 4698 dedit
1486 4653 1527 4698 ex
1539 4654 1578 4700 eo
1590 4641 1706 4724 potum
1718 4636 1797 4702 filiis

178 4739 358 4810 11100121.
373 4736 529 4826 Dixitque
541 4732 582 4802 ad
597 4735 708 4802 Aaron
724 4757 732 4800 ε
753 4732 842 4813 Quid
855 4733 915 4799 tibi
927 4732 1004 4801 iecit
1016 4733 1069 4800 hio
1081 4733 1240 4822 populus,
1255 4741 1294 4800 ut
1306 4734 1475 4802 induceres
1487 4757 1586 4826 super
1598 4758 1675 4804 eum
1688 4759 1798 4828 pecca·
1934 4805 1937 4810 Δ

178 4852 252 4915 tum
272 4841 479 4913 maximum?
506 4839 560 4906 22.
583 4837 645 4907 Cui
665 4837 723 4905 ille
743 4836 932 4928 respondit:
957 4837 1006 4906 Ne
1025 4837 1215 4924 indignetur
1236 4837 1390 4907 dominus
1411 4861 1523 4924 meus;
1549 4847 1585 4908 tu
1604 4841 1694 4909 enim
1713 4841 1799 4912 nosti

176 4951 340 5043 ,populum
353 4949 469 5031 istum,
490 4943 579 5036 quod
593 4964 716 5034 pronus
728 4942 770 5011 sit
783 4942 825 5011 ad
837 4943 974 5012 malum.
994 4943 1050 5012 23.
1070 4942 1231 5012 Dixerunt
1243 4943 1349 5010 mihi:
1370 4942 1435 5010 Fac
1447 4943 1542 5012 nobis
1555 4944 1647 5033 deos,
1666 4946 1800 5037 quinos
1916 4962 1932 5026 -ς

178 5054 381 5148 praecedant3
402 5051 480 5122 huic
492 5050 579 5118 enim
593 5047 717 5140 Moysi,
736 5048 795 5139 qui
813 5071 873 5116 nos
886 5049 1000 5117 eduxit
1017 5048 1058 5117 de
1074 5047 1327 5138 terraAEgypti,
1351 5048 1513 5116 nescimus
1531 5048 1613 5140 quid
1633 5052 1797 5122 aomderit.

181 5160 236 5230 tt.
251 5158 379 5242 Quibus
391 5178 452 5246 ego
463 5154 533 5225 dixi
549 5177 558 5220 r
578 5153 659 5235 Quis
671 5160 817 5222 vestrum
835 5153 932 5223 habet
944 5157 1089 5224 amum?
1102 5153 1280 5237 Tulerunt,
1296 5158 1329 5219 et
1340 5149 1501 5222 dederunt
1513 5154 1617 5243 mihi;
1631 5163 1664 5227 et
1676 5155 1799 5246 projeci

180 5265 266 5342 illud
278 5265 454 5353 inignem,
472 5279 684 5352 egressusque
704 5265 752 5333 est
765 5257 818 5328 hio
831 5257 968 5334 vitulus.
991 5261 1046 5333 25.
1057 5260 1182 5334 Videas
1199 5282 1277 5348 ergo
1294 5255 1422 5348 Moyses
1439 5257 1602 5351 papirium
1613 5259 1705 5355 quqd
1716 5265 1799 5340 esset
1897 5365 1899 5370 ,

359 5387 382 5434 t.
1589 5375 1625 5432 16
