4118 6042
698 327 941 390 dommulum
958 331 992 388 rt
1009 329 1166 400 exordii,
1183 343 1248 388 cnr.
1266 330 1334 388 xvi.
1780 329 1835 394 bid

194 435 264 494 enh
277 433 360 492 solus
372 445 429 508 pro
442 433 485 492 cls
497 435 574 492 bens
590 437 752 508 pugnasset
769 437 872 492 conae
884 437 994 528 AEyyp·
1036 435 1129 494 ment.
1141 435 1310 498 Duodecim,
1320 430 1743 506 omnesdemannaaqualem
1750 447 1834 492 men·
1846 441 1951 488 nunec-

194 517 269 589 tios3
283 520 472 592 pugnarunt,
490 515 629 592 inquam,
650 523 679 576 et
693 518 827 574 vicerunt
842 533 851 574 ι
866 517 908 574 sic
927 518 994 576 vita
1037 532 1155 588 suram,
1176 517 1318 575 nimirum
1338 531 1446 588 gomor
1461 532 1556 574 unum
1575 515 1754 586 colligebant
1768 535 1776 572 ι
1791 517 1833 575 sic
1846 513 1889 546 ¹⁰¹·

196 601 321 660 coelestis
340 601 553 674 impedimenta
576 604 604 658 et
624 601 814 672 tentationes,
838 618 913 677 quas
931 617 994 660 non
1036 603 1133 658 totum
1147 600 1294 658 Christum
1307 599 1751 673 aequaliteromnesrecipiunt,
1766 597 1834 656 etsi

195 685 253 743 nisi
267 684 458 751 solidioribus
471 684 561 757 objici
571 685 683 760 petitur
697 687 789 756 Deus,
807 684 994 744 Eucharistiae
1037 684 1164 758 species,
1177 683 1238 741 sive
1251 683 1348 740 hostia
1362 683 1458 754 major
1471 683 1522 753 sit,
1537 687 1589 741 aut
1602 682 1710 740 minor.
1722 685 1764 740 lte
1775 685 1832 740 Ru-

194 767 303 827 virtute
316 773 502 842 superantur.
518 770 614 837 Quare
625 769 654 826 S.
665 768 842 840 bernardus,
853 784 941 826 serm.
954 773 994 827 De
1035 772 1147 840 pertus.
1163 769 1381 838 decimotertio,
1396 782 1447 823 sex
1462 766 1568 823 diebus
1582 769 1698 824 tantum
1711 765 1833 839 collige·
1854 776 1953 848 mom·

195 853 331 925 baptismo
344 853 375 910 in
388 867 471 909 coena
486 852 601 910 Domini
609 851 724 924 habito,
736 854 776 911 ait
792 871 801 912 r
820 857 905 910 «buo
917 854 993 911 illud
1035 851 1124 909 hatur
1137 851 1169 908 in
1182 852 1296 910 deserto
1310 865 1420 906 manna
1431 867 1439 904 :
1450 849 1491 906 sic
1504 849 1536 906 in
1547 847 1673 907 sabbato
1687 850 1833 910 aeternita-
1845 839 1917 881 *Μ’

121 969 126 977 ·
194 936 415 994 Sacramentum
434 939 573 1009 operatur
592 937 624 994 in
644 936 747 1008 nohis,
768 943 802 995 ut
815 937 951 996 videlicet
965 940 995 995 et
1035 934 1072 992 tis
1085 941 1113 992 et
1130 935 1162 993 in
1180 938 1258 992 terra
1277 933 1483 1007 promissionis
1500 933 1638 990 velamen
1656 934 1835 1001 sacramenti

195 1033 317 1076 sensum
325 1018 439 1075 minuat
453 1019 671 1090 inruiuimis,et
682 1020 713 1077 in
725 1021 911 1092 gravioribus
923 1037 994 1096 pec·
1036 1017 1175 1089 cessabit,
1196 1018 1370 1092 Christoque
1391 1017 1465 1074 facie
1484 1015 1643 1074 adfaciem
1665 1017 1697 1074 in
1714 1033 1832 1076 summa

193 1103 266 1162 cetis
277 1102 362 1159 tollat
380 1102 503 1161 omnino
521 1118 709 1162 consensum.
728 1104 757 1161 si
774 1105 841 1178 quis
858 1110 991 1162 vestrum
1035 1102 1343 1177 quieteperiruemur.
1358 1104 1591 1172 decimoquarto,
1609 1101 1671 1156 sole
1687 1101 1831 1175 liquesce·
1853 1109 1950 1155 ιιωιωι-

192 1199 256 1242 ιιοιι
267 1187 340 1255 mm,
354 1199 432 1257 sape
446 1186 549 1256 modo,
562 1202 624 1243 non
633 1190 695 1243 tam
706 1189 830 1246 acerbos
841 1190 927 1245 sentit
936 1189 992 1246 ira·
1033 1187 1086 1244 bat
1100 1202 1231 1246 manna:
1247 1187 1288 1243 sic
1297 1186 1434 1242 resolutis
1446 1185 1544 1243 calore
1553 1183 1718 1256 speciebus,
1729 1185 1831 1242 Secre-
1845 1175 1931 1225 qoam.

192 1267 310 1326 candias
324 1267 991 1344 motus,invidias,luxurioe,etc.,gratiasagat
1036 1275 1168 1328 mentum
1187 1270 1367 1329 dissolvitur.
1386 1270 1516 1342 lienique
1527 1271 1555 1326 S.
1572 1268 1830 1339 Ambrosius,ser-
1870 1275 1948 1322 naon.

193 1351 311 1426 corpori
325 1355 354 1408 et
367 1350 505 1422 sanguini
517 1352 649 1424 Domini,
671 1356 815 1428 quoniam
833 1357 925 1412 virtus
940 1357 990 1413 Sa·
1034 1370 1110 1412 mooe
1123 1357 1151 1424 3,
1165 1369 1219 1428 per
1231 1369 1342 1410 manna
1354 1342 1439 1426 putat
1452 1351 1609 1422 figuratam
1622 1349 1712 1408 inisse
1726 1354 1757 1408 B.
1770 1352 1832 1408 Vir·
1843 1342 1876 1410 “i
1923 1339 1948 1382 Β·

193 1435 335 1491 crementi
348 1438 490 1508 operatur
500 1435 532 1494 in
545 1451 593 1494 eo.
605 1455 621 1490 o
635 1439 669 1494 at
682 1439 710 1494 S.
729 1439 872 1512 cyrillus,
886 1438 940 1496 lib.
957 1440 989 1494 lv
1033 1436 1133 1507 ginam
1151 1455 1160 1493 ι
1176 1436 1239 1493 hac
1254 1441 1297 1494 est
1312 1436 1392 1493 enim
1413 1440 1506 1492 meter
1521 1433 1745 1506 misericordia,
1758 1435 1830 1506 uita,
1846 1399 1918 1524 W?

191 1519 224 1574 ia
235 1520 334 1576 Jonas.
346 1533 413 1590 cap.
429 1533 509 1575 xvir:
528 1519 747 1591 «Eucharistia,
765 1521 877 1595 inquit,
896 1522 989 1593 sedat,
1034 1519 1173 1589 dulcedo,
1186 1525 1215 1577 et
1228 1535 1296 1594 spes
1311 1523 1423 1577 nostra.
1965 1581 1974 1595 ,

192 1617 261 1658 cnm
275 1602 306 1659 iu
319 1601 405 1660 nobis
419 1606 537 1660 maneat
549 1603 690 1674 Christus,
705 1605 872 1681 sevientem
898 1621 990 1661 mem·
1068 1599 1830 1676 Tropologicc,mannasignificatconsolationesspi·
1857 1610 1934 1654 daona

191 1686 318 1743 brorum
331 1689 502 1744 nostrorum
518 1687 631 1758 legem,
648 1689 786 1760 pietatem
801 1686 989 1759 corroboret,
1032 1685 1152 1743 rituales
1167 1687 1367 1758 dulcissimas,
1386 1703 1454 1761 quae
1468 1685 1670 1760 percipiuntur
1683 1685 1715 1741 in
1729 1701 1829 1743 rerum
1843 1677 1949 1776 εξοῗξξξζ

192 1769 428 1843 perturbationes
438 1771 528 1828 animi
535 1766 689 1842 extinguit,
699 1788 752 1828 nec
761 1771 793 1827 in
803 1772 913 1844 quibus
923 1788 990 1845 pec·
1033 1769 1195 1826 coelestium
1212 1770 1480 1843 contemplatione,
1502 1773 1532 1826 et
1548 1769 1579 1825 in
1596 1769 1718 1826 victoria
1736 1747 1948 1850 tenta-m.„¹1„r.

196 1853 267 1910 catis
281 1853 374 1909 simus
389 1853 570 1923 considerat,
590 1855 642 1912 sed
655 1858 782 1926 aegrotos
797 1859 890 1925 curat,
905 1855 989 1913 colli·
1032 1851 1148 1908 tionum
1164 1859 1192 1908 et
1203 1854 1524 1926 concupiscentiarum,
1544 1853 1582 1909 de
1599 1851 1711 1926 quibus
1723 1851 1830 1910 dicitur
1862 1854 1925 1900 eno.

192 1953 243 1994 sos
254 1935 450 2008 redintegrat,
474 1940 502 1993 et
519 1936 594 1993 sicut
613 1942 715 2012 pastor
729 1938 845 2008 bonus,
861 1939 914 2012 qni
928 1939 990 1995 ani·
1032 1938 1134 1992 Pselm.
1144 1952 1212 2008 xxx,
1224 1953 1300 1994 vers.
1315 1939 1351 1995 do
1365 1955 1372 1994 ι
1399 1939 1515 2007 chem
1533 1952 1644 2008 magna
1666 1937 1827 1996 multitudo

192 2035 274 2078 mam
289 2035 375 2078 suam
385 2035 441 2092 pro
451 2019 558 2076 oribus
566 2021 683 2093 posuit,
696 2022 732 2077 ab
746 2021 829 2078 omni
840 2037 895 2078 nos
906 2021 991 2093 erigit
1033 2018 1198 2078 dulcedinis
1220 2022 1294 2092 tuae,
1317 2021 1456 2091 Domine,
1475 2036 1567 2095 quam
1591 2019 1772 2076 abscondisti
1791 2023 1829 2078 ti-

168 2142 175 2160 .
193 2120 300 2162 casu.»
316 2104 449 2176 Septimo,
466 2118 575 2162 manne
589 2104 677 2176 panis
694 2108 756 2162 eret
771 2103 886 2180 absque
902 2104 990 2162 semi·
1031 2102 1182 2160 mentibus
1196 2106 1224 2160 te
1234 2105 1267 2159 to
1284 2106 1312 2162 et
1326 2105 1440 2177 Apoccl.
1453 2120 1519 2178 cap.
1531 2119 1564 2174 rr,
1574 2118 1652 2161 vers.
1665 2106 1700 2160 ιι
1715 2120 1723 2160 :
1741 2103 1829 2160 ovin-

192 2205 241 2260 ne,
254 2187 370 2261 absque
383 2187 529 2257 aratione,
544 2191 595 2244 aut
608 2188 668 2245 alio
682 2189 815 2246 humano
828 2206 933 2263 opere,
948 2189 988 2246 ab
1030 2186 1107 2244 centi
1120 2185 1201 2244 dabo
1215 2203 1326 2245 manna
1340 2188 1583 2245 absconditum.»
1606 2190 1655 2243 list
1672 2187 1751 2243 enim
1764 2187 1828 2244 haeo

192 2273 305 2344 angelis
317 2272 412 2332 iactus
428 2289 436 2328 c
450 2271 492 2328 sio
505 2271 610 2328 Christi
623 2288 732 2345 corpus
741 2274 852 2330 exsola
862 2273 987 2345 Virgine,
1032 2271 1195 2327 consolatio
1209 2271 1389 2344 praeludium
1400 2276 1428 2329 et
1436 2272 1601 2345 praegnatus
1612 2269 1737 2343 quidam
1747 2275 1829 2330 ceter-

191 2358 220 2414 et
234 2356 358 2430 Spiritus
372 2355 467 2414 Sancti
483 2356 674 2427 irroratione,
687 2361 791 2415 natum
807 2359 861 2414 est.
877 2357 984 2422 Octavo,
1031 2370 1077 2412 nae
1091 2355 1292 2413 beatitudinis.
1309 2360 1368 2414 lico
1388 2373 1500 2414 manna
1518 2371 1581 2414 non
1595 2356 1682 2414 detur
1699 2357 1756 2413 nisi
1776 2373 1829 2416 ex-

191 2455 302 2498 manna
313 2439 439 2497 llehraeis
448 2456 569 2497 omnem
583 2439 696 2513 saporis
705 2441 875 2497 varietatem
886 2439 986 2496 debet.
1031 2437 1111 2493 eunti
1124 2453 1162 2495 ex
1171 2441 1309 2512 AEgypto,
1319 2443 1346 2495 et
1360 2437 1434 2496 ollas
1449 2439 1584 2496 carnium
1594 2439 1783 2512 relinquenti,
1794 2457 1828 2498 ac

191 2519 272 2576 Unda
290 2519 418 2591 sapient.
431 2534 494 2586 rvr,
510 2519 617 2576 dicitnr
631 2519 668 2575 dc
686 2535 797 2576 manna
813 2537 820 2575 :
839 2518 987 2589 adagelo·
1030 2521 1237 2579 vincentianas
1248 2522 1499 2597 concupiscentias
1510 2539 1518 2578 ι
1528 2522 1656 2579 vincenti
1665 2524 1748 2580 'enim
1757 2539 1829 2598 pro-

189 2617 259 2660 rum
272 2619 340 2661 esca
352 2603 498 2662 nutrivisti
515 2602 664 2676 populum
680 2605 764 2659 tunm
771 2622 781 2674 3
804 2606 832 2659 et
849 2606 987 2675 paratum
1030 2605 1155 2663 mittitur
1167 2621 1185 2663 a
1199 2607 1227 2664 S.
1241 2609 1368 2677 loanne,
1388 2608 1416 2663 et
1435 2604 1580 2662 admisto
1594 2605 1731 2663 Domino.
1745 2607 1828 2666 Unde

189 2703 300 2762 panem
314 2687 352 2746 de
364 2686 440 2745 coelo
448 2686 605 2760 praestitisti
619 2686 678 2743 illis
691 2688 754 2744 sine
768 2686 883 2756 labore,
898 2701 987 2743 omne
1030 2689 1105 2746 solet
1121 2692 1265 2747 secuturas
1286 2688 1496 2746 consolationis
1515 2687 1637 2746 anano
1658 2689 1828 2762 precedens

190 2770 437 2830 mouumentum
450 2771 483 2826 in
496 2785 528 2828 se
542 2769 713 2840 habentem,
727 2773 755 2827 et
767 2785 888 2827 omnem
901 2785 988 2842 sepo·
1031 2787 1093 2829 esse
1111 2772 1230 2844 signum
1251 2791 1260 2830 :
1279 2788 1350 2832 nam
1370 2772 1530 2830 tentatione
1548 2771 1682 2847 probatis
1704 2772 1827 2830 ccelesiis

80 2865 178 2912 caram
189 2854 231 2914 ris
242 2855 418 2914 suavitatem
430 2873 461 2912 :a
477 2855 518 2912 ita
529 2859 559 2912 et
577 2855 707 2914 Christus
725 2853 858 2928 parvulis
872 2857 916 2912 est
929 2855 986 2925 lac,
1030 2855 1209 2927 promittitur
1223 2857 1397 2915 consolatio.
1412 2856 1598 2930 Experientia
1609 2858 1723 2913 constat
1736 2857 1828 2913 nemi·

77 2927 173 2984 pnsum
189 2937 352 2998 infantibus
368 2939 449 3010 olus,
466 2937 602 3012 perfectis
615 2937 730 2996 sohdns
743 2935 827 2995 cibus
835 2979 845 3008 ,
860 2937 901 2994 ait
917 2939 987 3009 Nys-
1030 2954 1100 2995 nem
1115 2937 1232 2996 heroice
1252 2939 1369 2996 vincere
1382 2938 1515 3012 aliquam
1529 2937 1731 3010 tentationem,
1745 2939 1828 2996 infir-

73 2991 177 3095 32¹¹,ss
189 3037 288 3080 senus.
310 3025 344 3078 lli
362 3021 391 3079 S.
409 3005 587 3094 Cyprianus,
603 3024 686 3080 tract.
701 3023 741 3078 llo
756 3020 836 3078 duco
849 3022 963 3078 Domini
977 3040 987 3077 .·
1031 3023 1173 3095 mitatem,
1188 3027 1392 3097 contemptum
1405 3023 1467 3092 sni,
1479 3023 1760 3096 concupiscentiam,
1774 3039 1827 3082 cu-

74 3110 131 3156 ncos
145 3104 649 3180 os«flio,inq1nt,penisomnium
666 3105 831 3164 carnalium
845 3119 987 3177 saporum
1030 3106 1203 3178 riositatem,
1215 3107 1368 3177 morbum,
1381 3106 1513 3178 taedium,
1522 3105 1671 3180 etc.‚quin
1681 3122 1828 3166 mersen·

92 3171 158 3218 ὼ*
188 3189 381 3260 irritamenta,
388 3193 417 3246 et
424 3189 559 3249 omnium
565 3192 724 3263 exsuperat
730 3187 925 3246 dulcedinum
933 3204 987 3247 ro·
1029 3189 1083 3246 tiat
1095 3189 1203 3249 miram
1220 3190 1312 3248 animi
1328 3191 1510 3262 voluptatem
1528 3192 1556 3246 et
1567 3189 1727 3262 gaudium,
1742 3192 1827 3265 quod

189 3274 326 3347 luptates.
339 3273 413 3332 Vide
426 3274 583 3348 monsedo
596 3273 654 3344 nis,
669 3272 723 3347 qui
736 3271 841 3332 Christi
858 3288 988 3330 comme·
1030 3273 1119 3346 longe
1133 3272 1277 3332 tristitiem
1295 3273 1461 3344 adversam,
1476 3289 1562 3348 aque
1575 3289 1609 3332 ac
1622 3273 1743 3332 delicias
1756 3291 1827 3334 con-

189 3361 307 3416 morant
325 3355 494 3433 passionem
511 3357 589 3415 intra
606 3353 807 3427 secraoffioia,
830 3356 917 3430 qnasi
933 3373 988 3430 per
1031 3358 1216 3432 cupiscentiss
1230 3362 1359 3432 superat.
1379 3355 1553 3430 Experiatur
1566 3357 1694 3431 quisque
1705 3359 1737 3415 in
1749 3360 1827 3434 scip·

188 3443 338 3517 quosdam
357 3442 474 3500 canales
496 3442 534 3499 de
550 3441 741 3499 interioribus
760 3440 894 3498 lontibus
906 3456 987 3512 egre·
1031 3459 1075 3514 so,
1090 3442 1230 3500 etsentiet
1241 3442 1282 3498 ite
1295 3458 1368 3500 esse.

189 3527 477 3597 dianturtorrentes,
494 3528 523 3583 et
536 3541 625 3600 super
639 3539 743 3583 omnes
760 3524 879 3581 delicias
892 3525 987 3598 lacry-
1015 3532 1019 3538 '
1066 3529 1107 3582 lta
1120 3529 1147 3584 S.
1164 3527 1308 3597 loannes,
1322 3524 1376 3600 qui
1394 3525 1560 3584 Theodosio
1577 3527 1747 3601 imperatori
1766 3529 1827 3586 vic-

188 3609 246 3668 mis
258 3610 399 3668 nectareis
416 3610 517 3668 amma
535 3610 707 3681 delectetur3
723 3611 868 3684 quantam
887 3610 987 3667 suari·
1030 3611 1136 3669 loriam
1150 3614 1253 3668 contra
1265 3613 1408 3684 tyrannos
1416 3608 1565 3683 predixit,
1572 3611 1671 3683 seipso
1680 3611 1827 3686 abnegato

188 3697 278 3752 tatem
291 3693 398 3752 aninrae
408 3693 569 3768 inquirenti
582 3693 636 3752 ubi
652 3693 690 3750 sit
703 3696 778 3750 Deus
792 3709 879 3763 suus,
892 3693 986 3766 suspi-
1030 3699 1058 3753 et
1073 3695 1118 3753 sui
1132 3694 1243 3752 oblitus
1250 3737 1261 3766 ,
1275 3694 1460 3752 scrutabatur
1477 3693 1620 3766 coelestia,
1637 3695 1690 3752 um
1709 3697 1767 3754 Deo
1781 3713 1828 3755 as-

188 3777 234 3836 ria
246 3777 503 3852 contemplationis
517 3779 669 3836 eliciant.»
686 3777 767 3835 Unde
783 3778 928 3851 seqnitur,
942 3778 986 3834 in·
1031 3780 1147 3849 sistens,
1169 3794 1237 3835 cum
1249 3794 1285 3834 eo
1300 3793 1439 3847 versans,
1457 3794 1586 3851 eumque
1602 3777 1729 3835 assiduis
1739 3779 1826 3854 hym-

189 3858 270 3932 quit,
295 3863 351 3916 eut
369 3861 508 3933 deinceps
526 3865 719 3934 peccatorum
731 3861 844 3934 pocula
857 3862 985 3930 horreat,
1030 3863 1077 3919 nis
1097 3862 1260 3930 celebrans,
1280 3865 1313 3916 ut
1334 3861 1365 3916 in
1386 3861 1461 3916 coelo
1484 3877 1547 3917 esse
1569 3862 1728 3920 videretur.
1745 3865 1826 3922 Unde

190 3945 218 3998 et
230 3941 328 3998 omnis
341 3958 430 4017 sapor
442 3943 724 4002 delectamentorum
733 3945 897 4002 carnalium
910 3945 947 4000 sit
960 3945 987 4002 ei
1031 3946 1093 4018 ipse
1112 3946 1149 4000 de
1167 3961 1197 4001 se
1215 3945 1342 4016 loquens
1355 3943 1438 4016 apud
1453 3943 1617 4000 Palladium
1633 3945 1664 4002 in
1682 3949 1826 4016 becciaco,

189 4024 275 4099 quasi
288 4024 457 4096 rancidum,
469 4026 638 4097 radensque
652 4027 787 4099 palatum
802 4031 894 4082 acuta
908 4042 988 4083 mor·
1032 4043 1098 4099 cup.
1111 4043 1176 4084 xnvr
1192 4045 1198 4083 :
1217 4026 1328 4095 «Novi,
1343 4026 1452 4098 inquit,
1472 4041 1527 4096 ego
1544 4026 1697 4086 hominem
1712 4031 1744 4100 ip
1757 4032 1828 4089 soli·

171 4108 324 4184 ‚dacitatis
335 4110 483 4166 acetum.»
508 4108 579 4166 lnde
597 4111 731 4184 sequitur
751 4109 857 4165 mentis
874 4107 987 4179 jubilus
1032 4111 1145 4179 tudine,
1159 4109 1212 4183 qni
1227 4110 1329 4166 decem
1341 4125 1435 4166 annos
1449 4108 1508 4166 cibi
1521 4111 1628 4166 terreni
1641 4113 1716 4169 nihil
1729 4118 1828 4186 gusta-

189 4195 218 4250 et
231 4191 366 4263 ebrietas,
383 4190 608 4263 outchristum,
622 4191 987 4267 inquit,ierntiupectore‚
1032 4195 1083 4264 vit,
1106 4194 1159 4250 sed
1178 4198 1206 4250 ct
1226 4193 1349 4264 angelus
1371 4193 1455 4249 tertio
1476 4209 1598 4266 quoque
1617 4193 1665 4251 dis
1680 4197 1827 4255 coelestem

189 4276 289 4349 ipsum
301 4279 384 4348 geret
400 4275 432 4333 in
448 4279 563 4346 mente,
579 4280 609 4333 et
623 4277 705 4334 omni
724 4281 857 4349 tempore
874 4276 988 4334 habita·
1032 4278 1132 4335 cibum
1151 4277 1190 4334 ad
1207 4292 1276 4333 enm
1294 4275 1434 4332 afferebat
1452 4276 1499 4348 (en
1516 4277 1653 4348 manna),
1663 4283 1691 4335 et
1708 4281 1735 4336 ei
1747 4281 1778 4336 in
1792 4299 1828 4340 os

189 4357 245 4416 tori
257 4373 313 4416 suo
324 4359 403 4418 dicta
416 4362 444 4416 et
456 4358 534 4418 fecta
543 4358 721 4431 iubilatione
738 4375 871 4418 consona
884 4360 988 4417 laudes
1032 4359 1206 4431 injiciebat:
1226 4359 1310 4432 isque
1332 4364 1394 4416 erat
1414 4359 1441 4416 ei
1463 4360 1555 4416 instar
1575 4358 1634 4417 cibi
1657 4365 1825 4436 adpotus.»

189 4444 346 4514 resonent,
368 4447 397 4500 at
410 4443 571 4514 gratimum
591 4443 721 4501 actiones
737 4444 901 4500 decantent.
924 4445 989 4501 llaec
1033 4447 1160 4502 Rursum
1174 4443 1323 4500 Palladius
1335 4442 1372 4500 de
1386 4443 1827 4517 alioloennecepnvr,itescri-

93 4584 97 4589 ,
190 4523 312 4582 ebrietas
331 4541 394 4582 non
415 4527 565 4599 accendit,
585 4527 640 4584 sed
658 4525 802 4598 extinguit
823 4531 987 4599 peccatum.
1031 4525 1828 4604 bit:‹coenosam-imumstanstresannossnoquadarn

190 4608 263 4666 Gum
278 4609 387 4682 sopivit
400 4608 514 4668 oblivio
528 4614 633 4668 cuncta
646 4610 743 4667 carnis
756 4609 898 4680 ludibria,
913 4611 989 4667 mira
1032 4626 1121 4683 rupe,
1136 4626 1225 4667 orans
1239 4613 1399 4683 perpetuo,
1414 4626 1476 4667 non
1490 4612 1596 4668 sedens
1610 4613 1752 4684 omnino,
1767 4629 1828 4673 non

190 4695 259 4748 sunt
272 4707 340 4766 quae
357 4694 455 4765 sentit,
469 4709 579 4766 magna
589 4709 658 4767 qua
670 4693 761 4765 videt,
775 4693 908 4751 inaudita
921 4711 989 4767 quae
1033 4695 1184 4756 dormiens
1192 4736 1202 4765 ,
1216 4694 1273 4750 nisi
1288 4697 1434 4767 quantum
1456 4694 1554 4750 somni
1569 4697 1650 4752 stans
1663 4695 1830 4759 suduraba·
1918 4741 1921 4749 -

188 4775 357 4850 loquitur.»
382 4779 620 4850 chrysostomus,
636 4777 743 4835 homil.
755 4779 793 4834 ιι
812 4779 865 4834 tat
886 4777 923 4832 ad
938 4779 990 4833 co·
1033 4783 1092 4849 tur,
1106 4782 1136 4835 et
1150 4777 1302 4835 horninica
1314 4777 1412 4834 solum
1427 4791 1545 4832 sumens
1560 4778 1829 4850 Eucharistiamten

189 4861 276 4916 rioth
292 4877 301 4916 ι
319 4863 405 4919 cllaec
425 4875 543 4928 mense,
563 4860 676 4934 inquit,
696 4858 803 4916 animas
817 4863 924 4917 nostres
943 4859 989 4917 sis
1033 4864 1153 4934 manna)
1174 4861 1313 4920 efferente
1333 4861 1360 4918 ei
1377 4858 1565 4933 presbytero,
1581 4861 1656 4919 nihil
1678 4863 1760 4921 ahud
1777 4882 1829 4924 co-

190 4947 249 5015 est,
265 4943 348 5001 nemi
359 4945 476 5017 mentis,
489 4943 608 5000 fiducie
618 4943 785 5014 vinculum,
799 4959 881 5016 spes,
897 4942 988 5016 salus,
1034 4945 1182 5004 medebat.
1193 4963 1206 4996 o
1218 4947 1251 5001 lit
1261 4959 1325 5018 cap.
1339 4958 1418 5010 ιιιιι,
1428 4941 1528 5000 cona
1541 4945 1660 5018 anuph.
1675 4947 1713 5003 de
1726 4964 1757 5005 se
1769 4949 1827 5007 ait:

81 5039 143 5087 noos.
190 5026 258 5097 lux,
274 5026 335 5084 vita
348 5032 483 5086 nostru.»
504 5028 596 5096 Nouo,
612 5042 723 5084 manna
743 5031 806 5084 erat
819 5026 987 5084 minutum:
1036 5026 1829 5103 «linquoServatorianomenproisssussum,humani

84 5123 170 5170 barm
191 5109 322 5167 Christus
334 5125 428 5184 parva
440 5110 537 5168 hostia
550 5113 595 5167 est
608 5109 858 5183 circumscriptus.
870 5112 986 5176 Decimo,
1032 5114 1091 5171 cibi
1113 5113 1187 5170 nihil
1213 5112 1345 5186 sumpsi,
1364 5113 1459 5170 alente
1482 5127 1530 5168 me
1552 5113 1685 5187 qnotidie
1700 5115 1825 5187 ange103

192 5207 303 5250 manna
314 5193 489 5267 pilotusum
499 5193 556 5251 init
570 5211 577 5250 ι
593 5192 725 5250 Christus
736 5193 799 5267 pilo
809 5193 989 5251 crucismor·
1033 5197 1144 5254 nullius
1158 5197 1278 5253 alterius
1294 5195 1440 5270 cupiditas
1452 5195 1485 5251 in
1503 5211 1556 5253 cor
1568 5212 1670 5254 meum
1687 5199 1828 5275 escendit,

93 5291 181 5341 umar-
191 5274 302 5335 talitate
312 5281 481 5336 exutusest.
495 5277 652 5344 Undecimo,
663 5277 768 5335 fideles
777 5276 991 5336 admirabundi
1032 5284 1232 5356 preterquam
1242 5279 1311 5338 bei:
1326 5280 1401 5338 nihil
1415 5297 1452 5340 ex
1466 5282 1556 5340 rebus
1568 5283 1690 5340 terrenis
1701 5284 1830 5342 occulte·

81 5365 121 5402 Ν·
193 5375 257 5418 moso
274 5361 327 5420 tat
344 5359 509 5438 quidhoc,
524 5363 559 5419 nt
574 5357 991 5420 nobiscumsitheustexcle·
1033 5363 1076 5423 vit
1092 5361 1166 5422 mihi
1182 5365 1259 5424 bens
1273 5382 1283 5420 ε
1297 5378 1417 5422 omnem
1430 5364 1827 5442 petitionemabeoaooepi.
