4194 6034
660 321 954 386 condaminam
971 329 1129 404 danastri,
1147 347 1209 392 dtr.
1229 335 1317 394 XXVI.
1750 342 1804 398 273

173 421 206 479 ln
230 424 330 480 aestate
351 422 479 482 siccitate
499 425 640 486 exarescit
660 446 667 484 ε
687 431 720 488 in
740 447 776 490 so
799 448 870 506 ergo
893 434 970 493 fodit
1011 437 1069 508 lta,
1082 437 1194 511 inquit,
1206 455 1276 498 eum
1287 440 1359 498 mihi
1370 439 1423 498 ieci
1435 441 1604 518 proprium,
1617 443 1651 501 nt
1661 443 1743 517 apud
1757 459 1805 502 me

173 504 254 560 isaac
266 509 407 598 puteum,
421 505 591 582 invenitque
608 525 719 586 aquam
735 514 850 586 viram,
865 515 968 586 idest,
1009 521 1082 577 tanti
1093 526 1288 594 computetur,
1303 524 1407 598 quanti
1421 524 1472 583 alii
1486 541 1599 584 omnes.
1615 526 1705 598 igitur
1714 541 1805 600 prop-

173 589 396 658 scatunentcm,
413 588 568 648 fontanam
588 596 616 651 et
632 608 810 668 perennem3
829 599 861 655 in
877 599 970 656 alveis
1009 605 1054 660 ter
1080 608 1193 677 patrem
1217 607 1304 664 tuum
1327 606 1531 681 multiplicabo
1555 625 1656 668 semen
1679 613 1803 668 tuum.»
1829 645 1839 664 .

173 669 295 764 enimet
309 670 438 764 vallibus
442 713 453 742 ,
467 672 601 748 locisque
614 676 750 737 demissis
762 678 876 738 facilius
890 685 919 739 et
929 682 970 738 ci·
1009 687 1075 744 llaec
1088 689 1116 746 S.
1130 688 1370 762 chrysostomus.

172 753 232 808 trus
256 755 405 846 invenitur
426 770 507 851 aqua
526 757 596 815 vira
617 762 646 815 ct
667 759 802 834 fontana,
823 779 916 836 quam
937 764 970 820 in
1045 771 1805 850 it.Eeosunlieuslamnanrararsrur,-q.d.0m-
1820 781 1923 828 remae.

173 834 327 930 monhbus
341 835 606 932 etloe1sexcelsis3
621 841 758 901 videmus
771 844 850 902 enim
864 846 896 902 in
907 847 969 904 val-
1010 867 1063 910 nes
1077 853 1199 926 quidam
1213 859 1352 914 creatura
1365 871 1440 915 mom
1452 863 1535 930 sunt,
1548 860 1602 916 scd
1614 863 1713 918 tamma
1725 876 1804 916 unus

173 915 257 1014 hhus⁸
267 919 307 976 ad
319 921 457 990 ternum,
469 921 517 978 vel
530 928 671 996 quartum
685 927 793 998 pedem
807 927 968 1000 fodiendo,
1011 934 1161 996 Abraham
1172 940 1254 1012 apud
1268 956 1316 997 me
1326 940 1395 1013 plus
1408 939 1496 1011 valet,
1509 956 1602 1015 quam
1615 958 1720 1000 omncs
1733 942 1803 1000 alii:

174 1001 292 1058 exsrlrro
305 1017 426 1100 aquam,
438 1004 563 1079 darique
576 1009 693 1080 puteos,
705 1009 758 1081 qui
770 1009 802 1067 in
815 1009 969 1068 montibus
1011 1019 1079 1076 vide
1093 1037 1184 1094 crgo,
1197 1039 1217 1080 o
1232 1025 1326 1095 isaac,
1338 1028 1370 1080 ut
1382 1027 1498 1098 patrem
1510 1029 1596 1083 tuum
1609 1027 1741 1084 imiteris.

174 1085 215 1142 ad
229 1089 362 1180 centum,
376 1103 439 1145 rmo
453 1089 601 1184 'ducentos
618 1091 710 1164 pedes
725 1092 785 1174 ¹(ita
802 1095 882 1151 enim
900 1109 970 1167 pro·
1047 1103 1127 1160 Disce
1147 1105 1194 1162 hic
1213 1122 1305 1179 quarn
1323 1105 1439 1165 honum
1457 1108 1494 1163 sit
1514 1123 1577 1166 asse
1593 1108 1722 1165 amicum
1737 1109 1803 1180 θείς
1835 1119 1923 1165 uoran-

175 1166 262 1225 iundr
273 1169 355 1242 sunt)
369 1169 461 1230 effodr
474 1171 594 1231 dehent.
626 1237 630 1244 ,
1011 1187 1140 1253 secundo,
1155 1189 1240 1261 quod
1259 1189 1355 1247 Sancti
1373 1188 1406 1246 in
1424 1193 1568 1263 perpetua
1584 1190 1729 1248 memoria
1747 1192 1806 1248 sint
1818 1187 1859 1227 ω’·

52 1250 163 1300 lamb
210 1257 257 1312 20.
271 1257 384 1314 llosraa
396 1260 595 1333 asr,-quia
612 1275 679 1318 eam
695 1263 839 1322 effodistis
852 1266 883 1322 in
897 1281 969 1338 agro
1011 1271 1094 1342 apud
1114 1273 1224 1342 licum3
1247 1275 1347 1342 tertio,
1364 1274 1457 1329 Deum
1476 1273 1613 1346 prolibus
1631 1274 1805 1334 benedicere

176 1342 205 1434 et
215 1337 311 1397 fundo
323 1345 436 1399 nostro.
449 1343 507 1415 Sed
524 1343 583 1401 hoc
596 1345 703 1416 injuste
719 1346 884 1418 objectant,
898 1349 970 1422 quia
1011 1353 1052 1411 ob
1065 1357 1183 1412 saucios
1195 1361 1346 1428 parentem
1355 1361 1464 1427 quarto,
1474 1356 1548 1430 quid
1561 1357 1684 1415 honoris
1698 1358 1805 1418 debea-

174 1421 297 1480 rllorum
313 1423 479 1496 voluntate,
494 1425 636 1496 scicntia,
649 1429 838 1486 conniventia
854 1434 884 1488 et
897 1445 968 1488 con·
1010 1451 1078 1494 mus
1091 1437 1304 1516 sanamquos
1318 1440 1394 1496 Deus
1407 1437 1449 1495 sic
1460 1437 1597 1497 honorat.

174 1520 264 1563 sensu
283 1508 362 1564 lsaac
379 1506 495 1565 foderat
508 1507 588 1566 hunc
598 1513 730 1582 ¹triticum
749 1529 757 1567 ι
772 1511 841 1571 ideo
853 1513 970 1571 vocavit
1046 1525 1091 1581 ιδ.
1104 1527 1246 1583 Ειτιιιιιι
1260 1539 1495 1596 rasennacnnurr,
1508 1555 1542 1569 -
1550 1529 1584 1583 ut
1594 1525 1636 1584 ihi
1647 1527 1748 1600 figeret
1761 1545 1806 1588 se·
1819 1541 1878 1586 rsa.
1887 1543 1923 1588 as.

173 1588 254 1646 hunc
275 1594 400 1662 puteum
423 1590 671 1662 scalumniam,»
696 1592 768 1666 quia
785 1593 816 1650 in
838 1593 969 1655 fossione
1011 1607 1327 1666 demetdomieilium.

173 1671 263 1742 huius
276 1674 369 1746 liuida
383 1673 564 1732 &lumniam
574 1675 652 1732 hini>
663 1676 832 1748 iff08³i¹¹¹1²
843 1679 870 1735 ⁰1
883 1678 970 1738 Germ
1045 1691 1086 1747 Ur
1105 1705 1251 1750 mosaanr
1259 1733 1269 1763 ,
1281 1721 1318 1736 -
1330 1696 1364 1749 ut
1380 1692 1548 1752 reioderent
1565 1699 1594 1752 et
1616 1695 1806 1754 eruderarent

173 1755 247 1813 ruffi·
258 1757 314 1812 920
328 1759 493 1856 “immistam
505 1758 642 1816 hebfssioe
656 1763 700 1816 est
713 1767 781 1841 pun
794 1777 874 1828 itate,
884 1763 969 1836 ‘1¹10d
1009 1775 1151 1846 puteum,
1170 1775 1243 1832 olim
1262 1775 1376 1833 ibidem
1394 1791 1413 1832 a
1430 1781 1514 1850 patre
1533 1776 1701 1836 Abrahamo
1718 1777 1805 1837 ellos·

172 1858 229 1916 per
240 1844 317 1900 achia
334 1843 481 1915 significat
499 1843 680 1904 cmumniam
689 1864 698 1917 ;
713 1847 783 1904 item
802 1849 970 1923 oppressio·
1010 1871 1078 1914 sum
1087 1897 1097 1927 ,
1111 1860 1186 1930 puta
1201 1861 1326 1932 puteum
1344 1858 1501 1930 Bersabee,
1514 1860 1557 1916 uti
1574 1861 1717 1934 sequitur.
1732 1862 1806 1919 Nota

173 1940 262 2023 nem,
276 1925 413 1985 fraudem
427 1932 456 1985 et
468 1927 661 2026 injustitiam,
673 1933 706 1987 ut
718 1934 836 1990 vertunt
848 1933 969 2006 septua-
1007 1940 1057 1997 hio
1078 1942 1273 1999 constantiam
1290 1945 1320 2000 et
1337 1943 1608 2014 magnanimitatem
1629 1943 1733 2014 isiaci,
1751 1945 1804 2018 qui

172 2013 264 2083 amia.
279 2012 333 2068 Per
345 2015 390 2068 sia
408 2026 479 2069 raro
497 2012 643 2083 significat
656 2015 894 2086 contentionem,
905 2017 969 2087 jur·
1008 2021 1122 2083 fortiter
1134 2025 1189 2084 ieri
1202 2025 1373 2084 invidorum
1387 2025 1524 2096 insultus,
1530 2027 1635 2100 eisquc
1649 2027 1736 2096 cedit,
1751 2027 1804 2084 sed

173 2093 276 2166 εἰιιιιι,
289 2098 325 2152 ut
341 2094 427 2153 vertit
447 2095 586 2154 latablus
604 2100 633 2154 et
649 2097 815 2157 Chaldaeus.
835 2098 907 2157 Vide
919 2097 967 2156 hic
1009 2105 1050 2163 ita
1060 2111 1093 2163 ui
1104 2107 1222 2180 segnior
1233 2122 1296 2166 nou
1310 2107 1464 2178 efficiatur,
1477 2108 1552 2182 quin
1563 2108 1637 2166 alibi
1647 2125 1679 2168 se
1689 2125 1803 2183 suaque

172 2177 430 2236 mansuetudinem
444 2178 535 2236 isaaci
547 2179 727 2238 calumniam
740 2181 894 2254 patientis,
909 2181 969 2240 dis·
1010 2193 1127 2246 strenue
1140 2194 1325 2264 promoveat.

173 2261 359 2332 simulantis,
381 2261 537 2334 abeuntis,
560 2263 682 2338 suisque
701 2265 817 2322 aemulis
838 2265 967 2338 benigne
1044 2273 1091 2329 aa.
1109 2273 1241 2331 Ocuozar
1261 2287 1364 2332 arram
1376 2289 1478 2333 nnus.
1493 2303 1529 2318 ··
1542 2273 1697 2332 Chaldaus
1709 2279 1738 2332 et
1750 2276 1804 2332 Va·
1816 2289 1920 2336 ransc.

173 2345 202 2401 st
215 2343 333 2418 placide
351 2345 566 2418 respondentis.
582 2347 653 2403 Vide
671 2351 700 2405 et
717 2349 873 2421 quomodo
892 2352 967 2407 Deus
1008 2353 1108 2412 tahlus
1121 2353 1276 2414 Hebraeum
1287 2357 1405 2415 censat
1416 2357 1564 2430 accipiunt
1574 2356 1660 2429 quasi
1673 2358 1804 2430 appella-

173 2429 273 2486 lsaaeo
291 2427 413 2501 suisque
430 2427 531 2512 amicis
543 2427 642 2488 dulcia
659 2431 768 2488 amaris
778 2432 967 2504 permisceat,
1008 2437 1119 2508 tirum3
1137 2438 1217 2496 unda
1231 2441 1357 2508 vertunt,
1373 2443 1399 2496 at
1410 2445 1492 2496 antus
1505 2443 1653 2496 amicorum
1667 2439 1735 2509 eins.
1749 2443 1803 2498 Ve-

172 2513 202 2570 et
212 2509 350 2568 infundet
362 2513 526 2584 atomum,
539 2511 627 2570 dulce
640 2527 786 2571 marum.
805 2514 914 2585 enuit,
923 2515 967 2573 in·
1008 2533 1077 2578 rum
1087 2521 1193 2578 melius
1204 2519 1393 2595 Septuaginta
1404 2525 1432 2579 et
1441 2524 1542 2579 Noster
1554 2521 1703 2595 accipiunt
1710 2523 1802 2581 Ocho·

171 2593 238 2668 quit
252 2594 280 2652 S.
297 2593 545 2666 chrysostomus,
562 2594 656 2653 homil.
676 2597 733 2668 iii,
749 2596 797 2654 hic
816 2599 968 2658 contendit
1009 2605 1056 2662 aet
1068 2605 1155 2677 quasi
1168 2619 1279 2667 nomen
1291 2604 1459 2677 proprium.

168 2677 384 2751 innatansque
394 2677 572 2760 obluctatur,
583 2679 734 2737 sedetiam
744 2679 968 2753 pastoribusce·
1045 2694 1162 2746 anrcus.
1171 2687 1418 2762 -Septuaginta,
1430 2690 1636 2761 paranymphus
1649 2690 1728 2760 regis
1737 2689 1815 2762 ahi,

172 2759 227 2819 dit.
239 2764 304 2819 lloec
317 2761 398 2818 enim
408 2776 478 2819 rere
490 2763 689 2821 mansuetudo
698 2766 753 2835 est,
767 2779 829 2822 non
842 2765 966 2838 quando
1009 2771 1148 2830 malach:
1169 2771 1212 2828 illi
1231 2771 1451 2830 euim-maximi
1466 2775 1536 2829 sunt
1556 2771 1643 2829 amici
1662 2771 1804 2844 alicujus,

173 2844 242 2919 quis
253 2844 385 2902 offensus
397 2861 415 2904 a
428 2843 645 2918 potentioribus
662 2851 814 2904 mansuete
830 2846 901 2918 icrt,
914 2848 968 2909 sed
1009 2855 1062 2929 qui
1084 2856 1116 2912 in
1137 2853 1248 2926 nuptiis
1270 2853 1334 2925 ejus
1352 2858 1422 2912 sunt
1439 2853 1586 2927 pronubi3
1599 2853 1631 2910 hi
1650 2854 1730 2911 enim
1747 2856 1805 2928 ipsi

173 2929 297 3002 quando
311 2929 378 3002 quis
393 2928 433 2988 ab
447 2929 494 2987 his
514 2928 603 2986 etiarn
621 2928 675 3002 qui
692 2927 845 2988 inferiores
860 2935 968 3004 putan-
1009 2951 1117 3011 sponso
1131 2940 1200 2995 sunt
1210 2935 1350 3009 proximi,
1363 2950 1492 3010 eumque
1503 2937 1542 2995 ad
1552 2936 1717 2996 thalamum
1729 2953 1806 3011 nup-

174 3016 234 3084 tur,
247 3011 378 3071 offensus
390 3011 502 3073 cedit.»
1009 3020 1110 3078 tialcm
1124 3019 1285 3078 deducunt.
1300 3019 1381 3076 Unda
1396 3021 1424 3076 S.
1436 3024 1562 3077 ioannes
1576 3020 1714 3094 Baptista,
1723 3023 1802 3080 loun.

51 3082 164 3190 {mg
210 3103 256 3160 ii.
278 3105 432 3160 hnmano.
442 3130 478 3144 -
490 3098 629 3158 Hebraico
646 3107 762 3164 lithini
779 3103 916 3170 sochehet,
935 3102 968 3162 id
1009 3119 1061 3174 ιιι,
1076 3106 1128 3174 29,
1141 3107 1265 3161 vocatur
1281 3101 1394 3160 amicus
1406 3101 1526 3174 sponsi,
1540 3101 1613 3176 quia
1624 3105 1687 3160 erat
1698 3102 1802 3160 christi

64 3203 150 3248 vaura
176 3189 219 3245 ast
233 3184 420 3254 latitudines,
435 3201 465 3256 q.
480 3184 509 3241 d.
530 3183 580 3241 iiic
598 3187 707 3257 puteus
720 3185 828 3255 latam,
841 3184 968 3244 liberam
1009 3186 1245 3262 paranymphus.

59 3269 152 3334 punam
176 3274 206 3328 et
214 3267 611 3328 immunemaGeraritarum
619 3267 742 3338 invidia,
752 3266 968 3327 abundantem·
1045 3272 1095 3328 iiic
1112 3269 1355 3343 paranymphus,
1377 3269 1513 3343 regisque
1533 3268 1646 3326 amicus
1662 3267 1801 3340 intimus,
1816 3281 1872 3334 outa
1888 3293 1922 3328 a·

52 3327 150 3432 ἔξω
176 3365 236 3427 qaae
248 3351 337 3412 nobis
350 3349 517 3424 nostrisque
526 3348 685 3424 pecoribus
700 3349 783 3408 dabit
795 3351 969 3424 adaquatis·
1010 3353 1093 3428 apud
1108 3355 1209 3412 Persas
1222 3356 1284 3411 crat
1296 3351 1445 3410 secundus
1456 3367 1476 3410 a
1488 3351 1803 3426 rcgssrocabaturque
1816 3343 1920 3400 namra

175 3449 256 3508 nem,
270 3435 398 3508 ideoque
410 3437 532 3491 vocetur
545 3433 715 3492 clietitndo.
725 3453 740 3488 a
751 3436 779 3491 S.
794 3434 968 3508 Chrysosto·
1009 3438 1149 3507 Surenas,
1162 3435 1247 3508 cujus
1260 3437 1322 3492 crat
1335 3449 1478 3492 coronare
1491 3449 1602 3506 regem.
1618 3437 1740 3492 Praerat
1754 3435 1802 3492 hic
1835 3414 1909 3518 ,iffi

173 3533 243 3576 mus
256 3517 327 3590 legit
339 3517 531 3586 latifundium.
548 3518 692 3590 «Propter
705 3517 781 3588 hoc,
797 3517 912 3591 inquii,
924 3518 967 3575 lc·
1009 3519 1124 3578 cohorti
1143 3518 1245 3592 ragita,
1258 3532 1328 3590 qum
1346 3533 1383 3573 ex
1400 3517 1609 3587 selectissimis‚
1623 3515 1802 3575 fidelissimis

172 3600 334 3659 tiiundium
346 3614 439 3670 voco,
452 3599 526 3674 quia
537 3598 669 3656 dilatarit
683 3600 825 3658 hominus
842 3603 872 3658 at
884 3601 966 3659 auxit
1008 3602 1129 3676 regique
1149 3599 1354 3670 amicissimis,
1367 3603 1440 3673 puta
1453 3599 1605 3657 nobilibus
1625 3605 1653 3656 et
1669 3600 1803 3674 dynastis

172 3697 230 3743 nos
252 3686 480 3756 superterram.
501 3681 603 3740 Vidisti
623 3681 706 3756 piam
725 3685 874 3754 menmm,
890 3699 967 3758 quo·
1007 3687 1213 3762 quicumrege
1224 3684 1326 3741 nutriti
1335 3687 1363 3741 st
1373 3683 1490 3741 educati
1500 3682 1627 3755 luerent,
1637 3685 1800 3742 constabat.

171 3769 266 3828 modo
277 3781 340 3826 non
348 3766 426 3827 iacta
442 3765 592 3824 mentione
602 3768 664 3824 tam
679 3766 824 3823 atrocium
837 3765 964 3824 difficul-
1008 3771 1089 3828 Unde
1101 3772 1163 3826 erat
1173 3766 1261 3842 quasi
1270 3767 1333 3826 dux
1345 3769 1375 3823 et
1383 3766 1499 3838 primus
1513 3767 1588 3823 inter
1601 3767 1677 3824 culm
1687 3768 1803 3826 nobiles

171 3853 267 3909 tatum
293 3865 363 3925 quaa
385 3848 581 3920 obstiterunt,
602 3847 753 3906 bonorum
774 3851 891 3907 tantm
916 3865 965 3908 mc
1006 3862 1037 3911 at
1052 3851 1265 3925 regisamicos.
1280 3847 1356 3908 lulis
1372 3848 1429 3906 init
1444 3847 1493 3906 hic
1510 3848 1638 3908 Ochozat
1654 3852 1738 3924 apud
1756 3865 1803 3908 re-

171 3933 269 4005 minii,
282 3937 312 3990 et
325 3948 382 4007 pro
396 3932 453 3992 illis
470 3932 595 4005 gratim
610 3933 669 3990 lico
684 3931 780 3991 offert.
793 3931 870 3989 Nihil
885 3933 965 3991 enim
1008 3951 1077 4009 gem
1090 3933 1271 3992 thimelech.

171 4020 234 4076 mm
244 4019 362 4089 gratum
375 4019 492 4086 lico,ut
505 4016 605 4074 anime
614 4018 698 4086 grata
706 4020 734 4072 et
742 4015 851 4086 gratias
861 4031 963 4087 agens.
1042 4023 1082 4078 Er
1095 4021 1201 4076 Pateor.
1213 4033 1269 4076 nux
1283 4017 1531 4086 aramum-alius
1544 4017 1593 4074 hio
1602 4022 1644 4075 est
1654 4017 1753 4078 Phicnl
1763 4019 1803 4076 ab

171 4099 245 4158 tiam
263 4115 333 4158 cum
352 4099 516 4158 innumeris
533 4097 684 4156 beneflciis
706 4097 840 4172 quotidie
860 4113 965 4157 omnes
1008 4119 1058 4172 co,
1073 4103 1126 4177 qui
1139 4101 1195 4157 luit
1207 4105 1339 4172 tempore
1353 4096 1492 4169 ahrahae,
1507 4114 1573 4172 cap.
1586 4115 1646 4171 ιιι,
1658 4117 1734 4160 vers.
1749 4105 1802 4174 ²23

171 4197 229 4242 nos
245 4181 544 4258 prosequatur,nihil
556 4186 656 4240 umen
668 4180 752 4239 aliud
765 4195 784 4238 a
798 4181 885 4238 nobis
904 4182 965 4240 exi·
1006 4185 1056 4244 hic
1078 4185 1158 4242 caim
1180 4182 1232 4240 illo
1257 4182 1314 4238 luit
1332 4181 1479 4255 posterior
1499 4187 1617 4239 centum
1639 4183 1735 4242 annis.
1759 4185 1802 4243 Si-

171 4267 228 4340 git,
245 4283 339 4342 quam
356 4266 518 4340 gratiarum
539 4264 705 4334 achonem,
724 4262 826 4321 utilia
842 4264 883 4322 ad
900 4279 963 4322 am·
1008 4272 1057 4327 cut
1065 4282 1137 4339 ergo
1146 4265 1222 4323 alius
1232 4264 1288 4320 init
1297 4262 1466 4320 abimelech
1476 4263 1602 4337 hie,qui
1611 4281 1680 4322 cum
1691 4269 1801 4336 isaaco,

170 4348 269 4424 pliora
286 4350 388 4410 danda
407 4351 632 4423 provocetur,n
653 4345 696 4404 uti
716 4345 765 4402 hic
784 4349 964 4420 provocatus
1007 4351 1047 4410 ab
1067 4349 1120 4408 illo
1140 4347 1193 4422 qui
1215 4363 1284 4403 oum
1303 4346 1471 4402 abrahamo
1494 4344 1591 4404 ioedus
1612 4347 1677 4405 iniit
1692 4367 1699 4404 :
1714 4349 1755 4408 ita
1774 4356 1802 4408 ct

171 4437 215 4493 est
227 4435 266 4492 cd
279 4433 497 4492 ostendendum
509 4445 541 4489 se
556 4432 674 4500 isaaco,
689 4427 775 4502 eique
789 4428 964 4487 benedicen-
1007 4435 1084 4494 alius
1101 4431 1157 4488 luit
1180 4428 1290 4488 Phicol.
1306 4429 1425 4485 Videtur
1439 4444 1510 4500 crgo
1530 4431 1613 4503 quod
1621 4471 1631 4501 ,
1645 4431 1720 4490 sicut
1735 4432 1804 4489 nbi-

171 4515 256 4576 dum.
276 4516 358 4575 Unda
374 4514 477 4575 subdit
490 4531 499 4572 ι
513 4511 603 4571 «Noli
620 4511 740 4582 timere,
759 4512 831 4584 quia
851 4525 907 4583 ago
923 4516 964 4569 te·
1008 4514 1122 4573 melech
1135 4528 1294 4572 commune
1308 4515 1370 4570 erat
1382 4527 1493 4570 nomen
1508 4528 1613 4584 regum
1627 4515 1802 4585 denarialis

170 4614 241 4659 cum
261 4615 327 4656 sum
333 4617 344 4671 3
357 4597 425 4656 ideo
443 4600 472 4655 at
489 4595 615 4653 invictus
627 4592 700 4662 aris,
713 4596 743 4650 et
760 4592 964 4651 infestantibus
1008 4597 1109 4655 Phicol
1123 4611 1281 4653 commune
1295 4594 1383 4651 luerit
1400 4609 1511 4652 nomen
1530 4596 1658 4666 ducum,
1672 4612 1734 4654 non
1750 4613 1801 4654 co-

169 4684 330 4760 potcntior‚
344 4686 374 4741 et
389 4679 598 4740 invadentibus
612 4677 731 4748 fortior,
750 4681 780 4735 et
796 4681 907 4736 tanum
920 4678 965 4736 tui
1007 4680 1101 4739 hortis
1120 4678 1208 4749 regim
1223 4677 1324 4750 (huius
1338 4677 1418 4734 enim
1432 4678 1494 4734 dux
1508 4682 1569 4736 crat
1582 4679 1734 4752 ochozat),
1748 4680 1802 4738 sed

170 4782 274 4827 curam
292 4764 412 4825 habebo
420 4805 430 4836 ,
443 4766 478 4822 ut
495 4763 658 4821 invidiosus
677 4761 736 4820 illis
749 4761 789 4818 sis
803 4762 929 4820 iuturus.
945 4781 960 4815 a
1009 4759 1266 4834 mihtimpublicoe,
1279 4759 1394 4831 anjam
1405 4776 1678 4818 eommunscorum
1690 4777 1802 4820 nomen

169 4852 242 4911 llinc
252 4855 282 4910 ct
293 4849 456 4926 praemisit:
475 4849 566 4918 uligo
579 4861 647 4903 sum
661 4847 736 4902 heus
749 4844 898 4902 Abraham
911 4859 964 4918 pa·
1008 4850 1071 4914 est,
1085 4848 1119 4901 ut
1134 4846 1276 4901 vocentur
1297 4842 1440 4914 lingistri,
1455 4843 1503 4900 rol
1521 4845 1674 4902 Genernlcs
1693 4847 1803 4904 exerci-

170 4934 222 4994 tris
234 4935 298 5005 tui,
313 4931 471 4991 ostendens
483 4929 639 5004 quomodo
658 4927 716 4985 sihi
731 4927 924 4984 vindicaverit
936 4930 965 4984 ct
1007 4931 1066 4986 tue.
1082 4925 1227 4984 «Phicoln
1240 4924 1376 4982 hebraice
1389 4925 1534 4996 significat
1547 4931 1633 4984 omnis
1647 4931 1744 4996 facim,
1754 4926 1803 4986 vcl

169 5017 329 5093 proprium
339 5014 438 5073 iecerit
449 5012 665 5089 patriarcham,
680 5011 721 5068 ita
731 5013 765 5067 ut
778 5009 917 5082 dignatus
928 5009 966 5067 sit
1007 5011 1107 5083 potius
1127 5025 1202 5066 emcc
1220 5023 1267 5073 os,
1284 5007 1371 5081 quasi
1391 5007 1526 5065 omnium
1547 5010 1676 5067 militum
1698 5010 1801 5082 iacies,

170 5115 204 5159 se
219 5113 326 5158 vocare
344 5101 437 5155 Deum
459 5095 594 5158 abrahe.
613 5096 647 5150 Et
668 5093 811 5150 Dominus
831 5092 912 5150 orbis
930 5108 966 5150 ac
1009 5092 1115 5162 animi,
1129 5107 1182 5150 ora
1204 5095 1232 5148 et
1254 5089 1349 5162 oculi,
1363 5089 1395 5148 in
1414 5091 1493 5148 hunc
1511 5091 1623 5150 militiae
1637 5093 1744 5168 ducem
1757 5110 1802 5152 es·

170 5181 320 5251 conditor,
340 5176 581 5238 utriushominis
602 5178 694 5234 Deum
715 5191 747 5232 se
768 5176 888 5246 dicens,
902 5190 965 5233 non
1008 5179 1074 5232 sent
1091 5173 1240 5244 conversi;
1259 5174 1403 5247 quodque
1423 5174 1498 5231 sicut
1516 5173 1606 5234 iacies
1625 5179 1721 5236 totum
1734 5194 1803 5236 ‘con

170 5263 324 5326 condedit
333 5266 362 5321 et
372 5260 527 5320 abbreviat
537 5275 628 5319 sunm
641 5257 822 5329 dominium,
836 5257 890 5315 sed
902 5271 965 5314 ma·
1007 5272 1083 5331 pus,
1096 5256 1138 5314 ita
1155 5255 1220 5330 ipse
1240 5259 1336 5316 totum
1354 5257 1514 5320 exercitum
1527 5260 1633 5334 preire
1652 5263 1682 5322 et
1695 5259 1802 5322 ducere

170 5363 263 5425 anam
283 5349 316 5408 in
335 5345 423 5408 illum
442 5359 529 5406 suam
549 5341 786 5405 benevolentiam
808 5342 954 5404 monebat
1009 5338 1140 5407 debeam.

351 5459 373 5503 ι.
1286 5427 1624 5502 ·’13
