4088 6032
670 252 915 316 coemnvrerue
932 249 965 312 nv
984 253 1144 325 ceassiu,
1162 265 1225 310 cn.
1243 247 1266 310 1.
1750 249 1782 304 er

125 365 296 426 ambitum
311 369 397 426 terra
419 363 514 422 obiret
535 366 564 421 et
575 362 827 421 circumcuneret.
845 364 944 434 Longe
994 359 1081 419 docet
1095 361 1127 417 P.
1145 355 1340 430 christophus
1355 353 1475 414 Clarius
1489 352 1520 412 in
1534 353 1660 426 spiere
1679 366 1745 425 eep.
1763 363 1784 408 r.

125 451 213 527 plus
233 450 323 527 spatii
340 449 473 520 conticit,
492 449 621 522 ideoque
641 447 731 518 longe
751 445 883 504 velocius
903 449 947 503 cst
1027 442 1055 500 Si
1075 457 1145 514 ergo
1166 441 1198 497 in
1217 439 1301 498 stella
1320 438 1436 512 alique,
1449 441 1477 496 et
1490 437 1586 495 multo
1603 435 1698 508 magis
1713 434 1738 492 si
1754 433 1786 492 in

126 551 264 594 nonum
275 536 395 607 coelurn,
410 550 444 593 ae
458 533 553 605 magis
568 530 728 600 decimum,
742 531 827 604 quod
840 532 947 603 putant
991 526 1066 584 coelo
1088 540 1229 600 empyreo
1253 523 1496 593 consisteremus,
1518 525 1548 580 et
1569 521 1786 594 despiceremus

128 633 209 677 esse
223 618 358 695 primum
367 617 479 676 mobile
485 635 495 688 ;
509 616 606 687 cogite
616 629 688 686 ergo
703 629 795 688 quam
807 613 896 672 velox
909 612 948 669 sit
990 610 1071 668 hune
1092 612 1176 668 terres
1197 608 1373 680 globulum,
1395 623 1435 665 en
1455 620 1517 664 non
1536 605 1784 663 exclamaremns:

128 707 279 778 tempus,
396 771 399 776 Ι
751 748 753 752 ,
992 695 1108 751 ilocest
1126 698 1291 766 punctum,
1311 692 1360 750 cui
1381 691 1496 749 inhiant
1517 690 1572 747 lilii
1591 691 1678 760 Adoe,
1699 685 1786 763 quusi

31 795 121 854 eneis
174 791 235 846 Est
255 787 336 846 enim
355 791 473 859 tempus
492 790 555 842 tam
577 783 680 851 velox,
700 796 793 856 quem
814 784 858 837 cst
882 781 945 852 ipse
990 777 1121 837 formicae
1136 795 1144 834 ι
1157 779 1215 834 hoc
1228 781 1271 835 est
1284 780 1445 850 punctum,
1462 774 1545 849 quod
1559 777 1635 831 inter
1647 773 1786 831 mortales

2 909 3 918 .
34 859 115 904 ἨΜ
132 877 252 931 motus
266 872 354 946 primi
365 869 497 939 mobilis,
511 869 595 940 eujus
606 869 650 924 est
663 879 815 935 mensura,
827 868 946 936 tempus
991 859 1069 918 terro
1095 865 1123 919 et
1146 859 1208 933 igni
1231 860 1382 920 dividitur.
1410 863 1546 934 tiquam
1572 858 1690 930 angusti
1717 861 1788 915 sunt

35 919 114 979 μ’
131 975 221 1031 ergo
232 959 323 1030 longe
334 955 462 1013 velocius
469 953 562 1012 fertur
572 968 663 1027 quam
674 949 788 1022 sagitte,
796 952 847 1006 aut
854 961 946 1021 quam
992 944 1164 1003 mortalium
1176 945 1309 1016 termini,
1323 960 1448 1020 equam
1462 943 1579 1016 angusti
1594 947 1665 1000 sunt
1677 947 1786 1002 morta-

132 1042 262 1114 globus
286 1042 432 1098 tormento
460 1051 543 1095 reuco
569 1035 730 1108 ejaculatus
760 1032 840 1089 :bic
865 1030 946 1088 enim
990 1026 1482 1102 liumanimiteorsrae1‚quam
1496 1041 1606 1098 magne
1619 1031 1663 1084 est
1677 1027 1785 1085 domus

132 1126 261 1198 globus
276 1129 372 1197 egeret
386 1125 422 1181 40
437 1121 543 1180 diebus
564 1120 604 1177 ad
619 1118 693 1190 hoe,
705 1120 739 1173 ut
753 1118 849 1174 totum
862 1118 946 1172 terrra
992 1112 1057 1182 Dei,
1071 1117 1100 1171 et
1113 1112 1217 1185 ingens
1230 1112 1315 1171 locus
1327 1111 1524 1187 possessionis
1537 1111 1615 1184 ejust
1632 1130 1648 1165 s
1666 1111 1785 1185 [tespiee

132 1211 298 1268 ambitum
312 1207 421 1277 obiret,
438 1220 529 1280 quem
543 1203 644 1272 steila,
657 1207 691 1259 ut
705 1200 783 1271 (lixi,
799 1199 948 1256 unctiore
991 1209 1063 1266 ergo
1082 1200 1228 1271 punctum
1247 1197 1321 1267 hoc,
1344 1200 1373 1252 et
1390 1194 1505 1269 suspice
1526 1193 1592 1251 coeli
1611 1193 1758 1253 ambitum
1775 1213 1783 1252 :

132 1293 212 1351 obit
227 1291 279 1348 bis
293 1290 417 1359 millies;
434 1289 527 1345 instar
539 1301 610 1358 ergo
630 1283 757 1356 fulguris
777 1282 858 1340 volat
876 1282 945 1339 irre·
992 1279 1143 1355 quidquid
1155 1280 1204 1338 hic
1217 1280 1317 1350 vides,
1332 1279 1474 1352 exiguum
1491 1282 1534 1336 est
1546 1282 1576 1336 et
1594 1277 1684 1337 breve
1704 1296 1712 1336 τ
1730 1280 1786 1338 im·

132 1376 285 1434 vocabile
294 1379 411 1447 tempus
422 1389 429 1428 :
442 1371 533 1428 instar
542 1367 669 1440 fulguris
678 1381 747 1424 cum
759 1369 892 1437 tempore
906 1363 946 1421 le·
992 1377 1095 1422 mensa
1113 1366 1142 1422 et
1156 1368 1265 1422 eterna
1286 1364 1393 1435 cogita.
1413 1363 1483 1432 Quis
1496 1363 1561 1420 haee
1576 1363 1710 1435 cogitans
1723 1370 1786 1424 tam

134 1462 244 1518 rimur
265 1463 292 1514 et
305 1457 437 1530 rapimur
455 1455 495 1512 ad
506 1451 708 1510 aeternitatem.
726 1467 742 1504 e
759 1452 801 1506 Tu
815 1447 947 1518 dormis,
991 1463 1094 1506 emens
1108 1449 1146 1508 sit
1162 1453 1191 1506 et
1205 1449 1347 1522 stolidus,
1361 1453 1395 1507 ut
1407 1448 1510 1524 inique
1523 1451 1669 1524 punctum
1679 1466 1716 1508 ex
1727 1452 1785 1510 hoe

136 1543 285 1617 inquitS.
296 1539 468 1598 Arrrbrosius
480 1539 511 1594 in
521 1538 623 1592 Petam.
638 1549 659 1605 r,
667 1536 696 1590 et
704 1537 824 1606 ternpus
832 1535 945 1589 tuum»
991 1537 1121 1606 puncto,
1142 1537 1216 1608 puta
1236 1549 1357 1606 agrurn,
1380 1533 1521 1605 domum,
1542 1537 1594 1591 aut
1614 1550 1678 1592 rem
1696 1536 1786 1594 aliam

139 1644 212 1684 non
226 1624 351 1695 dormit,
367 1622 419 1680 sed
435 1617 615 1690 cambutat3
630 1637 644 1673 n
661 1618 722 1676 imo
735 1615 826 1675 volat.
991 1617 1130 1690 proximo
1147 1633 1202 1692 per
1216 1619 1278 1675 vim
1292 1621 1344 1676 ent
1356 1617 1492 1677 fraudem
1509 1618 1669 1693 surripere,
1686 1621 1786 1694 itaque

49 1717 103 1784 bnis
181 1711 260 1767 Inde
269 1711 376 1780 quarte,
386 1706 548 1776 deducunt,
560 1705 585 1760 si
594 1702 670 1776 lapis
678 1700 800 1758 molaris
809 1701 950 1775 inciperet
992 1717 1023 1758 se
1034 1701 1186 1760 immensis
1196 1703 1316 1760 orbium
1330 1718 1528 1777 supernorum
1538 1703 1639 1777 spatiis
1648 1704 1788 1766 fraudare

35 1776 127 1880 'ff‘
140 1793 259 1852 cadere
271 1806 289 1849 a
301 1805 434 1848 convexo
443 1787 620 1846 firmamenti
630 1800 731 1843 versus
741 1789 861 1857 terram,
872 1799 949 1858 opus
993 1791 1021 1844 et
1035 1786 1191 1846 excludere
1208 1788 1298 1844 veliti
1311 1789 1381 1857 Quis
1396 1791 1542 1862 punctum
1555 1792 1639 1846 terre
1651 1791 1788 1864 praeierat

36 1851 128 1940 „da
142 1877 278 1934 haberet
288 1875 450 1946 nonaginta
467 1871 569 1943 annis,
584 1875 616 1928 ut
627 1870 791 1938 decideret,
803 1873 832 1926 ct
841 1873 949 1928 terram
993 1870 1135 1928 coelorum
1145 1871 1429 1944 irnnrensitatitquis
1442 1871 1587 1946 partiente
1597 1875 1681 1930 terrae
1689 1876 1787 1935 rubras

46 1963 114 2001 *Μ
144 1961 321 2032 attingeret,
333 1957 421 2015 ctiam
433 1957 457 2014 si
471 1956 595 2029 singulis
606 1955 687 2013 horis
700 1953 830 2025 caderet,
846 1955 949 2012 etdcs-
992 1954 1040 2010 vel
1052 1954 1128 2028 albae
1140 1955 1204 2028 (nec
1218 1955 1297 2012 enim
1311 1954 1393 2012 uliud
1406 1959 1450 2012 cst
1463 1971 1570 2014 aurum
1583 1959 1611 2014 et
1620 1961 1785 2033 ergentum)

1 2071 2 2121 y
38 2020 130 2125 ,2¹¹²ss
144 2045 292 2102 canderet
310 2041 349 2098 ed
365 2039 492 2097 ducenta
509 2039 659 2110 milliarin;
681 2037 853 2095 naturaliter
868 2037 949 2094 enim
993 2037 1102 2094 vendat
1113 2038 1279 2095 vastissima
1293 2041 1321 2094 et
1334 2037 1552 2096 radiantissima
1568 2039 1720 2100 stellarum
1734 2058 1787 2116 pa-

144 2143 216 2184 non
236 2129 337 2200 posset
359 2124 487 2198 amplius
514 2123 600 2198 spatii
624 2121 828 2180 transmittere.
846 2121 949 2178 Divide
992 2120 1081 2178 latini
1095 2121 1208 2194 Pauper
1221 2136 1291 2194 ergo
1301 2122 1350 2179 est
1364 2121 1471 2178 coelum
1484 2122 1594 2194 cogite3
1609 2123 1787 2183 infirmaris?

145 2211 232 2269 enim
244 2213 298 2268 160
306 2210 454 2267 milliones
467 2211 520 2283 (tot
533 2210 612 2266 enim
628 2213 697 2266 sunt
710 2225 729 2267 a
742 2212 820 2267 terra
832 2207 949 2266 adcon·
993 2202 1118 2274 sustine,
1131 2205 1173 2262 sic
1192 2203 1252 2262 itur
1264 2205 1304 2262 ad
1320 2208 1398 2263 estre
1404 2225 1413 2277 3
1432 2206 1644 2278 contemneris,
1664 2207 1786 2283 rideris,

144 2311 263 2354 nexum
276 2293 470 2366 firmamenti)
485 2294 517 2351 in
530 2293 593 2351 dies
608 2296 637 2350 et
652 2309 763 2365 annos,
774 2293 875 2351 dando
889 2293 950 2350 eni·
992 2288 1227 2362 persecutionem
1239 2288 1368 2362 peteris?
1379 2288 1493 2360 tolera,
1510 2288 1551 2346 sic
1566 2289 1624 2347 itur
1639 2292 1680 2350 ad
1693 2298 1784 2366 estra3

144 2395 212 2452 qne
222 2379 306 2436 horre
321 2379 376 2434 200
388 2375 535 2448 milliaria,
549 2381 578 2433 et
589 2377 719 2434 invenies
730 2375 847 2434 remita
860 2378 950 2434 seha·
992 2386 1093 2443 geme,
1107 2371 1207 2442 stude,
1218 2369 1339 2444 lebera,
1353 2373 1430 2430 suda
1442 2373 1612 2444 modicum,
1622 2374 1663 2431 sie
1676 2375 1734 2432 itur
1747 2377 1787 2436 ad

144 2462 222 2519 bere
241 2460 290 2534 (t).
992 2469 1178 2530 empyreum.

40 2543 134 2618 lauze·
191 2545 310 2612 omme,
327 2545 435 2603 docent
449 2543 564 2602 nnllam
582 2543 697 2602 stellam
715 2559 779 2602 esse
794 2543 826 2600 in
846 2542 949 2602 firma·
1027 2540 1069 2597 lta
1081 2541 1109 2598 S.
1119 2539 1354 2614 symphorianus
1364 2541 1538 2599 adolescens
1549 2557 1619 2600 curn
1630 2544 1687 2600 sub
1696 2549 1786 2604 Aure·

40 2607 138 2713 :ffffi
148 2632 267 2698 mento,
276 2643 345 2702 quse
355 2643 418 2686 non
428 2627 523 2685 decies
533 2628 623 2686 octies
633 2627 728 2700 major
737 2628 774 2685 sit
784 2630 846 2686 toto
856 2626 949 2699 globo
991 2621 1073 2681 liano
1086 2623 1264 2697 Imperatore
1276 2624 1316 2682 ad
1330 2625 1507 2698 martyrium
1520 2628 1682 2700 reperetur,
1694 2630 1788 2688 mater

45 2725 140 2788 nuez·
149 2718 239 2770 terrea
253 2729 261 2768 :
276 2712 351 2786 quin
362 2726 433 2769 vero
445 2711 637 2769 exl’tolemaei
651 2715 678 2768 et
690 2711 871 2784 Alphragani
883 2727 948 2768 sen·
991 2720 1061 2763 eum
1069 2707 1149 2764 hisee
1158 2707 1423 2767 verbisenimavitr
1438 2711 1541 2778 «Nate,
1550 2713 1627 2780 nate,
1637 2716 1787 2770 memento

54 2787 120 2834 Μὴ
149 2793 949 2866 tentia,stellasomnesdividuntinsexmagnitudinum
991 2793 1106 2847 eterna
1118 2790 1196 2856 vitre,
1209 2791 1317 2850 eoelum
1330 2791 1457 2866 suspice,
1469 2797 1498 2850 et
1507 2792 1550 2850 ibi
1560 2797 1787 2865 regnantemin·

59 2861 109 2894 ¹⁸²
150 2877 344 2936 differentias.
364 2877 474 2949 Stellm,
493 2878 646 2952 inquiunt,
660 2879 765 2951 primes
782 2880 811 2934 et
824 2893 949 2935 summas
991 2877 1072 2931 tuere
1094 2892 1102 2929 r
1123 2873 1179 2931 tibi
1197 2874 1276 2931 enim
1287 2872 1348 2932 vita
1366 2891 1428 2932 non
1440 2875 1576 2948 eripitur,
1592 2879 1645 2936 sed
1656 2883 1787 2936 mutetur

148 2961 366 3034 magnitudinis
381 2965 587 3020 suntnumero
599 2965 652 3032 t't,
668 2977 796 3035 quarum
809 2960 950 3035 quaelibet
990 2957 1022 3014 in
1044 2957 1158 3015 melius.
1178 2975 1194 3012 v
1216 2957 1329 3028 Quibus
1349 2958 1448 3015 verbis
1464 2957 1515 3016 ille
1533 2975 1689 3031 aecensus,
1711 2961 1787 3020 datis

148 3048 249 3119 major
265 3050 309 3104 est
325 3049 387 3104 tota
404 3049 483 3104 terra
500 3045 608 3104 centies
624 3047 653 3103 et
666 3045 789 3118 septies3
810 3046 948 3102 secundm
991 3039 1104 3098 fortiter
1126 3040 1257 3100 carnifici
1280 3041 1461 3112 cervicibus,
1485 3045 1599 3115 martyr
1620 3042 1653 3098 in
1679 3042 1787 3100 eoelum

149 3129 367 3202 magnitudinis
379 3133 450 3186 sunt
462 3143 587 3187 numero
601 3131 653 3200 re,
667 3144 796 3202 quarum
810 3128 950 3202 quaelibet
991 3124 1128 3183 evolavit.

150 3215 250 3286 major
271 3217 315 3272 est
334 3217 413 3272 terra
434 3213 592 3285 nonagies;
618 3212 709 3270 tertire
735 3212 948 3284 magnitudinis
1026 3210 1181 3266 ltanostro
1199 3208 1258 3267 hoe
1275 3207 1384 3266 soecnlo
1406 3210 1543 3265 matrona
1556 3207 1609 3266 illa
1626 3225 1787 3284 generosa,

150 3302 222 3354 sunt
240 3300 313 3370 208,
330 3311 459 3372 querum
472 3294 614 3370 quenbn
624 3296 720 3367 major
734 3300 777 3352 est
793 3300 870 3352 terra
884 3312 949 3370 sep·
990 3292 1062 3349 fidei
1082 3307 1172 3349 cause
1192 3291 1225 3349 in
1243 3291 1348 3364 anglia
1360 3291 1502 3350 damnata
1523 3290 1562 3349 ad
1579 3297 1706 3350 mortem
1719 3294 1788 3351 hor·

150 3381 298 3454 tnagesies
312 3386 341 3438 et
355 3379 418 3451 bis;
435 3383 548 3454 quartae
565 3379 780 3452 magnitudinis
797 3382 866 3436 sunt
878 3381 948 3450 264,
990 3375 1126 3446 rendam,
1139 3378 1173 3432 ut
1181 3373 1290 3432 seilicet
1302 3390 1375 3434 saxo
1388 3378 1476 3434 acuto
1490 3375 1646 3448 incubans,
1659 3393 1787 3451 superne

150 3480 282 3538 querum
294 3461 435 3539 quaelibet
454 3463 551 3536 maior
569 3468 614 3520 est
628 3468 705 3521 terra
718 3463 948 3537 quinquagesies
991 3459 1131 3532 imposito
1149 3461 1233 3532 gravi
1246 3459 1379 3532 pondere
1393 3463 1586 3534 premeretur,
1601 3461 1675 3518 dum
1687 3461 1747 3519 vita
1760 3460 1788 3519 ei

150 3551 273 3621 queter3
292 3547 404 3622 quintae
420 3545 633 3619 magnitudinis
651 3549 721 3604 sunt
736 3548 805 3617 ΞΠ,
820 3562 949 3620 quarum
992 3547 1020 3602 et
1040 3543 1140 3601 anime
1156 3543 1385 3617 exprimeretur,
1409 3543 1475 3602 aliis
1496 3543 1700 3616 horrentibus,
1722 3545 1787 3620 ipsa

150 3630 295 3705 quaelibet
323 3630 420 3704 major
445 3634 489 3688 est
517 3633 594 3687 terre
618 3628 751 3702 trigesies
777 3631 947 3705 quinquies.
991 3627 1059 3686 late
1077 3643 1230 3702 cyenaeum
1246 3642 1384 3686 canens:
1410 3630 1509 3685 elam
1529 3626 1647 3698 brevis,
1667 3628 1726 3700 ait,
1740 3629 1788 3686 vie

150 3719 246 3772 Sextre
261 3719 290 3772 et
300 3714 412 3772 intima
424 3711 637 3786 magnitudinis
650 3717 721 3769 sunt
737 3714 805 3783 ere,
820 3729 948 3788 quarum
992 3717 1116 3786 estque
1129 3712 1211 3770 ducit
1224 3713 1264 3771 ad
1280 3711 1389 3770 coelnm
1411 3728 1420 3769 ε
1442 3715 1511 3785 post
1528 3725 1581 3768 sex
1594 3711 1684 3769 horas
1697 3727 1788 3786 snper

151 3796 295 3872 quelibet
307 3799 402 3871 major
414 3801 459 3856 est
469 3801 546 3855 terra
558 3795 654 3855 decies
666 3800 694 3853 et
707 3795 807 3853 octies.
992 3797 1087 3853 solem
1100 3799 1130 3853 et
1142 3795 1247 3853 lunam
1260 3795 1385 3867 evebar,
1399 3800 1478 3854 astra
1491 3793 1620 3869 pedibus
1634 3810 1770 3869 premam
1775 3813 1787 3867 ς

55 3883 137 3958 ‘3²⁸³‘
189 3883 289 3950 Scato,
309 3882 430 3953 docent,
443 3880 528 3955 quod
544 3879 640 3938 multo
660 3879 759 3936 minor
770 3879 807 3936 sit
820 3896 949 3956 prepor-
993 3894 1168 3954 empyreum
1181 3878 1305 3937 inibo.»

47 3953 138 4049 Ϊῖζω·
151 3968 197 4025 tio
207 3967 299 4024 totius
308 3965 423 4036 mundi,
433 3965 509 4022 intre
519 3978 683 4022 concavum
694 3963 872 4019 firmamenti
880 3979 950 4021 eon·
1028 3967 1070 4022 ita
1086 3964 1115 4021 S.
1132 3963 1300 4020 Vincentius
1318 3967 1416 4022 mente
1439 3963 1471 4020 in
1491 3961 1600 4021 coelum
1623 3979 1654 4021 se
1675 3960 1788 4022 librans

48 4044 62 4058 ''
154 4049 245 4121 tenti,
268 4049 308 4108 ad
329 4049 518 4123 complexum
539 4047 605 4106 coeli
625 4045 774 4120 empyrei,
799 4063 890 4120 quam
913 4049 950 4105 sit
993 4048 1077 4118 vicit,
1090 4048 1152 4106 imo
1166 4047 1229 4104 risit
1241 4046 1344 4105 omnia
1357 4046 1646 4118 Dacianitormenta3
1660 4061 1789 4121 cumque

113 4185 118 4192 .
154 4135 241 4208 globi
256 4139 337 4191 terrae
351 4133 502 4207 adipsum
516 4131 748 4190 firmamentum.
993 4133 1023 4190 in
1034 4131 1161 4205 equuleo
1167 4130 1446 4204 sublatusabeoper
1452 4130 1789 4204 ludibriumrcgaretur,

47 4214 140 4263 Ml·
192 4219 329 4290 Septimo,
342 4234 380 4276 ex
391 4217 475 4277 dictis
490 4216 657 4286 deducunt,
673 4214 758 4289 qnod
771 4214 797 4271 si
808 4213 855 4272 bis
869 4213 950 4274 mille
993 4215 1117 4272 ubinam
1128 4218 1226 4272 esset:
1245 4233 1259 4268 e
1273 4217 1305 4271 ln
1318 4213 1449 4285 sublimi,
1462 4213 1511 4286 ait,
1521 4214 1601 4272 unde
1609 4219 1638 4273 te
1646 4218 1789 4290 potestate

48 4274 139 4384 ᾚξ·
154 4303 244 4362 annis
258 4301 423 4372 viveres,et
436 4299 569 4375 quotidie
582 4299 691 4356 directe
701 4298 732 4354 in
743 4297 837 4356 altum
851 4314 952 4356 ascen·
993 4305 1109 4357 terrena
1137 4300 1300 4356 tumentem
1328 4296 1414 4356 altior
1440 4298 1589 4372 despici0;
1608 4317 1623 4355 r
1652 4298 1790 4371 graviore

47 4386 244 4450 ascenderes
269 4383 309 4443 ed
336 4387 453 4443 eentum
480 4381 634 4455 milliaria,
663 4380 757 4455 idque
789 4380 950 4454 continno,
994 4381 1259 4439 minitantiselten
1268 4381 1376 4439 minari
1387 4381 1461 4438 mihi
1472 4383 1789 4456 videris,rrespondit,

47 4469 143 4565 ’ξδ’
153 4473 226 4542 post
237 4467 284 4526 bis
297 4467 379 4526 mille
393 4483 488 4525 annos
502 4466 631 4524 necdum
644 4463 813 4538 pervenires
827 4464 867 4521 ed
879 4479 951 4522 con·
997 4467 1082 4536 «sed,
1092 4463 1634 4539 quodvotisomnibusconcupierem,
1645 4465 1786 4523 offerre.»

45 4529 141 4630 &aaz
155 4567 264 4610 cavum
273 4549 451 4609 firmamenti
459 4550 516 4624 (bis
525 4547 950 4607 milleenimannishocmode
993 4551 1083 4623 igitur
1097 4565 1167 4608 eum
1179 4549 1322 4622 ungulas,
1337 4549 1431 4620 iaces,
1450 4565 1563 4624 prunas
1582 4553 1645 4610 toto
1664 4564 1789 4624 corpere

49 4653 133 4699 tmere
154 4638 273 4693 tantum
282 4633 441 4693 conficeres
450 4637 484 4692 7³
493 4631 781 4702 millienesmiliiar.,
789 4630 838 4688 hic
852 4633 952 4690 eutem
995 4635 1155 4692 dilacerato
1174 4637 1342 4691 constanter
1359 4633 1519 4708 exciperet,
1540 4633 1580 4691 eit
1601 4649 1609 4690 ε
1635 4634 1790 4690 «Frustra

1 4765 2 4778 2
69 4707 116 4752 ¹⁸²
153 4721 225 4776 sunt
235 4717 282 4791 80)
295 4735 303 4774 r
316 4733 447 4788 rursum,
458 4721 527 4791 post
543 4717 619 4775 elios
629 4716 676 4774 bis
689 4715 771 4772 mille
781 4729 876 4774 annos
887 4717 952 4772 tan·
993 4717 1141 4790 fatigaris,
1157 4717 1280 4776 Dacians
1296 4735 1303 4774 :
1318 4733 1380 4776 non
1394 4721 1480 4792 potes
1494 4722 1557 4775 tem
1569 4719 1720 4776 horrenda
1738 4733 1790 4775 ex-

1 4817 2 4824 *
153 4801 290 4859 tumdem
310 4799 444 4875 quotidie
461 4800 639 4871 ascendens,
659 4813 721 4857 non
746 4798 914 4874 pervenires
933 4814 953 4856 e
993 4803 1121 4876 cogitare
1135 4806 1296 4873 tormenta,
1308 4818 1400 4878 quam
1414 4804 1477 4877 ipse
1488 4807 1608 4878 paratus
1623 4818 1691 4860 snm
1705 4803 1790 4860 susti·
1885 4803 1889 4809 '

153 4899 286 4945 concavo
299 4886 339 4942 ed
352 4899 519 4943 convexum
529 4883 708 4942 firmamenti
724 4883 872 4957 :denique
883 4885 952 4956 post
994 4903 1074 4946 nere.
1091 4889 1204 4958 career,
1211 4886 1637 4958 ungulae‚crndentes1aminae
1648 4901 1791 4961 morsque

152 4973 284 5044 quantor
303 4972 333 5026 el
352 4967 441 5042 plura
461 4983 612 5027 annorum
631 4967 739 5035 millia,
762 4967 951 5026 tantumdem
994 4971 1075 5047 ipsa,
1096 4971 1187 5030 ludus
1203 4971 1350 5045 J'ccnsque
1365 4970 1535 5029 Christianis
1548 4976 1634 5045 sunt,
1652 4986 1717 5032 non
1730 4973 1788 5030 tor·

151 5053 288 5128 gueddie
306 5052 485 5123 ascendens,
506 5066 570 5111 nen
586 5052 756 5127 pervenires
779 5067 798 5110 e
815 5065 949 5110 convexo
994 5061 1128 5116 mentum
1141 5075 1149 5114 ε
1164 5077 1179 5112 e
1196 5055 1304 5114 eoelum
1317 5056 1396 5114 enim
1411 5054 1550 5128 cogitent.
1714 5097 1719 5108 ,

152 5133 333 5197 firmamenti
345 5135 387 5196 ad
403 5134 514 5198 mrum
526 5149 712 5212 empyreum.
734 5135 800 5194 neo
816 5137 846 5193 et
861 5134 951 5210 plura
1029 5142 1072 5200 lta
1081 5142 1110 5199 S.
1124 5143 1222 5200 lienes
1235 5140 1388 5215 AEgyptius
1404 5142 1525 5215 llartyr,
1540 5138 1691 5197 atrocibus
1703 5137 1791 5198 affee-

993 5229 1042 5286 tus
1054 5224 1222 5300 suppliciis,
1238 5225 1356 5284 dicebat
1369 5241 1377 5283 r
1397 5223 1502 5284 «Nihil
1513 5226 1556 5282 est
1567 5223 1654 5299 quod
1663 5222 1791 5282 conferri

186 5313 269 5384 ttici.
286 5317 949 5389 reconsecretueraeaarm.1v,prs1n1.
992 5309 1089 5400 pessit
1104 5323 1172 5366 cnm
1189 5325 1283 5382 regno
1301 5309 1458 5382 coeiorum;
1478 5324 1575 5385 neque
1594 5308 1674 5368 enim
1693 5307 1791 5384 potest
