4100 6024
281 277 404 338 cxxxiv

279 377 448 441 nilineam
457 393 591 454 quoqrrs,
604 375 1071 454 quasdleiturtemsreriotantutu
1114 375 1187 436 seur
1209 381 1286 440 asset
1304 392 1362 454 pro
1385 395 1401 436 ι
1421 393 1521 442 rerum
1543 393 1753 454 corporearum
1775 379 1907 456 origine,
1994 361 2005 381 ”
2033 445 2035 453 A

278 467 411 535 negative.
426 464 588 538 propositio
601 461 868 524 autemtomorerie
881 459 1018 536 positive,
1031 457 1070 516 ds
1114 459 1265 530 origenem
1292 477 1346 522 seu
1371 462 1549 530 creationem
1575 463 1704 530 hominis
1730 483 1744 518 s
1770 465 1906 536 posuisse

279 563 340 622 qua
352 548 514 622 loquimur,
525 551 568 606 est
579 545 788 621 illaquoeinre
800 545 1071 619 theologicacppc-
1114 545 1191 620 (qum
1204 547 1318 620 epocha
1339 563 1408 612 oum
1427 551 1525 622 spectu
1538 552 1682 610 sectionis
1700 551 1797 612 mnndi
1813 550 1906 622 vulgo

277 632 358 688 nitur
370 632 521 688 communi
534 631 691 690 doctorum
704 630 821 701 sensui,
833 629 896 688 siue
909 628 971 688 ullo
985 625 1068 699 gravi
1112 629 1313 704 confunditur)
1327 631 1377 692 rel
1389 632 1478 694 etiam
1493 633 1637 706 originem
1654 633 1738 704 regni
1756 634 1904 699 scindis

277 717 307 771 ct
318 717 404 773 anim
415 731 478 772 non
491 714 604 772 detecto
617 719 669 773 aut
682 715 817 789 impenso
830 714 878 774 vel
888 710 1009 774 rationis
1018 709 1068 772 val
1147 713 1243 776 Placet
1254 716 1374 779 medem
1395 716 1645 788 animadvertere,
1663 717 1738 776 inter
1760 717 1829 776 illos
1851 719 1906 792 qui

275 799 455 858 auctoritatis
467 803 631 860 momento.
646 801 753 860 Omnes
767 803 866 860 eutem
883 796 957 858 sacri
976 796 1067 858 inter-
1110 799 1237 869 angelos
1256 799 1345 872 longe
1363 803 1429 860 ante
1442 817 1621 878 corporeum
1632 801 1780 866 mundum
1792 809 1905 868 creatos

274 885 371 956 preter
393 887 422 940 et
435 881 570 942 doctores
591 888 662 960 post
677 887 869 944 lateranense
889 879 1066 950 concilium,
1109 879 1277 954 ponebant,
1296 884 1458 948 nonnullos
1474 884 1564 947 luisse
1577 884 1631 963 qui
1644 901 1770 965 corpora
1790 886 1905 950 trihus·

275 967 413 1040 expensis
422 967 767 1042 omnibusinutremque
775 965 986 1043 penemmeo
997 978 1066 1022 con·
1109 970 1175 1024 rent
1194 967 1328 1040 Angelis,
1346 983 1407 1033 non
1425 969 1549 1046 quidcm
1563 984 1661 1031 erasse
1674 973 1702 1026 et
1715 971 1905 1051 ponderosa,

273 1051 417 1123 sentiunt,
435 1053 521 1126 quod
538 1053 642 1126 Angeli
662 1053 773 1112 conditi
789 1052 898 1110 fuerint
916 1051 994 1108 intre
1014 1061 1066 1108 sex
1110 1049 1545 1126 cujusmodihacnostrasunt,
1558 1052 1803 1126 sedtenuissima,
1816 1058 1905 1121 retbe-

273 1134 366 1198 dirini
377 1136 489 1212 opificii
502 1136 582 1210 dies;
597 1137 641 1196 illi
654 1136 743 1195 etiam
755 1135 809 1213 qui
822 1135 855 1193 id
866 1135 898 1192 in
911 1148 947 1192 eo
960 1129 1065 1190 conei-
1108 1132 1321 1206 rcarclignca.
1332 1137 1409 1198 inter
1419 1136 1474 1196 lrcs
1484 1140 1673 1202 recensentur
1683 1138 1856 1200 ambrosius
1865 1143 1903 1218 (3)

272 1217 313 1276 lio
325 1219 481 1278 definitum
493 1220 583 1279 fuisse
595 1224 768 1296 pernegant,
780 1239 795 1275 a
808 1222 863 1277 ete.
986 1284 988 1288 Α
1109 1218 1137 1272 ct
1155 1217 1326 1290 Cassianus,
1348 1219 1459 1294 quibus
1473 1222 1617 1282 consentit
1635 1221 1667 1280 in
1680 1222 1733 1280 lib.
1748 1227 1788 1286 Be
1800 1225 1903 1300 Spiret.

307 1304 448 1361 blilillvll.
469 1307 530 1376 Ego
549 1306 758 1364 tantummodo
777 1300 1064 1362 animaduersionem
1108 1300 1198 1360 sanct.
1211 1303 1247 1372 (t)
1266 1303 1398 1374 Basilius,
1411 1304 1463 1380 qui
1481 1305 1555 1370 inter
1568 1309 1726 1367 assertores
1738 1306 1826 1380 hujus
1837 1326 1904 1371 sen.

271 1403 364 1446 unam
377 1389 530 1461 adjiciam,
544 1407 626 1464 qus,
641 1390 674 1448 ni
689 1389 794 1460 fallor,
807 1387 931 1457 alicujus
945 1389 988 1442 esi
1001 1397 1066 1444 mo
1107 1384 1713 1450 tentieacitaturaioanncThessalonicensi
1722 1390 1770 1462 (lt).
1779 1393 1904 1452 Basilius

270 1471 373 1541 menti,
386 1476 415 1531 et
428 1489 521 1548 quem
531 1479 645 1532 veteres
656 1473 789 1546 theologi
800 1471 926 1545 adjicere
939 1482 1064 1543 nonpoa
1105 1472 1248 1540 praterea
1261 1470 1298 1544 (6)
1318 1475 1385 1530 ante
1400 1472 1548 1536 mundum
1568 1471 1649 1530 hunc
1665 1474 1821 1536 mutationi
1834 1493 1902 1538 cor·

270 1560 375 1616 terem.
389 1559 463 1616 Fusa
477 1560 539 1629 jam
552 1559 753 1629 ostendimus,
766 1557 843 1616 iilud
856 1571 918 1613 esse
935 1570 953 1612 a
966 1552 1065 1627 pbilo-
1106 1551 1297 1628 ruptionique
1308 1555 1472 1626 subjectum
1482 1555 1664 1634 superiorem
1677 1560 1841 1637 quamdam
1854 1561 1903 1624 lu·

271 1642 376 1717 sophia
398 1643 593 1716 imperatum,
611 1659 630 1700 a
648 1642 799 1714 theologia
821 1639 1016 1715 permissum,
1030 1639 1064 1696 ut
1106 1651 1171 1696 cem
1183 1637 1273 1700 luisse
1287 1641 1451 1714 suspicatus
1465 1643 1525 1710 cst,
1538 1645 1699 1716 nostraque
1718 1643 1902 1724 splendidio-

269 1727 394 1798 longum
414 1728 557 1802 temporis
577 1728 766 1786 intervalium
784 1726 860 1784 inter
873 1723 979 1782 mundi
999 1737 1064 1780 cor·
1104 1733 1187 1792 rem,
1205 1721 1237 1780 in
1251 1739 1313 1797 qua
1326 1724 1427 1796 lngeli
1442 1725 1598 1798 degerent:
1620 1742 1692 1787 mox
1707 1743 1778 1790 uero
1796 1733 1829 1787 ut
1843 1747 1902 1792 em-

269 1811 353 1885 pcrei
365 1812 544 1870 creationem
554 1814 583 1872 et
595 1811 824 1886 productionem
834 1805 1063 1867 homiuisinler·
1104 1802 1169 1866 lum
1183 1807 1398 1880 conditumest,
1415 1809 1446 1868 in
1459 1809 1580 1880 ragione
1593 1811 1790 1887 supercaelesti
1802 1811 1901 1881 luceru

267 1909 426 1969 ponemus.
442 1898 518 1966 Ergo
530 1895 596 1968 pari
614 1895 706 1952 modo
723 1893 823 1952 licebit
841 1893 918 1951 inter
933 1891 1062 1964 produc·
1103 1887 1187 1950 illam
1209 1893 1368 1964 mansisse,
1387 1897 1416 1950 at
1435 1893 1592 1956 interclusa
1604 1893 1794 1958 interioribus
1806 1899 1901 1978 parti-

266 1984 331 2039 tum
343 1977 496 2037 hominem
511 1985 539 2036 st
549 1979 730 2052 Angelorum
746 1977 924 2038 crannonem
936 1974 1061 2046 longum
1104 1970 1162 2034 bus
1184 1973 1250 2034 luce
1268 1977 1377 2042 coelesti
1394 1976 1436 2037 ob
1459 1977 1665 2052 interpositum
1686 1979 1752 2044 eoeli
1772 1996 1898 2056 corpus,

266 2063 409 2138 temporis
421 2064 610 2123 intervallum
628 2064 783 2123 collocare.
796 2065 932 2120 lamverc
945 2063 1061 2118 senten·-
1103 2057 1238 2116 tcncbras
1252 2061 1421 2135 occoepisse.
1439 2061 1511 2122 ilino
1524 2063 1623 2120 autem
1639 2063 1802 2124 ostenditur
1817 2065 1849 2132 in
1862 2083 1899 2130 ca

265 2148 306 2207 tia
323 2150 388 2208 hac
400 2149 439 2209 ab
457 2166 492 2208 ea
508 2150 546 2209 de
565 2165 625 2224 qua
642 2149 843 2224 loquebamur
856 2147 1058 2220 antiquorum,
1103 2143 1246 2205 sentemia
1263 2145 1402 2207 Basiliam
1421 2143 1525 2216 luisse,
1542 2150 1576 2206 ut
1590 2149 1706 2220 putaret
1721 2146 1809 2219 longe
1828 2153 1898 2212 ante

264 2247 328 2292 non
339 2233 503 2309 plurimum
517 2233 624 2292 diBart.
641 2236 701 2291 Boc
714 2232 805 2290 modo
823 2247 893 2292 cum
906 2228 1060 2288 communi
1102 2227 1248 2299 epocham
1260 2227 1359 2300 illam,
1379 2244 1447 2303 qua
1465 2228 1570 2292 mundi
1590 2229 1697 2291 erectio
1712 2231 1830 2304 dicitur,
1846 2249 1898 2294 re-

263 2317 473 2392 thcclcgorum
486 2319 621 2378 doctrina
638 2333 701 2376 nen
717 2317 770 2376 illa
782 2317 905 2391 quidem
919 2314 1058 2385 omnino,
1099 2325 1167 2376 runt
1178 2313 1343 2385 quamdam
1355 2311 1472 2385 lucem,
1483 2328 1569 2390 qum,
1583 2313 1626 2378 uti
1639 2312 1702 2377 ltaec
1715 2319 1826 2388 nestra,
1839 2316 1896 2379 ob-

263 2400 349 2476 quod
371 2402 481 2472 fateor,
495 2402 685 2471 conciliatur;
701 2400 754 2458 scd
773 2405 875 2458 tamen
892 2413 1001 2469 magna
1021 2413 1059 2458 ex
1097 2393 1177 2466 jectu
1185 2397 1271 2470 opaci
1278 2395 1411 2470 corporis
1418 2397 1648 2473 interciperetur,
1656 2401 1782 2462 creatam
1793 2399 1895 2469 fuisse.

262 2488 346 2559 parte
367 2485 503 2544 conseret.
522 2488 616 2558 Atque
637 2485 708 2542 inde
731 2483 797 2541 licet
818 2480 1056 2552 animaduertes,
1099 2477 1272 2540 sirmeum
1286 2480 1476 2547 oacautanus
1490 2481 1527 2556 (lt
1548 2481 1647 2545 lucem
1660 2481 1819 2560 primodie
1831 2485 1893 2546 fae

260 2569 417 2642 quomodo
430 2570 570 2627 humanas
583 2569 721 2642 scientiae,
731 2568 868 2643 quamvis
881 2566 1056 2630 abinvicem
1096 2565 1177 2636 tau,
1200 2568 1290 2638 ionem
1307 2580 1371 2625 esse
1391 2565 1478 2638 dicit,
1495 2564 1640 2631 eteddit:
1664 2566 1745 2629 sSed
1761 2569 1893 2636 eoelcstes

260 2651 481 2724 remotissima,
495 2653 607 2711 auxilia
627 2653 684 2710 sibi
702 2658 808 2711 mutua
820 2654 1056 2726 argumentique
1098 2661 1221 2721 quoque
1234 2649 1358 2714 virtues
1371 2652 1441 2716 sunt
1452 2647 1545 2722 tgniu
1560 2665 1594 2708 ac
1603 2649 1738 2723 superior
1752 2651 1802 2716 illa
1814 2653 1894 2726 iguis

260 2734 422 2793 conterant.
444 2733 515 2807 Quis
538 2751 674 2810 unquam
695 2741 841 2813 putasset,
865 2749 1056 2810 progressum
1097 2735 1200 2792 nostro
1216 2732 1287 2790 huic
1304 2731 1497 2806 inferiorique
1509 2736 1652 2806 cognatus
1668 2736 1747 2793 est.»
1769 2738 1811 2804 Ex
1825 2739 1893 2812 quis

260 2819 442 2876 naturalium
460 2819 649 2879 scientiarum
670 2837 706 2878 ce
727 2820 816 2880 nobis
829 2819 1003 2888 allaturum,
1017 2833 1055 2876 ex
1096 2812 1301 2880 huscmuibus
1313 2817 1456 2890 sequitu,
1470 2815 1892 2897 qucmmmrasthusmon

259 2901 371 2976 qulbus
383 2902 551 2978 theologica
559 2904 623 2962 baec
631 2904 669 2962 dc
683 2903 835 2978 spiritibus
844 2900 1054 2973 conuovcrsia,
1095 2899 1189 2962 modo
1198 2915 1286 2963 veros
1298 2900 1418 2976 spiritus
1430 2899 1492 2966 sire
1504 2900 1720 2976 intelligentias
1735 2903 1788 2966 scd
1801 2909 1829 2962 et
1838 2905 1893 2972 ali,

259 2988 451 3062 quantumvis
471 2989 655 3064 imperfecte,
671 2990 810 3064 componi
831 2990 955 3066 posset?
968 2986 1054 3057 Quod
1095 2982 1367 3058 reincorporatus,
1384 2983 1593 3059 impeccabilis
1605 2983 1694 3058 nutus
1710 2987 1817 3052 mundi
1828 2988 1891 3054 ior-

257 3079 372 3131 veteres
389 3073 432 3131 illi
445 3074 681 3146 contendebant,
695 3075 837 3132 exstitisse
859 3073 986 3146 Angelos
999 3087 1054 3145 per
1093 3066 1224 3133 mationa
1237 3067 1377 3138 sobrius,
1390 3068 1536 3142 posuisse.

258 3156 383 3230 aliquot,
396 3160 425 3214 et
434 3172 505 3217 vero
515 3157 604 3217 ellam
613 3175 668 3233 per
679 3159 776 3217 multa
788 3157 971 3216 saculsentc
982 3171 1053 3229 cpo-
1129 3152 1431 3220 animadvertendum
1450 3158 1504 3226 est,
1522 3153 1673 3228 quosdam
1687 3154 1821 3220 Ecclesia
1835 3159 1888 3226 Ps-

258 3241 345 3300 chem
363 3239 446 3301 illam
462 3259 529 3318 quea
547 3243 743 3302 communiter
756 3241 865 3300 dieitur
876 3239 982 3298 mundi
999 3238 1054 3297 inl·
1093 3240 1152 3300 tres
1166 3241 1338 3312 corporatos
1351 3235 1589 3312 utiquelngclos
1599 3238 1812 3312 posuissem
1825 3256 1889 3309 uon

257 3325 349 3398 tium,
362 3326 421 3384 hoc
440 3330 484 3384 est
504 3333 572 3385 autc
586 3328 740 3386 bominem
760 3326 934 3395 conditum,
948 3325 1007 3382 boc
1024 3327 1053 3381 et
1091 3319 1201 3384 idcireo
1208 3321 1266 3380 illis
1273 3325 1404 3386 mentem
1410 3320 1533 3387 omnino
1542 3322 1747 3400 incorpoream
1754 3339 1886 3396 negasse.

257 3423 313 3466 nos
334 3407 494 3468 concedere
515 3427 691 3485 possumus,
713 3414 743 3469 et
766 3413 843 3468 certe
867 3407 1053 3468 iateranensi
1092 3405 1149 3466 nec
1158 3419 1213 3466 nos
1221 3405 1388 3478 incorporei
1396 3420 1517 3466 sumus:
1532 3421 1594 3466 uon
1607 3406 1676 3466 ideo
1689 3408 1812 3468 omnino
1822 3425 1888 3474 eor·

257 3491 374 3550 decreto
393 3509 455 3552 nou
469 3495 716 3568 contradicimus,
732 3492 898 3552 dummodo
911 3491 1052 3551 confitea-
1091 3489 1191 3562 porei,
1210 3493 1239 3552 ct
1253 3486 1354 3554 animo
1367 3504 1436 3553 vere
1450 3488 1596 3562 spirituali
1609 3494 1638 3551 et
1650 3489 1825 3566 incorporeo
1839 3507 1887 3553 ca·

256 3591 324 3632 mur
345 3578 438 3634 Deum
455 3577 545 3634 simul
561 3577 600 3635 ab
619 3578 702 3636 initio
716 3578 857 3651 temporis
875 3581 905 3636 et
923 3576 1051 3649 Angelos
1090 3577 1198 3638 rentes.
1213 3572 1482 3644 cassianumque
1496 3590 1590 3648 corpas
1601 3575 1696 3640 liutem
1707 3575 1887 3644 somnolentas

256 3664 285 3716 et
298 3675 425 3734 corpora
438 3662 475 3719 de
496 3661 591 3720 nihilo
606 3660 785 3720 condidisse.
806 3665 927 3719 Possent
947 3660 1051 3732 modo,
1091 3656 1175 3723 docet,
1189 3656 1243 3717 sed
1256 3661 1368 3720 mentes
1377 3657 1442 3716 illas
1451 3657 1886 3736 corpushuheutes,eouporeas

255 3745 357 3818 paucis
378 3745 498 3804 mutatis
516 3746 636 3818 verbis,
650 3746 764 3820 antiqui
776 3746 821 3804 ilii
838 3762 907 3804 suas
919 3745 1051 3820 prolerre
1091 3741 1243 3804 condicit.
1257 3741 1431 3810 Substantia
1441 3741 1560 3810 nonnul
1570 3758 1719 3820 corporeae
1729 3759 1886 3830 uunquam

256 3831 423 3902 sententias,
435 3831 613 3905 quianeque
622 3831 809 3889 lateranensi
818 3831 1051 3904 syn0d0,neque

254 3914 454 3970 recentiorum
467 3915 608 3972 doctrinae
618 3914 853 3972 adversarentur.
864 3917 965 3972 Posset
976 3930 1002 3972 s.
1018 3929 1048 3986 g.
1122 3921 1155 3988 (el
1171 3920 1229 3973 vid.
1240 3921 1327 3974 Peter.
1341 3920 1408 3976 illel
1425 3929 1458 3976 ne
1472 3925 1580 3986 tumlti.
1590 3935 1647 3988 cap.
1658 3936 1694 3986 u,
1709 3922 1741 3994 §fi
1754 3926 1779 4004 t,
1793 3925 1833 3980 12,

255 3998 354 4055 dicere
369 3997 564 4072 {lieronymus
581 4017 589 4054 ε
605 3999 689 4056 «Sex
707 3997 789 4056 mille
810 3997 939 4055 necdum
957 3998 1050 4056 nostri
1121 3996 1156 4057 (ii
1170 3993 1228 4075 Cal·
1242 4005 1301 4073 ¹¹3·
1320 3992 1367 4047 uni
1380 3993 1416 4047 ait
1431 4009 1474 4074 {s
1488 3993 1633 4051 substantie
1649 3993 1754 4075 ‘lumini
1771 4007 1884 4077 millum

203 4071 205 4075 ⁴
254 4082 367 4138 humani
386 4086 490 4154 amm-3
509 4081 671 4155 implentur
689 4083 777 4152 anni,
792 4086 822 4140 θ)
840 4087 952 4156 quam,
966 4081 1050 4154 prius
1091 4063 1249 4129 (celeseum
1258 4064 1402 4128 virtutum)
1414 4070 1526 4128 spiritus,
1537 4071 1609 4131 puto,
1619 4071 1657 4114 est
1668 4077 1751 4118 cerrus
1761 4074 1806 4115 aut
1818 4067 1885 4132 ignis

1089 4146 1178 4200 expers
1187 4134 1333 4186 materiae.»
1348 4135 1456 4186 Videtur
1469 4135 1571 4190 Petavio
1584 4135 1689 4186 Basilius
1698 4149 1750 4185 non
1762 4137 1823 4186 satis
1832 4138 1881 4190 sibi

526 4249 532 4262 ,
616 4249 621 4262 ,
702 4249 709 4260 ,
877 4249 883 4262 ,
1022 4248 1028 4262 ,
1089 4208 1222 4270 constare(
1229 4213 1262 4257 oe
1271 4209 1380 4270 sepelis,
1394 4206 1439 4256 lib.
1455 4207 1541 4270 l,eap.
1551 4206 1718 4272 rr‚§t),quia
1730 4205 1776 4258 lib.
1791 4215 1883 4260 eontra

254 4249 328 4308 dum
343 4251 386 4306 ⁰⁵²
399 4264 599 4322 prae0⁰⁸s¹⁵⁸02
613 4265 645 4306 ¹¹¹
658 4248 769 4323 qulbus
782 4249 902 4343 nageb,
922 4249 1048 4344 :fhmmr
1088 4282 1189 4329 nucem.
1199 4282 1227 4328 et
1233 4275 1472 4341 inbomilia,lnqua
1482 4277 1563 4328 Deum
1571 4291 1681 4329 noname
1691 4277 1817 4332 mannum
1824 4293 1884 4336 eno·

253 4331 472 4390 nominationes
487 4335 658 4406 caeteresque
671 4333 794 4390 Virtutes
810 4335 963 4390 servierint
972 4335 1048 4404 Deo,
1088 4353 1170 4398 rorem
1184 4349 1282 4410 probat,
1297 4349 1440 4419 saepsere,
1453 4347 1499 4398 boc
1509 4353 1546 4400 est
1560 4361 1659 4408 corpere
1670 4358 1789 4408 ruentem
1805 4356 1884 4405 natus

253 4417 283 4472 ct
301 4431 338 4474 eo
359 4416 481 4489 iubente
504 4415 728 4475 substiterint.»
752 4419 853 4474 Posset
873 4416 1048 4476 Ambrosius
1087 4429 1143 4470 ram
1155 4417 1571 4483 Angeloruupcnit.lihocuil1il
1581 4425 1625 4472 est.
1639 4419 1722 4476 Etiam
1733 4419 1883 4478 Serennia
1947 4435 1953 4444 ·

252 4499 401 4559 affirmare
415 4501 451 4576 (t)
467 4519 475 4559 ε
490 4503 591 4574 Longo
606 4505 740 4575 tempore
751 4505 819 4558 ente
838 4500 934 4574 ipsum
952 4501 1048 4558 homi·
1087 4489 1250 4545 Gabalitanus
1272 4490 1398 4543 intellectu
1416 4493 1534 4550 neutros
1558 4496 1583 4542 et
1602 4491 1757 4552 incorporeos
1777 4495 1883 4560 spirim

251 4585 298 4643 a
756 4588 785 4641 i
1088 4558 1884 4696 i>

252 4669 395 4727 suavitate
406 4685 522 4727 canores
531 4667 613 4726 vocis
627 4684 688 4725 suec
702 4667 822 4726 dicunt:
835 4669 967 4740 Sanctus,
981 4685 1046 4728 san·
1087 4715 1130 4753 m
1141 4702 1265 4754 vocabant
1280 4707 1378 4752 mem
1390 4701 1434 4752 m,
1444 4714 1501 4766 qm
1511 4715 1592 4754 m
1604 4707 1630 4752 e,
1644 4701 1764 4766 palpandi
1774 4704 1883 4758 mmm

252 4756 326 4824 ctus,
340 4755 468 4810 sanctus.
483 4772 498 4807 s
518 4755 575 4810 Nec
588 4751 811 4810 (tenebrardum
821 4751 970 4826 quispiam
979 4753 1046 4825 jure
1086 4780 1183 4825 eamr,
1201 4772 1322 4824 egmnus
1335 4775 1457 4836 (merop.
1467 4773 1490 4832 1,
1502 4771 1625 4838 intancg.
1635 4773 1690 4834 est,
1706 4777 1882 4832 enarratione

250 4837 494 4911 reprehenderet,
507 4838 533 4893 si
551 4835 701 4906 scriberet,
717 4836 864 4893 veriorem
877 4835 936 4894 sibi
951 4837 1046 4896 videri
1087 4843 1150 4896 dicit
1163 4857 1266 4907 empore
1282 4843 1447 4909 Angelorum.
1463 4842 1643 4908 clucesceret,
1657 4843 1707 4903 ait,
1724 4850 1783 4902 sunt
1793 4858 1881 4907 secun

251 4922 435 4986 sententiam,
446 4918 1047 4994 cquaeAngelosnesoicquotsmculisan-
1087 4917 1149 4973 ‘1⁰⁰1
1164 4928 1223 4979 ¹1⁰³·
1238 4929 1329 4981 milui
1344 4927 1405 4973 ¹010
1421 4913 1559 4970 &cundum
1576 4926 1644 4978 ⁸0⁵⁰,
1665 4915 1882 4978 quemadmodum

251 5005 400 5069 necessse
419 5005 565 5088 angiam
580 5023 596 5062 s
610 5003 736 5065 numm
756 5003 873 5078 genas
897 5004 982 5061 aocet
996 5005 1044 5083 e).
1085 4985 1740 5123 {3333ggggasffiggssgggagffigiggifflffi
1748 4986 1882 5038 acrama.

1117 5128 1150 5193 (t)
1166 5129 1194 5179 ln
1207 5127 1312 5190 Dialogo
1325 5127 1390 5178 lecto
1403 5127 1433 5177 in
1441 5126 1597 5179 cecumealca
1608 5127 1710 5193 Brocdo
1719 5127 1776 5192 Vll,
1785 5135 1837 5182 sot.
1847 5127 1882 5194 V,

253 4168 398 4238 tempora,
413 4169 540 4237 quantas
560 4164 738 4222 saeculorum
756 4165 885 4237 origines
905 4163 1050 4224 arbitren-

282 5202 318 5270 (i)
332 5204 435 5267 Prosae.
454 5204 483 5254 in
496 5202 610 5254 Psalmi
626 5202 718 5254 elata
736 5201 822 5268 ipsum
837 5201 942 5256 initium
954 5199 1046 5258 mundi
1085 5214 1112 5266 p.
1121 5203 1177 5261 etl,
1193 5199 1254 5250 edit.
1271 5199 1342 5250 Rom.

250 5275 422 5336 Cherubim»
437 5279 489 5328 eto.
1117 5270 1154 5336 (t)
1166 5269 1284 5322 Bomil.2
1298 5273 1325 5320 ln
1337 5275 1456 5320 Hancne

283 5347 316 5412 (B)
329 5345 495 5410 denebrac,
509 5344 546 5396 De
562 5346 654 5410 molt.
667 5343 742 5398 Bul.
1118 5346 1156 5412 (l)
1170 5343 1260 5397 nosse
1274 5344 1302 5396 ¹.
1320 5343 1347 5391 et
1360 5339 1569 5409 venustiorem
