4020 6026
259 335 293 390 Vl

257 440 323 504 tina
334 440 413 504 illud
426 443 544 506 decreto
557 460 612 506 suo
623 441 773 522 sapienter
786 443 906 523 adjecit,
914 448 951 506 ut
961 443 1026 506 haec
1037 442 1106 523 ipsa
1118 443 1260 530 Vetuslac
1276 443 1401 523 vulgata
1411 443 1503 508 editio
1512 443 1768 520 emendatissime,
1780 441 1879 524 quoad

258 537 325 601 fieri
346 548 463 620 posset,
477 542 722 620 imprimeretur,
737 559 833 622 neque
855 540 913 602 ulli
931 540 1034 602 ficeret
1059 557 1127 602 eam
1148 539 1213 602 sine
1234 539 1373 603 facultate
1395 548 1425 605 ct
1446 542 1658 622 approbatione
1681 541 1877 622 superiorum

259 637 416 700 excudere.
441 643 503 713 Quo
522 643 642 700 Decretc
654 637 748 703 simul
770 638 1025 722 typographorum
1040 637 1203 702 temeritati
1221 655 1254 700 ac
1272 639 1402 703 licentia
1421 639 1544 704 modum
1563 640 1725 720 imposuit,
1738 646 1768 702 et
1781 640 1881 702 Pasto-

260 753 331 797 rum
345 735 478 798 Ecclesia
498 736 529 800 in
552 743 637 800 tanto
656 737 734 800 bono
754 753 846 818 quam
867 735 1097 814 diligentissime
1117 735 1276 798 retinendo
1293 743 1324 802 ot
1341 737 1562 814 conservando,
1576 735 1767 816 vigilantiam
1789 741 1880 818 atque

261 832 443 895 industriam
457 835 610 895 excitavit.
626 837 661 894 Et
674 834 813 914 quamvis
825 833 993 912 insignium
1008 833 1236 896 Academiarum
1249 835 1392 914 Tbeolcgi
1406 836 1438 896 in
1461 835 1592 898 editione
1604 833 1878 914 Vulgatapristino

262 948 316 992 suo
331 929 422 991 nitori
443 930 629 1020 restituenda
646 947 837 1008 magnacum
857 929 947 992 laude
965 929 1186 1008 laboraverint,
1202 931 1274 1012 quia
1292 931 1442 994 tamenin
1458 937 1543 994 tanta
1560 949 1592 994 re
1609 931 1694 994 nulla
1712 938 1881 1010 potestesse

263 1027 359 1090 nimia
384 1027 563 1106 diligentia,
589 1035 619 1088 et
643 1026 757 1089 codices
786 1026 985 1105 manuscripti
1011 1026 1178 1106 complures
1206 1034 1236 1090 et
1261 1027 1439 1090 vetustiores
1467 1027 1587 1090 Summi
1615 1027 1767 1090 Pontificis
1790 1031 1879 1109 jussu

262 1125 445 1206 conquisiti,
464 1133 553 1203 atque
572 1124 605 1186 in
621 1123 731 1186 Urbem
750 1123 865 1186 advecti
885 1129 992 1200 erant,
1007 1131 1037 1186 et
1056 1123 1199 1200 demum,
1215 1123 1359 1204 quoniam
1373 1124 1510 1188 executio
1531 1125 1720 1203 generalium
1743 1126 1883 1190 concilio·

262 1241 351 1300 rum,
368 1231 398 1288 et
411 1224 477 1301 ipsa
489 1222 713 1301 scripturarum
732 1222 892 1299 integritas
913 1213 1084 1300 ac'puriras
1103 1221 1140 1282 ad
1166 1237 1270 1284 curam
1287 1215 1463 1300 Apostolicae
1479 1221 1563 1284 Sedis
1581 1221 1774 1302 potissimum
1793 1225 1884 1308 perti-

262 1339 335 1386 nere
357 1321 544 1400 cognoscitur
568 1337 577 1380 ι
601 1319 669 1382 ideo
691 1319 762 1382 Pius
781 1323 829 1396 lv,
845 1317 985 1381 Pontifex
1004 1318 1173 1394 Maximus,
1194 1337 1248 1398 pro
1265 1335 1320 1382 sua
1338 1319 1371 1381 in
1390 1335 1494 1382 omnes
1513 1320 1651 1383 Ecclesiae
1670 1325 1769 1400 partes
1786 1322 1885 1385 incre-

263 1417 351 1482 dibili
377 1418 558 1498 vigilantia,
586 1417 758 1480 lectissimis
785 1417 900 1497 aliquot
928 1423 1039 1480 sanctae
1070 1419 1213 1479 Romanae
1245 1414 1380 1479 Ecclesia
1405 1417 1637 1494 cardinalibus,
1662 1417 1790 1499 aliisque
1816 1427 1882 1484 tum

262 1535 415 1580 sacrarum
427 1517 615 1593 litterarum,
629 1521 696 1578 tum
708 1515 860 1578 variarum
877 1514 1052 1592 linguarum
1066 1513 1260 1593 peritissimis
1273 1515 1368 1588 viris,
1384 1531 1452 1576 eam
1470 1514 1655 1594 provinciam
1671 1515 1883 1596 demandavit,

147 1697 153 1708 ι
210 1671 213 1678 ,
264 1622 300 1677 ut
312 1614 471 1694 vulgatam
485 1614 647 1676 editionem
659 1613 802 1688 latinam,
815 1612 958 1674 adhibitis
970 1611 1191 1691 antiquissimis
1205 1610 1355 1674 codicibus
1366 1611 1599 1690 manuscriptis,
1613 1613 1754 1692 inspectis
1768 1631 1884 1698 quoque

264 1711 428 1786 hebraicis,
447 1711 606 1790 graecisque
624 1709 792 1772 Bibliornm
811 1709 965 1786 fontibus,
985 1709 1132 1771 consultis
1153 1707 1283 1788 denique
1301 1715 1437 1772 tenram
1451 1711 1575 1770 Petrum
1589 1711 1827 1790 commentariis,
1841 1731 1887 1776 ac-

265 1809 453 1873 curatissime
468 1809 655 1886 castigarent.
671 1807 754 1882 Quod
768 1807 873 1870 itidem
888 1807 1065 1869 institutum
1080 1805 1369 1884 Piusllprcsecutos
1381 1811 1436 1866 est.
1449 1807 1564 1867 Verum
1578 1808 1768 1870 manentum
1781 1807 1884 1885 illurn,

265 1908 303 1970 ob
322 1908 420 1970 varias
439 1905 687 1986 gravissimasque
708 1905 793 1966 Sedis
813 1904 987 1982 apostolica
1005 1903 1213 1982 occupationes
1230 1901 1414 1982 jamdudum
1427 1901 1653 1979 intermissum,
1669 1905 1771 1968 Sistus
1785 1909 1830 1984 V,
1844 1907 1888 1970 di·

266 2006 338 2070 viua
349 2003 538 2068 Providentia
550 2003 587 2063 ad
601 2018 759 2062 summum
772 2001 978 2064 Sacerdotium
992 2008 1145 2075 evocatus,
1162 2000 1373 2062 ardentissimo
1387 2000 1485 2062 studio
1504 2001 1672 2078 revocarit,
1687 2011 1718 2065 et
1735 2019 1809 2084 opus
1822 2012 1888 2067 tan-

266 2103 335 2166 dem
353 2101 520 2164 confectum
540 2099 618 2179 typis
635 2098 774 2160 mandari
792 2098 895 2178 jussit.
910 2097 996 2172 Quod
1011 2115 1080 2159 cum
1092 2099 1157 2177 jam
1172 2103 1249 2158 esset
1262 2113 1429 2172 ercrrsum,
1445 2102 1476 2158 et
1488 2097 1568 2159 utin
1581 2095 1681 2160 lucem
1696 2101 1888 2166 emitteretur

265 2201 347 2264 idem
360 2197 499 2261 Pontifex
512 2213 633 2276 operam
645 2196 741 2270 daret,
756 2195 1001 2258 animadvertens
1014 2211 1077 2257 non
1089 2211 1184 2273 pauca
1197 2194 1229 2254 in
1244 2211 1326 2254 sacra
1341 2191 1438 2254 Siblia
1451 2192 1536 2272 praeli
1550 2194 1625 2258 vitio
1638 2196 1808 2276 irrepsisse,
1823 2217 1889 2280 qum

265 2301 373 2362 iterata
393 2295 551 2375 diligentia
567 2295 702 2372 indigere
721 2294 911 2368 viderentur,
934 2301 1032 2354 totum
1051 2309 1125 2371 opus
1145 2290 1201 2352 sub
1219 2290 1362 2352 incudem
1383 2291 1585 2353 revocandum
1604 2294 1720 2356 censuit
1733 2303 1822 2375 atque
1840 2297 1888 2358 de·

267 2397 372 2462 erevit.
387 2395 420 2458 ld
433 2411 505 2456 vero
517 2411 588 2454 cum
601 2399 698 2454 nrorte
711 2399 881 2470 preventus
893 2397 1035 2470 praestare
1046 2406 1107 2451 non
1122 2389 1282 2468 potuisset,
1299 2387 1458 2466 Gregorius
1471 2389 1551 2464 lllV,
1567 2387 1619 2468 qui
1632 2397 1698 2468 post
1711 2393 1827 2456 Urbani
1837 2397 1888 2456 llll

268 2494 426 2558 duodecim
438 2491 558 2553 dierum
573 2488 786 2551 Pontificatum
799 2489 882 2550 Sixto
894 2495 1088 2562 successerat,
1103 2489 1171 2566 ejus
1186 2484 1282 2547 animi
1298 2484 1499 2547 intentionem
1512 2495 1671 2563 executus,
1685 2489 1827 2568 perficere
1841 2509 1889 2572 ag·

268 2609 389 2672 gressus
401 2597 461 2664 est,
475 2585 672 2666 amplissimis
682 2586 799 2666 aliquot
809 2585 1031 2661 cardinalibus,
1045 2583 1174 2664 aliisque
1188 2582 1368 2644 doctissimis
1381 2582 1468 2659 viris,
1482 2584 1520 2646 ad
1532 2584 1588 2646 hoo
1600 2584 1714 2648 iterum
1725 2587 1887 2668 deputatis.

269 2691 325 2753 Sed
340 2707 374 2752 eo
387 2703 524 2768 quoque,
540 2693 570 2747 ct
583 2685 636 2764 qui
650 2684 698 2746 illi
711 2684 867 2761 successit,
881 2683 1055 2745 innocentio
1074 2685 1129 2758 lx,
1150 2681 1329 2744 brevissimo
1346 2685 1481 2758 tempore
1501 2681 1538 2742 dc
1555 2680 1612 2743 hac
1626 2680 1695 2744 luce
1713 2683 1888 2760 subtractis,
1975 2691 1981 2704 ’

270 2787 393 2850 tandem
406 2785 463 2847 sub
476 2783 606 2845 initium
617 2781 808 2845 Pontificatus
821 2781 985 2844 clementis
1000 2783 1079 2855 Vlll,
1094 2780 1146 2860 qui
1160 2797 1244 2842 nunc
1257 2778 1393 2840 Ecclesia
1404 2777 1554 2840 universa
1570 2779 1771 2858 gubernacula
1790 2791 1890 2863 tenet,
2008 2833 2009 2838 1

270 2903 360 2966 opus,
373 2883 408 2946 in
421 2881 502 2962 quod
516 2881 618 2944 Sistus
630 2883 656 2940 V
669 2879 856 2956 intenderat,
873 2883 931 2941 lleo
945 2879 1022 2941 bene
1039 2881 1184 2958 iuvante,
1202 2876 1370 2956 perfectum
1389 2882 1448 2938 est.
1467 2876 1575 2956 Accipe
1595 2877 1707 2956 igitur,
1728 2879 1892 2944 christiane
2008 2917 2009 2940 t

269 2983 378 3059 lector,
391 2981 495 3044 eodem
508 2980 660 3042 Clemente
674 2993 794 3040 summo
807 2975 951 3038 Pontiflce
965 2983 1136 3052 annuente,
1149 2991 1187 3036 ex
1200 2975 1345 3037 Vaticana
1355 2973 1572 3054 typographia,
1585 2977 1725 3038 Veterem
1737 2995 1771 3040 ao
1781 2979 1893 3060 Vulga-

270 3089 333 3144 tam
353 3095 443 3142 sacra
464 3076 626 3157 Scriptura
644 3075 824 3148 editionem,
846 3081 960 3154 quanta
981 3071 1046 3136 fleri
1066 3074 1164 3152 potuit
1183 3071 1340 3150 diligentia
1358 3071 1533 3149 castigatam
1548 3089 1557 3133 ε
1572 3089 1663 3152 quam
1678 3074 1801 3154 quidem
1817 3076 1893 3139 sicut

270 3177 411 3242 omnibus
423 3174 560 3238 numeris
574 3171 760 3248 absolutam,
774 3189 827 3250 pro
840 3171 976 3232 humana
996 3171 1202 3234 imbecillitate
1216 3169 1364 3233 affirmare
1379 3167 1502 3232 difficile
1516 3177 1578 3246 est,
1598 3171 1640 3232 ita
1658 3174 1774 3235 catoris
1795 3176 1893 3236 omni·

269 3275 339 3352 bus,
350 3291 417 3356 qnae
428 3273 467 3336 ad
480 3272 559 3334 hanc
571 3288 666 3351 usque
679 3270 759 3332 diem
772 3270 959 3348 prodierunt,
970 3269 1208 3332 emendatiorem
1219 3270 1434 3348 purioremque
1444 3285 1524 3345 esse,
1535 3268 1664 3332 minime
1677 3269 1890 3336 dubitandum.

270 3377 308 3436 Et
331 3391 399 3435 vero
420 3369 557 3451 quamvis
575 3369 608 3430 in
626 3368 683 3431 hac
702 3367 870 3430 Bibliorum
891 3367 1109 3443 recognitione,
1128 3367 1162 3426 in
1177 3366 1328 3427 codicibus
1342 3363 1572 3443 manuscriptis,
1586 3365 1714 3430 hebraeis
1732 3371 1893 3451 grecisque

271 3469 417 3544 fontibuS,
437 3474 467 3530 ct
485 3467 558 3546 ipsis
576 3473 715 3527 veterum
733 3467 858 3526 Petrum
871 3463 1096 3524 commentariis
1109 3461 1315 3539 conferendis,
1331 3479 1392 3524 non
1406 3461 1555 3524 mediocre
1568 3463 1706 3526 studium
1721 3465 1892 3530 adhibitum

272 3567 364 3632 fuerit
386 3587 395 3628 z
413 3566 448 3627 in
467 3563 524 3626 bac
541 3571 644 3626 tamen
661 3559 835 3640 pervulgata
849 3559 1004 3635 Lectione,
1018 3559 1096 3621 sicut
1108 3558 1258 3622 nonnulla
1272 3559 1409 3621 consulto
1422 3566 1557 3636 mutata,
1571 3560 1613 3622 ita
1627 3561 1719 3624 etiam
1733 3563 1813 3642 alia,
1828 3583 1893 3645 qua

271 3663 418 3729 mutanda
435 3661 634 3736 videbantur,
656 3658 789 3720 consulto
805 3659 968 3719 immutata
988 3656 1090 3718 relicta
1107 3663 1180 3718 sunt
1199 3675 1208 3718 :
1228 3664 1295 3718 tum
1308 3656 1388 3736 quod
1406 3657 1450 3718 ita
1462 3655 1635 3722 faciendum
1649 3675 1732 3736 esse,
1747 3662 1784 3724 ad
1801 3661 1894 3724 oflen-

272 3765 389 3828 sionem
408 3758 587 3840 populorum
606 3757 780 3833 vitandam,
795 3759 826 3818 S.
842 3755 1045 3836 Hieronymus
1058 3772 1120 3816 non
1133 3753 1227 3816 semel
1248 3754 1408 3816 admonuit
1422 3769 1431 3830 ;
1447 3761 1513 3816 tum
1532 3755 1611 3835 quod
1626 3755 1713 3818 facile
1728 3755 1795 3820 fleri
1810 3777 1893 3840 possa

272 3859 454 3925 credendum
468 3863 528 3932 est,
540 3861 575 3916 ut
587 3856 715 3932 majores
727 3853 838 3928 nostri,
852 3850 907 3932 qui
917 3867 954 3913 ex
967 3852 1099 3913 Hebraeis
1113 3859 1143 3912 et
1154 3851 1262 3914 Grecis
1275 3851 1382 3913 Latina
1395 3851 1548 3929 fecerunt,
1559 3853 1676 3933 copiam
1691 3853 1852 3918 meliorum
1865 3865 1894 3919 et

272 3957 513 4024 emendatiorum
531 3953 679 4016 librorum
700 3950 881 4024 habuerint,
905 3966 997 4030 quam
1017 3950 1059 4026 ii,
1073 3949 1123 4029 qui
1139 3956 1206 4028 post
1220 3946 1345 4011 illorum
1357 3955 1476 4012 aetatem
1488 3950 1527 4012 ad
1538 3965 1593 4012 nos
1606 3961 1827 4029 perveneruntr
1841 3955 1893 4035 qui

272 4058 411 4131 fortasse,
434 4062 497 4116 tam
517 4051 605 4128 longo
622 4057 754 4127 tempore
771 4047 936 4110 identidem
952 4046 1166 4124 describendo,
1187 4046 1292 4112 minus
1312 4045 1382 4124 puri
1400 4053 1489 4126 atque
1505 4046 1617 4126 integri
1631 4056 1793 4113 evaserunt
1802 4069 1813 4130 ;
1826 4057 1894 4114 tum

272 4155 425 4234 denique,
447 4149 520 4231 quin
538 4166 628 4211 sacre
647 4145 869 4225 congregationi
895 4144 1156 4224 amplissimorum
1178 4143 1406 4219 cardinalium,
1427 4144 1556 4223 aliisque
1583 4146 1795 4210 eruditissimis
1819 4149 1892 4211 viris

274 4253 311 4316 ad
324 4252 466 4329 hocopus
483 4265 501 4310 a
519 4247 593 4310 Sede
612 4243 778 4324 Apostolica
790 4242 928 4318 delectis,
942 4243 1129 4321 propositum
1143 4260 1205 4304 non
1221 4241 1299 4316 fuit,
1313 4257 1424 4302 noram
1438 4239 1572 4320 aliquam
1584 4242 1748 4306 editionem
1769 4245 1894 4323 cudere,

275 4351 324 4414 vol
335 4349 497 4427 antiquum
509 4346 704 4422 interpretem
720 4341 782 4404 ulla
794 4359 830 4403 ex
843 4348 928 4420 parte
941 4341 1101 4419 corrigere,
1112 4340 1159 4402 vel
1172 4339 1350 4416 emendare3
1365 4339 1415 4400 sed
1427 4339 1524 4418 ipsam
1536 4342 1676 4403 Veterem
1689 4359 1722 4403 ac
1734 4342 1896 4422 vulgatam

275 4447 437 4512 editionem
449 4436 596 4516 latinam,
611 4459 629 4504 a
642 4440 761 4502 mendis
773 4447 909 4502 veterum
928 4437 1144 4514 librariorum,
1160 4456 1215 4500 nec
1228 4455 1290 4499 non
1304 4453 1470 4516 pravarum
1484 4437 1731 4500 emendationum
1744 4439 1897 4502 erroribus
1922 4509 1925 4519 Α

274 4551 481 4625 repurgatam,
495 4557 557 4602 suae
569 4538 705 4617 pristinas
717 4537 883 4614 integritati
897 4553 930 4598 ac
942 4535 1084 4614 puritati,
1100 4535 1198 4613 quoad
1214 4537 1280 4614 ejus
1302 4533 1367 4595 fieri
1384 4534 1496 4613 potuit,
1515 4534 1691 4614 restituere;
1706 4551 1800 4616 eaque
1813 4539 1896 4600 resti-

275 4651 355 4718 tuta,
377 4647 413 4704 ut
434 4655 527 4719 quam
547 4635 792 4698 errrcndatissime
810 4634 1035 4712 imprimeretur
1054 4635 1143 4711 juata
1161 4632 1285 4693 Concilii
1307 4630 1484 4692 oecumenici
1507 4635 1685 4710 Decretum,
1705 4649 1758 4713 pro
1780 4635 1898 4697 simbus

274 4757 395 4821 operam
408 4739 489 4800 dare.
503 4739 594 4798 Porro
608 4734 641 4794 in
661 4732 717 4794 huc
731 4731 861 4794 editione
875 4731 955 4794 nihil
968 4748 1028 4794 non
1044 4729 1238 4804 canonicum,
1253 4727 1333 4790 nihil
1347 4728 1545 4806 adscititium,
1559 4729 1641 4792 nibil
1654 4739 1834 4798 extraneum
1847 4749 1898 4812 ap·

274 4855 384 4920 ponere
401 4835 502 4898 visum
517 4840 561 4895 est
583 4851 590 4894 :
610 4837 698 4910 atque
719 4847 754 4892 ea
771 4847 862 4892 causa
882 4828 956 4905 fuit,
970 4847 1024 4891 cur
1037 4827 1114 4891 liber
1128 4831 1164 4890 lll
1179 4834 1209 4888 et
1222 4829 1261 4888 lV
1275 4826 1375 4888 Esdrae
1389 4826 1546 4905 inscripti,
1561 4844 1637 4908 quos
1650 4827 1731 4890 inter
1743 4831 1898 4893 masmccs

274 4937 366 4998 libros
384 4951 467 4996 sacra
485 4929 663 4991 Tridentino
680 4927 818 5006 synodus
837 4943 899 4987 non
914 4925 1143 5000 annumeravit,
1159 4925 1224 5004 ipsa
1236 4923 1328 4985 etiam
1341 4925 1483 4984 Manassae
1495 4925 1573 5001 regis
1586 4925 1703 5002 Oratio,
1719 4943 1786 5005 qnae
1798 4944 1897 5006 neque

276 5032 434 5108 Hebraice,
454 5043 557 5108 neque.
569 5029 667 5088 Graece
686 5025 809 5104 quidem
823 5031 940 5100 exstat,
960 5040 1059 5101 neque
1077 5020 1111 5084 in
1130 5021 1344 5100 rnanuscriptis
1362 5019 1586 5099 antiquioribus
1606 5021 1782 5100 invenitur,
1800 5041 1898 5104 neque
1943 5101 1947 5108 ι

276 5149 343 5212 pars
355 5137 401 5192 est
414 5127 508 5189 ullius
523 5121 658 5186 canonici
671 5121 758 5195 libri,
774 5129 859 5182 extra
871 5119 1022 5181 canonicae
1037 5119 1195 5197 Scriptura
1207 5119 1315 5181 seriem
1330 5119 1424 5198 posita
1436 5119 1498 5178 sint
1508 5135 1516 5178 ε
1528 5125 1557 5180 et
1571 5117 1664 5181 nulla
1678 5120 1714 5181 ad
1729 5122 1898 5200 marginem

276 5225 493 5292 concordantia
512 5225 597 5303 (quac
613 5219 734 5299 posthac
752 5217 830 5280 inibi
848 5219 957 5298 apponi
976 5234 1037 5278 non
1052 5215 1285 5294 prohibentur),
1308 5215 1401 5278 nulla
1415 5221 1508 5291 notae,
1524 5215 1616 5278 nullae
1630 5218 1719 5280 varia
1736 5216 1897 5298 lectiones,

276 5325 371 5392 nulla
383 5323 513 5402 denique
526 5318 732 5400 prefationes,
745 5315 833 5379 nulla
845 5323 1024 5394 argumenta
1036 5315 1073 5377 nd
1087 5315 1234 5378 librorum
1249 5314 1339 5376 initia
1352 5313 1583 5391 conspiciantur.
1604 5314 1661 5376 Sed
1678 5314 1756 5377 siout
1775 5320 1915 5396 aposta.

277 5426 335 5490 lica
347 5422 435 5489 Sedes
450 5418 634 5482 industriam
646 5431 752 5480 eorum
764 5431 826 5478 non
841 5414 964 5477 damnat
970 5460 981 5493 ,
995 5413 1049 5496 qui
1060 5412 1285 5476 concordantias
1298 5409 1432 5472 lomrum
1438 5453 1449 5486 ,
1464 5409 1564 5471 varlas
1578 5409 1736 5491 lectiones,
1751 5412 1899 5494 prefatio-
