4212 6034
257 409 314 471 ab}
749 405 991 464 conministrum
1007 405 1042 464 ut
1059 405 1217 478 Genesin,
1235 417 1299 468 etr.
1317 407 1394 469 xtn.

258 517 375 586 veumt,
384 511 434 573 alii
448 509 649 582 nomismatis
661 509 856 570 bovlsiorma
868 511 1051 585 cumpinxe-
1092 513 1194 572 salutis
1205 518 1234 572 et
1244 514 1312 574 vitre
1324 515 1433 588 beaten
1447 513 1520 590 quia
1532 513 1642 576 scilicet
1654 511 1764 591 soeph
1774 513 1888 588 docuit,

259 601 347 670 runt3
361 598 459 671 itaque
477 594 560 653 aliud
579 597 608 651 et
626 593 710 653 aliud
728 594 875 668 Serapidis
889 599 917 652 et
929 594 1051 652 Osiridis
1093 600 1121 654 et
1139 613 1193 654 sua
1212 598 1350 671 passione
1367 598 1570 672 praefiguravit
1589 611 1708 658 crucem
1728 597 1850 671 Christi,
1870 613 1889 657 a

259 679 517 756 hieroglyphicum
529 678 689 737 commenti
708 681 787 735 sunt.
806 678 894 736 Plane
908 677 989 736 enim
1002 693 1052 736 ve·
1093 695 1154 754 qua
1172 680 1259 739 nobis
1278 686 1306 738 et
1323 682 1404 740 salus
1418 686 1447 740 et
1464 683 1525 740 vita
1538 682 1634 740 beata.

260 763 382 825 rhimile
403 767 447 820 est
468 762 600 836 primum
619 760 862 834 Serapidem,uti
880 766 909 818 et
931 765 1051 832 iovem,
1128 766 1171 821 lta
1180 766 1351 838 procuratio
1364 780 1492 823 annonae
1503 765 1586 840 apud
1597 768 1747 824 Romanos
1758 781 1820 825 nou
1830 765 1889 824 nisi

252 847 452 918 ,mercurium
466 844 618 904 Herculem
634 843 768 919 aliosque
787 843 945 902 Gentilium
964 845 1050 916 deos,
1092 848 1210 919 magnis
1223 853 1253 906 et
1263 847 1445 922 sapientibus
1458 849 1529 906 viris
1543 849 1653 908 credita
1666 848 1732 908 luit.
1745 851 1815 908 ilinc
1830 849 1890 906 Pli-

260 934 396 995 homines
414 931 503 990 tuisse
517 930 665 1005 principes
679 934 709 988 et
726 929 871 998 illustres,
885 931 983 1004 qualis
996 929 1053 987 iuit
1094 929 1162 989 nius
1176 931 1207 988 in
1221 932 1403 1006 Panegyrico
1418 949 1426 987 ε
1444 933 1641 990 aProouretio
1660 947 1787 991 annone
1804 934 1890 989 Pom-

260 1019 310 1077 hic
321 1020 421 1076 noster
431 1015 556 1088 ioseph,
569 1029 647 1088 quos
659 1013 701 1071 ob
714 1013 866 1085 virtutem,
877 1014 1053 1088 potentiam,
1093 1014 1163 1087 peio
1180 1017 1285 1086 hisguo
1299 1015 1427 1085 eredita,
1442 1030 1504 1072 non
1522 1015 1622 1072 minus
1639 1015 1755 1074 eddidit
1772 1016 1889 1088 gloria,

261 1106 313 1162 aut
329 1099 435 1160 merite
446 1099 478 1156 in
491 1095 723 1172 rempublicam,
741 1097 877 1154 homines
892 1097 1055 1154 retulerunt
1094 1114 1186 1172 quarn
1199 1099 1305 1171 pulsus
1319 1113 1426 1172 campo
1439 1097 1584 1168 ambitus,
1598 1103 1719 1156 exectus
1733 1099 1808 1157 mari
1820 1099 1891 1157 hos·

260 1187 336 1246 inter
353 1184 442 1253 deos,
454 1197 565 1256 eosque
580 1180 688 1238 divinis
704 1180 869 1238 honoribus
887 1177 1052 1237 coluerunt.
1094 1183 1148 1251 tis,
1171 1182 1274 1240 Oriens
1298 1181 1456 1254 triumphis
1480 1180 1682 1255 Occidensque
1707 1181 1857 1239 lustratus.
1871 1201 1888 1236 o

260 1270 342 1329 Unde
356 1267 445 1326 Osiris
455 1265 547 1324 iertur
557 1263 709 1338 AEgyptios
721 1262 856 1320 docuisse
866 1267 959 1320 artem
970 1277 1056 1320 eran·
1096 1267 1160 1322 lloec
1181 1266 1218 1323 de
1234 1266 1370 1338 Serapide
1389 1264 1480 1338 paulo
1499 1263 1594 1320 insius
1613 1263 1752 1336 discussi,
1765 1267 1838 1339 quia
1850 1264 1891 1322 ad

262 1354 294 1412 di
311 1355 340 1410 et
357 1363 444 1423 agros
461 1346 595 1417 colendi,
610 1347 695 1420 quod
710 1361 765 1420 per
782 1346 874 1402 boves
892 1346 939 1402 hie
952 1345 1055 1402 iecisse
1095 1350 1256 1421 iosephum
1281 1350 1427 1420 spectant,
1454 1350 1483 1402 et
1505 1346 1578 1419 quia
1597 1361 1665 1403 rara
1689 1351 1776 1419 sunt,
1798 1363 1853 1405 nec
1872 1363 1893 1405 a

262 1436 423 1510 iosephum
435 1435 557 1491 testatur
574 1431 732 1503 Scriptura.
749 1432 783 1486 Et
798 1430 985 1500 Plutarchus,
999 1429 1053 1486 lib.
1095 1431 1239 1506 quopiam
1254 1434 1440 1504 pertractata.
1455 1431 1534 1486 lianc
1546 1430 1721 1486 senteutiam
1734 1429 1892 1490 confirmet

264 1524 301 1579 lic
313 1520 387 1578 iside
399 1523 426 1574 et
441 1515 566 1582 Osirtde,
581 1514 683 1571 asserit
695 1513 853 1587 proprium
869 1527 979 1569 nomeu
990 1511 1055 1569 Osi·
1096 1519 1202 1573 ductor
1224 1516 1263 1570 lie
1281 1516 1455 1571 derabiliter
1472 1513 1502 1570 S.
1521 1513 1689 1584 Scriptura,
1706 1513 1761 1571 lib.
1778 1515 1804 1584 l,
1822 1529 1890 1588 cap.

261 1605 333 1664 ridis
352 1601 442 1662 luisse
456 1600 615 1672 reseptos,
628 1599 713 1672 quod
730 1598 819 1671 plane
831 1597 937 1654 alludit
949 1597 988 1654 ad
1001 1611 1055 1652 no·
1095 1612 1132 1655 xv
1149 1615 1157 1653 r
1174 1617 1189 1650 a
1203 1597 1328 1670 loseph,
1343 1597 1454 1670 inquit,
1473 1600 1506 1653 ut
1525 1595 1570 1652 vir
1582 1595 1772 1670 propheticus
1785 1598 1892 1671 presvi-

162 1713 231 1763 0rms
262 1705 332 1748 men
342 1688 448 1759 ioseph.
458 1687 586 1744 Rursum
596 1683 697 1753 Osiris,
706 1682 814 1756 inquit,
825 1682 904 1738 idem
916 1684 960 1737 est
970 1681 1055 1753 quod
1096 1681 1155 1752 dit,
1168 1682 1253 1754 quod
1271 1682 1476 1754 AEgyptiorum
1494 1695 1567 1752 gens
1586 1680 1761 1740 idololatriae
1777 1682 1891 1755 dedita,
1983 1719 1987 1726 -

154 1775 242 1823 muue·
261 1775 453 1844 maoa'ptatpoe,
467 1768 499 1827 id
511 1768 758 1825 estmuiticculus:
775 1781 804 1822 os
817 1765 895 1821 enirn
913 1763 1055 1837 AEgyptiis
1095 1765 1214 1838 ipsum,
1228 1766 1312 1839 quod
1333 1770 1455 1822 terreum
1473 1763 1697 1836 magnificentiae
1715 1764 1774 1821 illis
1789 1771 1892 1824 auctor

163 1837 233 1958 ᾖξ’.
263 1855 410 1930 signifieat
428 1853 557 1911 multum
564 1893 575 1923 ,
590 1847 661 1908 Siris
682 1849 814 1908 oculum.
828 1853 935 1904 Annon
951 1865 965 1900 c
979 1846 1056 1904 mul·
1093 1847 1207 1917 fuisset,
1222 1854 1250 1906 et
1263 1849 1345 1921 ipsos
1360 1848 1397 1910 de
1410 1848 1498 1904 lamis
1515 1848 1649 1921 periculo
1663 1848 1826 1920 liberasset,
1839 1849 1894 1908 cli·

262 1939 432 2009 baculus„
448 1936 539 1994 idest
554 1932 719 1992 multiscius
738 1932 846 2007 loseph
864 1947 918 2004 per
940 1930 1055 2004 sapien·
1096 1932 1219 2005 quando
1238 1933 1363 1990 adorare
1383 1932 1487 2004 vellet,
1502 1932 1586 2005 quod
1603 1938 1632 1990 et
1652 1933 1805 1992 iecerunt:
1821 1949 1892 1994 uam

262 2017 677 2086 tiamsibieoelitusinditam,
690 2013 1056 2090 quaAEgyptiosprudcn·
1097 2013 1184 2072 bovis
1194 2014 1387 2072 simulacrum
1392 2017 1477 2087 iuxta
1486 2016 1596 2088 loseph
1604 2016 1775 2090 sepulcrum
1783 2021 1893 2075 statue·

262 2107 373 2168 tissime
394 2102 589 2178 gubernavit,
607 2115 719 2174 eosque
740 2099 840 2156 docuit
859 2113 920 2156 non
940 2101 1055 2156 tantum
1096 2104 1185 2171 runt,
1199 2117 1235 2158 eo
1249 2102 1334 2176 quod
1347 2101 1403 2159 bos
1420 2101 1485 2158 viro
1502 2102 1533 2158 in
1547 2102 1727 2174 agricultura
1740 2117 1894 2177 compare·

262 2190 453 2262 astrologiam
476 2191 506 2245 ct
527 2184 691 2254 mathesin,
712 2183 764 2241 sed
787 2182 927 2240 attidem
950 2195 984 2237 ac
1005 2181 1054 2237 Dei
1096 2189 1154 2242 tur.
1175 2187 1239 2253 Qua
1252 2185 1341 2243 etiam
1358 2199 1447 2242 causa
1464 2183 1520 2242 filii
1533 2184 1621 2244 lsrael
1639 2201 1710 2242 cum
1723 2183 1755 2244 iu
1775 2187 1891 2245 deserto

262 2277 386 2346 cultum,
395 2274 479 2347 juxta
491 2270 568 2328 illud
578 2271 680 2326 Psaim.
694 2282 724 2339 x,
736 2282 813 2324 vers.
827 2271 863 2325 l:
877 2265 1055 2324 «Constituit
1095 2267 1212 2325 idolum
1223 2267 1365 2325 fabricare
1379 2267 1502 2340 vellent,
1514 2283 1576 2326 non
1586 2270 1677 2328 aliam
1690 2270 1822 2344 aliquam
1835 2275 1892 2330 sta-

262 2375 332 2420 eum
346 2355 503 2416 dominum
517 2354 627 2412 domus
640 2366 719 2422 sure,
733 2355 761 2410 et
777 2349 943 2426 principem
956 2349 1054 2405 omnis
1095 2355 1178 2409 tuam
1191 2367 1284 2426 quarn
1295 2351 1439 2425 vitulum,
1453 2351 1486 2408 id
1499 2356 1543 2410 est
1556 2352 1665 2411 bovem
1676 2353 1823 2426 iecerunt,
1835 2354 1892 2413 hac

262 2440 457 2519 possessionis
476 2451 536 2496 suae
544 2477 555 2508 ,
570 2439 604 2496 ut
621 2434 751 2493 erudiret
769 2432 917 2507 principes
934 2433 998 2503 ejus
1016 2430 1054 2486 si·
1095 2436 1144 2494 vel
1161 2437 1289 2493 maxime
1306 2451 1413 2508 causa,
1428 2436 1514 2510 quod
1532 2437 1596 2513 ipse
1613 2437 1645 2496 in
1661 2441 1790 2512 AEgypto
1807 2440 1891 2510 iuxta

263 2533 313 2586 eut
331 2523 541 2597 semetipsum,
556 2524 586 2578 et
604 2533 688 2576 serres
705 2519 769 2590 ejus
788 2515 979 2592 prudentiam
998 2515 1054 2573 do·
1096 2519 1266 2592 sepulcrum
1288 2519 1399 2593 loseph
1421 2519 1614 2594 adoraretur3
1635 2536 1673 2580 ne
1693 2537 1765 2594 ergo
1783 2523 1892 2596 loseph

262 2614 348 2672 earet.
363 2629 379 2666 a
395 2607 466 2666 ilino
482 2609 512 2664 et
523 2602 635 2678 templo
646 2600 811 2674 Serapidis,
824 2599 886 2656 imo
900 2606 928 2656 et
940 2599 1055 2673 pectori
1096 2602 1301 2676 AEgyptiorum
1311 2603 1518 2663 succumberet
1527 2603 1715 2679 idololatrias,
1724 2605 1813 2678 iussit
1822 2621 1890 2664 ossa

263 2692 410 2768 serapidis
430 2687 579 2762 insculpta
598 2689 659 2744 erat
682 2699 772 2756 crux,
790 2683 830 2742 ait
851 2683 1052 2756 Rhodissinus,
1096 2701 1151 2744 sue
1164 2683 1260 2744 efferri
1274 2701 1311 2744 ex
1323 2689 1487 2762 egypto.»

263 2779 317 2842 lib.
327 2781 360 2852 x,
370 2790 435 2867 cap.
446 2787 508 2834 viu.
518 2773 553 2830 rt
564 2785 637 2830 crux
649 2767 792 2844 egyptiis
805 2771 869 2828 eret
880 2766 1054 2842 symbolum

490 3077 693 3184 CAPUT
730 3071 1276 3196 QUADRAGESIMUM
1311 3071 1660 3183 SECUNDUM.

871 3301 1075 3368 sthursts
1099 3299 1277 3366 ueritis.

262 3485 358 3559 Jos'rpb
371 3431 473 3557 iratres
487 3497 550 3542 suos
564 3484 596 3538 in
609 3481 756 3552 riippptum
769 3443 904 3549 immenti
917 3491 1001 3534 causo
1017 3476 1153 3532 uertentes
1169 3475 1307 3546 renoscit,
1321 3477 1349 3530 et
1363 3473 1432 3531 dure
1446 3476 1566 3542 nectat,
1580 3472 1741 3548 taudcmotu
1756 3490 1827 3536 cers.
1840 3479 1892 3548 tt,

529 3581 633 3634 retento
646 3577 782 3646 simeone,
797 3580 905 3632 ceruos
919 3573 1040 3630 dimittit
1054 3586 1087 3630 eo
1099 3573 1170 3648 lepe,
1184 3575 1216 3628 ut
1230 3570 1267 3628 ad
1279 3584 1308 3628 se
1318 3569 1457 3628 eddeceut
1469 3569 1622 3642 Beniamin.

308 3763 339 3831 1.
355 3757 504 3831 Audiens
516 3758 627 3821 autem
639 3749 739 3819 Jacob
752 3749 841 3840 quod
855 3748 1011 3818 alimenta
1023 3746 1245 3820 venderentur
1257 3748 1294 3816 in
1306 3747 1474 3840 AEgypto,
1489 3749 1573 3818 dixit
1586 3749 1666 3819 filiis
1676 3751 1767 3820 suis:
1783 3752 1893 3834 Quare

262 3865 451 3959 negligitis?
470 3864 503 3930 2.
524 3857 648 3928 Audivi
667 3854 757 3947 quod
770 3855 916 3923 triticum
934 3853 1155 3923 venumdetur
1173 3855 1208 3920 in
1228 3853 1374 3945 AEgypto
1390 3877 1399 3921 t
1418 3854 1623 3942 descendite,
1643 3866 1676 3926 et
1688 3858 1785 3926 emite
1798 3859 1892 3928 nobis

262 3971 460 4053 necessarie,
476 3975 514 4038 ut
527 3965 688 4059 pessimus
700 3962 831 4047 vivere,
847 3969 880 4028 et
892 3982 960 4030 non
974 3982 1207 4027 consumamur
1221 3960 1343 4050 iuopia.
1366 3961 1399 4029 3.
1415 3960 1651 4030 Descendentes
1661 3962 1765 4052 igitur
1777 3965 1892 4034 fratres

261 4077 381 4170 loseph
394 4078 526 4159 decem,
547 4079 586 4141 ut
604 4077 750 4140 emerent
761 4069 928 4136 frumenta
941 4066 978 4134 in
995 4064 1160 4156 AEgypto,
1181 4067 1215 4132 li.
1234 4065 1408 4156 Benjamin
1419 4066 1510 4136 domi
1522 4075 1648 4137 retento
1661 4092 1682 4137 a
1693 4067 1813 4155 Jacob,
1833 4071 1892 4161 qui

262 4188 390 4256 (linerat
404 4179 562 4251 iratribus
581 4177 651 4267 ejus
666 4199 674 4240 ι
698 4173 747 4242 Ne
764 4173 848 4242 iortc
861 4175 897 4240 iu
910 4172 1028 4240 itinere
1041 4171 1225 4261 quidquam
1240 4171 1384 4262 patiatur
1403 4173 1482 4241 mali
1498 4198 1506 4240 ε
1526 4174 1560 4242 5.
1581 4174 1718 4262 ingressi
1736 4183 1814 4243 sunt
1828 4183 1893 4242 ter-

262 4314 333 4360 ram
346 4287 484 4380 AEgypti
501 4303 577 4352 cum
594 4282 668 4349 aliis
685 4281 744 4372 qui
762 4279 940 4370 pergebant
958 4279 1000 4346 ad
1018 4277 1207 4346 emendum.
1228 4277 1307 4346 Erat
1324 4285 1434 4345 autem
1450 4279 1552 4347 fames
1569 4279 1605 4347 in
1624 4287 1710 4350 terra
1723 4280 1889 4349 Chauaan.

262 4399 294 4470 6.
310 4397 353 4466 Et
364 4391 486 4483 ioseph
499 4397 569 4458 erat
582 4387 732 4478 princeps
745 4387 781 4453 in
795 4395 882 4453 terra
896 4383 1050 4474 AEgypti,
1066 4391 1166 4473 atque
1179 4382 1220 4451 ad
1234 4383 1305 4473 ejus
1318 4392 1439 4452 nutum
1452 4384 1618 4453 frumenta
1631 4385 1762 4477 populis
1775 4387 1894 4455 vende·

262 4505 395 4576 bantur.
411 4498 561 4586 Cumque
575 4493 762 4562 adorassent
774 4515 852 4560 eum
870 4492 987 4559 iratres
1003 4489 1075 4574 sui,
1096 4490 1128 4556 7.
1146 4498 1178 4557 et
1191 4489 1375 4578 agnovisset
1388 4511 1456 4574 eos,
1472 4491 1567 4580 quasi
1580 4492 1620 4558 ad
1640 4491 1765 4560 alienos
1777 4492 1894 4561 durius

261 4607 471 4698 loquebatur,
485 4603 691 4686 interrogans
704 4619 778 4665 eos:
794 4597 890 4664 Unde
903 4597 1046 4664 venitis?
1059 4595 1127 4676 Qui
1139 4595 1397 4685 responderunt:
1413 4595 1461 4666 Dc
1474 4601 1562 4665 tetra
1573 4595 1741 4682 Chanaan,
1756 4606 1795 4666 ut
1807 4621 1894 4666 ema·

262 4737 337 4784 mus
350 4711 452 4779 victui
466 4704 656 4775 necessaria.
678 4703 710 4771 8.
726 4702 768 4770 Et
782 4711 891 4769 tannen
905 4703 1020 4770 iratres
1033 4703 1102 4794 ipse
1115 4723 1332 4790 cognoscens,
1349 4724 1417 4770 non
1431 4710 1479 4770 est
1490 4703 1641 4791 cognitus
1652 4703 1694 4772 ab
1708 4703 1765 4772 eis.
1782 4703 1815 4772 9.
1831 4702 1893 4770 Re-

261 4815 478 4908 cordatusque
492 4812 695 4882 somniorum
708 4831 783 4900 quae
801 4809 978 4899 aliquando
992 4809 1139 4894 viderat,
1155 4807 1256 4876 ailad
1270 4830 1326 4876 eos
1342 4833 1350 4874 :
1370 4808 1600 4898 Exploratores
1613 4809 1690 4876 estis
1706 4834 1714 4876 ε
1735 4818 1772 4876 ut
1784 4809 1893 4878 videa·

261 4926 304 4995 tis
317 4923 502 4994 infirmiora
513 4928 608 4986 terrae
619 4916 764 4984 venistis.
784 4915 836 4982 10.
852 4913 918 4996 Qui
931 4915 1108 4983 dixerunt:
1123 4913 1198 4982 Non
1211 4921 1259 4982 est
1270 4915 1329 4999 ita,
1344 4914 1489 4999 domine,
1505 4913 1561 4982 sed
1575 4915 1662 4984 servi
1671 4915 1723 4984 tui
1731 4922 1894 4984 venerunt

262 5041 301 5100 ut
320 5034 466 5098 emerent
484 5025 584 5094 cibos.
612 5024 665 5091 11.
689 5022 810 5091 Omnes
829 5021 892 5089 filii
912 5021 1013 5090 unius
1031 5019 1097 5088 viri
1116 5042 1255 5090 sumus:
1280 5019 1408 5110 pacifici
1431 5021 1602 5107 venimus,
1627 5043 1688 5089 nee
1711 5021 1893 5113 quidquam

262 5135 378 5205 famuli
391 5133 442 5201 tui
455 5131 686 5199 machinantur
699 5129 790 5197 mali.
810 5127 862 5195 iE.
879 5127 1008 5210 Quibus
1018 5127 1076 5196 ille
1088 5127 1273 5218 respoudit:
1288 5128 1395 5196 Aliter
1407 5135 1475 5195 est:
1492 5129 1669 5196 immunita
1683 5135 1780 5196 terrm
1793 5127 1894 5220 hujus

262 5241 465 5310 considerare
477 5236 621 5304 venistis.
641 5235 694 5304 13.
710 5235 840 5304 Atilii:
861 5233 1062 5320 Duodecim,
1081 5233 1261 5325 inquiunt,
1276 5234 1362 5302 servi
1376 5234 1447 5319 tui,
1468 5233 1584 5302 iratres
1597 5257 1733 5320 sumus,
1752 5233 1816 5302 filii
1829 5232 1893 5300 viri

262 5348 364 5418 unius
375 5345 411 5413 in
424 5352 511 5412 terra
523 5341 678 5410 Ghauaan
695 5366 703 5407 :
725 5341 883 5410 minimus
895 5363 971 5408 crem
985 5347 1075 5430 patre
1088 5350 1200 5409 nostro
1213 5346 1281 5423 est,
1300 5340 1385 5416 alins
1398 5361 1466 5407 non
1479 5347 1527 5407 est
1540 5362 1650 5430 super.
1669 5341 1724 5408 tt.
1740 5339 1811 5408 Hoc
1822 5345 1890 5423 est,

263 5453 329 5536 ait,
347 5450 436 5540 quod
450 5449 579 5517 loeutus
591 5469 690 5515 sum:
710 5447 938 5538 Exploratores
957 5448 1042 5514 estis.
1065 5447 1117 5516 15.
1138 5447 1212 5514 lam
1231 5468 1320 5514 nunc
1338 5446 1600 5535 experimentum
1616 5447 1717 5518 vestri
1736 5445 1889 5537 capiam:
