4042 6032
1680 207 1756 267 lxta

114 289 279 362 ¹alludebat
296 303 337 362 ad
351 303 422 378 laga
442 301 633 377 sacrificium,
653 303 738 381 quod
755 309 919 382 vesperum
959 313 988 368 et
999 315 1110 380 uectem,
1126 311 1179 370 sed
1191 325 1329 385 uesperam
1342 301 1371 370 ει
1383 309 1668 388 mbaeappellassett
1681 315 1756 371 cum

122 401 216 446 mane
228 387 423 456 atterebatur,
438 389 580 464 quodque
593 405 647 466 per
666 406 717 448 eos
729 387 792 448 dies
806 407 918 449 cessare
958 409 1081 468 vespera
1095 395 1180 452 multi
1200 399 1304 470 putant
1326 395 1454 470 incipere
1472 395 1535 454 dies
1549 393 1616 452 illos
1631 414 1640 453 ι
1655 399 1686 453 at
1697 395 1758 468 pri·
1835 439 1838 447 .

122 471 265 531 debebat
287 474 354 530 Utut
371 476 469 530 autem
489 489 535 529 res
549 473 671 544 habeat,
690 474 771 531 aliud
784 473 918 548 prolecto
959 493 1026 532 mus
1037 479 1110 547 dies,
1125 477 1174 536 aiii
1186 479 1374 550 subsumant,
1389 483 1458 536 tarne
1471 479 1625 552 incepisse
1638 478 1756 537 videtur

121 561 171 614 est
183 571 292 630 ponere
305 573 361 629 pro
376 556 424 614 dia
436 573 651 627 uespere-mane,
667 557 749 616 aliud
768 559 893 616 seribere
908 576 917 616 ι
960 574 1028 618 ειιιη
1042 561 1115 618 dixit
1128 564 1201 618 Deris
1214 579 1221 618 ε
1234 564 1276 621 Sit
1287 565 1355 620 lue:
1370 563 1411 620 uti
1427 563 1521 620 caeteri
1536 562 1587 619 alii
1597 561 1645 620 liei
1659 561 1756 619 verbis

122 637 163 696 Et
174 642 233 708 tecit
244 655 368 712 vespere,
391 647 417 697 et
430 644 488 710 fait
502 657 594 708 meae,
608 641 682 707 dies,
702 645 756 698 ete.
768 644 916 712 Praeterea,
959 641 1113 716 iaeoepisse
1127 645 1265 704 videntur
1275 661 1352 704 vers.
1365 649 1393 716 6,
1408 649 1436 715 a,
1451 649 1496 716 tr,
1510 647 1555 716 20,
1568 648 1613 704 et.
1629 645 1757 714 Quidam

121 726 157 780 ut
166 725 231 794 J'am
243 723 457 796 indicavimpsa
470 725 494 780 si
506 724 650 796 genesiaei
665 725 727 781 dies
740 741 759 781 a
772 723 918 782 solaribus
959 725 1063 796 primae
1075 725 1150 782 lueis
1162 732 1279 800 ternpus
1295 729 1479 800 conjungunt
1489 745 1554 784 euin
1570 728 1758 802 praecedenti·

120 805 230 864 diebus
244 807 352 864 diversi
365 811 449 877 sunt,
468 807 621 876 genesiaca
634 823 754 882 quaque
767 825 878 880 uespera
890 813 919 865 et
960 807 1017 864 bus
1027 809 1152 864 tenebris
1164 813 1196 865 ut
1205 811 1335 883 primum
1354 811 1432 868 diem
1446 811 1589 868 eldeiant:
1602 812 1666 869 aliis
1678 813 1759 869 vide·

118 903 201 946 meae
213 907 232 946 a
244 890 420 962 vulgaribus
432 889 569 948 differant
581 905 697 948 necesse
711 895 763 949 est.
959 894 1009 946 tur
1022 890 1203 962 absurdum,
1220 893 1356 949 tenebras
1369 895 1549 952 universales
1559 896 1632 968 peni
1646 901 1677 952 ut
1690 911 1757 970 par·

155 973 299 1030 Nonnulli
309 977 423 1046 putant,
437 982 486 1030 e'as
497 990 584 1031 voces
596 973 627 1030 in
636 991 690 1032 sua
699 975 864 1046 narratione
874 991 918 1032 se-
960 977 1020 1030 tem
1035 973 1092 1030 diei
1105 974 1136 1032 in
1149 975 1202 1032 illo
1220 975 1324 1034 eodem
1339 991 1425 1034 versu
1439 993 1501 1052 quo
1516 979 1600 1036 tarem
1613 979 1757 1052 appellari

120 1057 228 1128 legisse
243 1061 368 1128 ltosem,
381 1057 537 1130 quioniam
550 1057 605 1131 ipsi
616 1055 655 1114 ari
668 1057 783 1115 sabbati
792 1072 919 1132 praecep·
962 1060 1048 1116 aliea
1062 1059 1134 1115 diem
1148 1059 1299 1116 docemur.¹
1310 1061 1343 1116 lit
1353 1065 1493 1131 praterea
1506 1061 1537 1116 iu
1550 1061 1757 1136 hemisphaerio

119 1139 919 1213 tummeliuspreeparareut,utitatemiaesettieerea·
961 1139 1167 1214 quodilliubi
1188 1141 1241 1200 lux
1260 1141 1399 1216 adparuit
1416 1143 1638 1216 opponebatur,
1661 1145 1758 1217 prima
1865 1158 1869 1166 ·

120 1229 168 1281 tar
180 1229 213 1278 ut
227 1223 380 1281 medietas
393 1224 546 1279 laborarent
557 1215 917 1294 streptimebeeeecerent,
963 1223 1026 1281 dies
1039 1223 1140 1282 luisset
1158 1228 1300 1298 perpetua
1317 1241 1389 1284 nox.
1411 1227 1501 1300 igitur
1518 1243 1573 1286 nee
1591 1229 1623 1286 in
1640 1229 1759 1302 vulgari

121 1307 160 1368 ait
173 1306 317 1365 llelehior
327 1308 436 1372 Canus,
446 1305 529 1379 apud
542 1306 693 1366 Banuesia
706 1307 799 1379 ipen.
815 1307 916 1374 Queat.
963 1305 1106 1364 sententia
1124 1307 1294 1365 difficultate
1314 1313 1414 1365 carent
1431 1309 1522 1368 verba
1540 1308 1591 1368 illa
1605 1315 1758 1384 coeperest

121 1392 236 1462 lxxiv,
252 1393 308 1448 art.
321 1390 341 1442 2
349 1429 360 1460 ,
380 1389 434 1462 qui
449 1391 547 1446 bmea
561 1388 700 1462 opinatur
712 1406 765 1448 sex
775 1390 842 1448 illos
856 1390 919 1449 dies
961 1405 1049 1446 mone.
1075 1393 1214 1449 Patarunt
1235 1391 1323 1448 etiarn
1341 1407 1397 1466 per
1416 1393 1570 1465 enallageu
1591 1394 1755 1468 scriptume

123 1491 223 1534 unum.
240 1473 452 1532 tantummodo
473 1487 546 1530 esse.
572 1475 638 1530 ttae
660 1476 759 1530 autem
786 1473 920 1540 doctriua
961 1473 1139 1544 ntitoespcre
1152 1479 1179 1531 et
1191 1475 1250 1543 {eit
1262 1491 1350 1539 meae,
1366 1473 1520 1542 dissertas,
1531 1477 1671 1550 ponendo
1681 1493 1755 1552 praa-

125 1560 206 1614 caute
224 1561 271 1612 est
283 1554 466 1627 accipienda.
483 1555 575 1611 lloses
589 1567 691 1610 revera
709 1568 771 1610 nen
788 1553 845 1611 hoe
862 1552 919 1610 sihi
962 1555 1078 1613 teritum
1089 1572 1145 1630 pro
1162 1554 1262 1614 tuturo
1276 1575 1284 1613 :
1297 1557 1433 1617 selehim
1445 1574 1508 1615 non
1520 1563 1582 1616 erat
1591 1560 1695 1633 primis
1707 1561 1757 1621 tri·

126 1639 297 1716 proposuit,
320 1643 355 1696 ut
372 1639 459 1711 plene
478 1637 702 1708 cosmogoniam
720 1636 851 1708 doceret,
865 1635 919 1694 sed
961 1638 1020 1698 bus
1033 1641 1140 1699 diebus
1154 1641 1202 1714 (lt.
1216 1645 1252 1700 at
1263 1641 1352 1715 plane
1365 1657 1427 1700 non
1437 1643 1526 1700 video
1539 1646 1695 1717 quomode
1707 1647 1757 1705 vel

130 1724 356 1798 primo,utsuos
365 1721 921 1794 amoveretasaperstitiosoealtuerea·
961 1723 994 1781 in
1006 1725 1150 1796 praeterito
1163 1724 1210 1782 vel
1224 1725 1255 1783 in
1267 1724 1368 1783 futuro
1383 1724 1443 1784 dial
1455 1725 1488 1784 id
1499 1732 1589 1802 queat
1602 1729 1640 1786 de
1653 1729 1758 1804 primis

132 1813 214 1877 tam,
223 1806 482 1875 inculcarevoluit,
493 1807 583 1862 Deum
594 1821 612 1862 a
623 1806 738 1863 mando
749 1805 920 1864 distinctum
963 1807 1084 1877 diebus,
1099 1825 1168 1865 eum
1182 1824 1237 1866 nec
1250 1809 1370 1867 illorum
1384 1825 1508 1884 vespera
1522 1815 1550 1870 et
1562 1829 1649 1870 mane
1662 1829 1681 1870 a
1694 1813 1757 1872 sols

133 1898 160 1952 et
172 1893 302 1950 omnium
324 1896 487 1950 creatorem
504 1905 583 1960 esse3
602 1891 733 1949 seeundo
754 1896 852 1948 autem
865 1907 920 1964 po·
962 1895 1032 1950 tuuc
1045 1893 1175 1967 primum
1188 1893 1334 1966 producta
1348 1893 1420 1964 sint,
1439 1909 1493 1954 nae
1506 1911 1577 1954 vero
1590 1901 1687 1958 essent
1698 1913 1756 1956 un·

131 1992 323 2036 nemausam
332 1976 543 2051 exemplarem,
553 1979 586 2032 ut
595 1975 706 2034 llebraei
717 1976 920 2034 sanctificandi
962 1991 1054 2050 quarn
1069 1975 1099 2031 in
1111 1979 1263 2048 posterum
1276 1976 1339 2032 siue
1352 1977 1414 2034 soie
1429 1979 1631 2052 producenda.

128 2061 245 2122 sabbati
263 2076 412 2118 memores
427 2063 533 2117 esseut.
553 2059 661 2118 Veram
680 2074 778 2133 neque
798 2061 838 2117 ad
856 2061 920 2118 hmo
997 2061 1073 2116 luter
1085 2061 1129 2116 tot
1142 2059 1342 2132 difficultates,
1364 2061 1616 2136 interpretationes
1626 2067 1656 2122 et
1669 2064 1757 2123 dubl-

125 2146 242 2204 tietione
256 2161 334 2221 epus
347 2145 470 2217 habuit,
483 2159 537 2202 nee
551 2144 673 2202 omnino
687 2145 853 2220 quidquam
866 2145 921 2203 mi·
961 2141 1099 2213 tationes,
1113 2141 1188 2216 quid
1207 2143 1328 2214 melius,
1342 2145 1417 2218 qaid
1430 2145 1519 2202 tutius
1535 2151 1671 2218 praestare
1683 2163 1755 2222 pos·

123 2243 178 2288 aas
193 2245 265 2287 sere
284 2228 452 2286 affirmarit.
475 2229 572 2286 l‘etutt
584 2235 682 2285 tamen
701 2227 741 2287 ad
760 2228 919 2286 indicanda
964 2241 1068 2282 sumus
1085 2239 1177 2300 quam
1197 2227 1322 2306 tolerare
1342 2227 1374 2285 id
1394 2229 1478 2301 quod
1497 2229 1622 2287 Ecclesia
1641 2229 1754 2304 tolerat,

123 2313 191 2370 satis
209 2311 306 2386 longa
322 2317 457 2387 tempera
472 2327 541 2386 qam
557 2315 656 2368 tamen
670 2311 861 2369 determinato
874 2325 927 2370 es·e
960 2321 1016 2368 nee
1028 2324 1064 2367 ea
1076 2309 1194 2381 rejicere
1208 2314 1351 2386 tanquam
1361 2312 1410 2368 Dei
1421 2312 1514 2370 verbo
1525 2315 1672 2373 centraria
1686 2329 1755 2390 qum

123 2399 184 2454 sont
198 2411 235 2454 ac
246 2395 371 2454 duobus
383 2395 516 2454 terminis
530 2394 762 2468 circumscripta,
776 2395 843 2452 lieet
854 2394 920 2452 lon·
961 2397 1074 2450 natiuae
1087 2393 1292 2451 observatores
1305 2393 1490 2452 concorditer
1508 2401 1658 2468 asserunt,
1677 2415 1754 2473 quos

122 2479 267 2551 situdinis
286 2475 375 2536 nobis
392 2478 581 2554 incompertae
599 2481 627 2536 et
643 2477 837 2553 probabiliter
852 2479 921 2537 iuce-
961 2475 1037 2533 inter
1050 2477 1078 2533 et
1092 2476 1201 2533 multos
1211 2477 1332 2534 existere
1341 2477 1538 2548 eiusseientioe
1548 2477 1754 2552 peritissimos,

122 2563 230 2637 qualis,
243 2577 351 2620 vocem
365 2561 437 2620 diem
448 2577 597 2621 assumere
610 2579 617 2619 ι
630 2563 726 2636 potuit
739 2562 826 2619 etiam
837 2563 919 2622 vocis
962 2563 991 2616 at
1010 2559 1119 2616 milltes
1135 2559 1264 2617 veritatis
1284 2560 1413 2618 sinceros
1431 2564 1576 2617 auratores
1593 2577 1672 2633 esse,
1692 2579 1754 2620 non

122 2648 180 2704 diei
191 2661 285 2704 usum
299 2645 387 2704 illum
405 2646 560 2716 inducere,
578 2648 612 2703 ut
629 2661 718 2704 noces
735 2661 874 2718 vesperem
890 2649 920 2705 et
961 2657 1072 2717 paucos
1087 2644 1174 2701 etiam
1192 2643 1285 2700 divini
1298 2643 1383 2701 verbi
1392 2647 1589 2715 veneratores,
1604 2659 1691 2703 nemo
1704 2661 1755 2704 ne·

122 2747 199 2787 mnae
212 2729 296 2802 eliis,
309 2728 421 2803 quibus
431 2729 474 2788 uti
485 2733 614 2804 poterat,
628 2729 787 2803 praeterret.
961 2727 1027 2801 peti
1039 2727 1250 2785 hicemascnm
1259 2730 1287 2786 S.
1299 2729 1411 2786 Thema
1422 2747 1429 2786 a
1442 2729 1530 2786 ellihi
1539 2729 1753 2788 videturtutius

155 2813 290 2871 Tandem
304 2814 440 2887 adverte,
451 2814 545 2872 rerba
561 2813 614 2870 llle
625 2829 736 2885 vespere
747 2819 776 2871 et
785 2829 863 2872 meae
875 2814 920 2871 ln·
961 2825 1036 2880 esse,
1049 2810 1113 2868 lacae
1125 2827 1194 2884 quas
1207 2811 1376 2887 Philosophi
1391 2828 1548 2871 commune
1562 2821 1714 2872 senserunt
1726 2819 1753 2872 et

122 2896 302 2972 terpretibus
320 2897 532 2971 cuiuscumque
548 2898 697 2954 sententiae
716 2896 829 2970 aliquid
844 2913 919 2955 sem·
960 2901 1068 2954 nostrae
1081 2895 1152 2954 fidei
1167 2911 1228 2953 nen
1241 2899 1420 2969 repugnant,
1434 2911 1529 2968 neque
1543 2911 1605 2953 esse
1619 2897 1660 2954 sie
1674 2914 1751 2957 assa-

122 2995 175 3054 per
195 2980 308 3052 negotii
327 2979 479 3038 iaeessere.
495 2981 651 3050 Quomodo
666 2981 746 3040 enim
763 2981 818 3038 luit
831 2995 918 3039 mana
960 2981 1054 3038 reuda
1068 2985 1102 3038 ut
1115 2981 1255 3052 dogmata
1268 2981 1356 3051 fidei,
1374 2979 1441 3037 lieet
1453 2979 1615 3054 aliquando
1628 2981 1686 3038 sub
1699 2997 1753 3040 no·

123 3065 185 3122 sine
195 3064 282 3121 sole't
293 3064 451 3135 Quomodo
460 3065 599 3138 vesperni
613 3063 739 3132 Quidam
747 3067 862 3136 putant,
874 3063 919 3121 lu·
960 3065 1040 3122 mine
1063 3064 1309 3136 Philosophorum
1331 3063 1571 3134 introducantur,
1592 3079 1689 3138 neque
1711 3067 1751 3124 sie

123 3163 187 3208 sem
199 3147 232 3205 ln
244 3147 363 3206 Oriente
375 3147 557 3222 apparuisse,
569 3146 733 3221 quidamin
747 3148 917 3218 decideram
961 3162 1023 3202 esse
1038 3147 1174 3218 neganda
1184 3150 1326 3219 tanquam
1336 3145 1406 3204 fidei
1419 3147 1575 3216 contraria,
1586 3161 1623 3204 ne
1638 3149 1752 3223 sapien-

121 3247 227 3290 reranr
245 3231 348 3290 Oriens
362 3237 391 3288 et
406 3231 548 3289 Occidens
563 3232 601 3288 ad
615 3232 750 3302 regiones
761 3232 858 3288 varias
872 3245 918 3287 re·
959 3229 1039 3286 tibus
1053 3231 1142 3301 huius
1159 3229 1264 3288 mundi
1281 3230 1491 3288 contemnendi
1505 3229 1670 3289 doctrinam
1683 3232 1752 3292 fidei

119 3314 256 3374 tmmtur
270 3333 279 3374 r
294 3329 392 3390 neque
404 3318 504 3373 brnen
516 3315 619 3390 prlmis
638 3316 696 3373 illis
715 3315 821 3373 diebus
835 3314 918 3386 regio
959 3314 1125 3388 praebeatur
1145 3314 1303 3385 oceasio‚a
1329 3314 1425 3386 Opase.
1445 3315 1477 3370 x.
1499 3315 1663 3388 Sequemur
1680 3331 1751 3390 ergo

1 3415 2 3434 ι
119 3399 187 3458 ulla
198 3404 271 3459 erat.
285 3399 314 3458 Sl
327 3404 396 3474 post
407 3399 566 3457 duodecim
579 3398 918 3457 horaslucisueseioeu·
959 3411 1051 3472 quam
1064 3398 1258 3472 exposuimus
1276 3398 1464 3468 sententiam
1482 3396 1529 3455 eui
1548 3397 1573 3454 si
1590 3399 1751 3458 valedicere

115 3485 173 3558 jus
184 3482 254 3541 selis
266 3482 334 3540 aies
345 3480 505 3554 fungentis,
517 3482 549 3540 in
564 3495 625 3557 uno
637 3482 919 3555 locovesperaiaota
961 3481 1117 3540 difficultas
1134 3480 1237 3556 aliqua
1248 3481 1414 3539 insolubilis
1429 3482 1490 3539 sive
1506 3482 1672 3554 theologica
1689 3483 1750 3542 sire
1849 3483 1852 3492 '

1 3602 2 3625 ι
119 3570 181 3638 est,
191 3566 371 3624 ioaliotuno
380 3564 491 3622 iactum
501 3569 650 3636 estmaae,
660 3571 840 3644 quapropter
849 3570 919 3624 tuno
959 3565 1084 3640 physice
1093 3566 1228 3637 iusserit,
1245 3564 1394 3637 integrum
1407 3569 1478 3623 tune
1490 3565 1579 3624 nobis
1592 3565 1647 3624 erit
1658 3581 1696 3624 ax
1707 3583 1751 3625 re·

1 3707 2 3724 2
118 3654 185 3710 eam
197 3663 286 3708 mane
297 3648 355 3706 tuit
368 3663 460 3722 qaam
471 3663 603 3722 vespera.
617 3649 663 3708 sit
676 3651 917 3721 augustiuustle
959 3649 1049 3722 liquis
1068 3649 1186 3706 duabus
1204 3663 1280 3722 quas
1297 3651 1383 3706 antea
1401 3648 1598 3707 indicavimus
1614 3649 1752 3709 eoncilia·

121 3733 191 3794 aas.
204 3733 244 3792 ad
258 3735 303 3790 lit.
317 3733 372 3790 lib.
387 3734 410 3804 l,
424 3747 519 3808 capa
534 3751 542 3790 a
560 3733 611 3790 esi
621 3733 679 3790 hoc
688 3733 801 3804 dixero,
815 3747 919 3792 vereor
959 3731 1048 3788 tionis
1061 3731 1128 3802 viis,
1142 3745 1233 3790 unam
1247 3735 1298 3789 aut
1310 3731 1432 3790 alteram
1446 3745 1606 3805 capessere.

120 3833 163 3877 ηι
176 3817 313 3876 deridear
323 3821 353 3876 et
367 3817 407 3875 ab
423 3817 459 3874 iis
473 3817 526 3890 qui
542 3817 701 3874 certissime
716 3820 919 3889 coguoverunt
995 3816 1060 3873 lllll.
1074 3817 1222 3885 Quorsum
1232 3815 1316 3873 haeei
1329 3815 1406 3873 dicet
1417 3813 1534 3890 aliquis.
1547 3817 1618 3886 Ques
1629 3831 1686 3875 nos
1696 3817 1752 3876 im·

122 3905 153 3960 et
164 3900 252 3958 abiis
263 3899 316 3974 qul
330 3903 456 3975 possunt
467 3899 603 3958 iaeillime
613 3901 773 3970 advertere,
787 3901 870 3973 quod
881 3917 916 3957 eo
960 3899 1043 3974 pellit
1054 3897 1139 3970 ratio,
1153 3900 1240 3956 atad
1254 3914 1320 3955 eam
1333 3897 1558 3970 explicationem
1571 3913 1638 3973 qua
1652 3901 1752 3959 minus

122 3989 258 4058 tempora
270 3998 333 4060 qao
345 3997 406 4040 uox
418 3983 499 4055 apud
512 3999 568 4040 nos
579 3987 632 4054 est,
646 3999 695 4040 eas
706 3989 803 4056 partes
814 3983 917 4042 mundi
961 3983 1049 4040 obvia
1068 3987 1111 4040 est
1124 3982 1349 4054 eenlugiamus‘t
1366 3980 1484 4040 annon
1496 3983 1592 4056 potuit
1605 3985 1695 4055 heus,
1714 3985 1753 4044 si·

123 4065 367 4145 praeseminata
380 4063 524 4137 illustret,
541 4079 683 4140 perqaas
700 4067 746 4124 sol
759 4067 798 4124 ab
811 4082 918 4125 occasu
961 4071 1010 4126 eut
1031 4066 1088 4142 ipsi
1110 4065 1240 4141 placuit,
1264 4066 1401 4141 operarii
1423 4067 1514 4126 lleeur
1534 4063 1592 4123 dici
1613 4073 1752 4142 nequeat,

124 4155 159 4212 in
171 4155 266 4208 ortum
277 4149 372 4220 redit,
386 4161 421 4206 aa
434 4163 489 4222 per
505 4148 562 4206 hoo
574 4149 716 4207 omnihus
728 4149 830 4222 viginti
844 4166 918 4224 qua·
959 4149 1049 4209 tuisse
1062 4149 1125 4206 dies
1142 4148 1210 4206 illos
1227 4165 1278 4206 sex
1292 4165 1309 4206 e
1322 4148 1429 4206 nostris
1444 4148 1524 4206 hisee
1538 4147 1643 4206 diebus
1656 4166 1691 4209 aa
1707 4167 1753 4212 re-

124 4241 199 4296 tuoe
212 4235 290 4294 beris
306 4247 371 4292 non
385 4233 486 4290 deesse
503 4244 557 4306 per
573 4231 726 4290 circuitum
744 4233 810 4308 gyri
830 4235 918 4292 totius
959 4235 1110 4292 volatione
1124 4231 1491 4306 tellurlseireapreprium
1502 4233 1752 4296 axemdefiultesl
1811 4297 1814 4302 ,
1924 4255 1930 4262 ·

124 4318 202 4380 alibi
213 4317 307 4390 diem,
326 4313 399 4375 olibi
417 4319 544 4374 noctem.
565 4317 784 4390 Numquidnam
802 4333 873 4390 ergo
886 4317 918 4375 in
960 4317 1018 4376 Cur
1029 4316 1217 4388 longissimas
1229 4319 1258 4374 et
1277 4314 1377 4374 forsan
1390 4315 1550 4389 inaequales
1568 4317 1708 4391 periodos
1721 4323 1753 4379 la

122 4407 210 4480 parte
227 4404 329 4478 aliqua
348 4401 472 4476 posituri
494 4413 597 4459 samus
609 4401 701 4458 ileum
708 4441 718 4471 ,
739 4401 792 4459 abi
805 4417 840 4459 ea
852 4415 919 4460 ves·
960 4398 1018 4458 illis
1029 4397 1118 4458 latere
1130 4400 1289 4474 putemus?
1300 4429 1337 4443 -
1349 4401 1525 4474 despondeo
1539 4416 1547 4457 :
1561 4401 1632 4474 quia
1648 4405 1677 4461 et
1696 4403 1753 4462 hoe

124 4503 198 4564 pera
210 4485 305 4558 tieret,
325 4499 423 4560 qaum
443 4483 482 4542 ab
495 4499 537 4542 ea
553 4487 636 4558 parte
653 4483 684 4540 in
703 4483 791 4541 aliam
803 4489 919 4558 partem
959 4484 1058 4559 ipsum
1071 4483 1141 4544 satis
1156 4483 1252 4542 innuit
1264 4483 1428 4558 Scriptura,
1448 4483 1532 4558 quod
1549 4484 1625 4544 intra
1640 4487 1753 4548 ridebi-

124 4570 179 4631 lux
195 4569 413 4628 abscederetts
433 4569 572 4625 Praeterea
589 4571 705 4641 tempus
723 4568 798 4625 inter
816 4584 918 4642 respe-
961 4583 1047 4637 mus;
1069 4571 1097 4626 et
1114 4585 1176 4626 nen
1195 4566 1273 4625 leves
1293 4567 1403 4643 patitur
1421 4565 1604 4628 difficultates
1623 4569 1753 4644 vulgaris

124 4669 191 4718 ram
202 4659 232 4713 et
245 4670 331 4712 mane
345 4658 463 4726 tempus
473 4651 726 4723 esttenebrarunr,
738 4667 793 4709 aee
804 4657 847 4708 est
856 4667 918 4709 non
960 4651 1177 4726 interpretatio,
1197 4652 1280 4728 quod
1297 4653 1360 4725 jam
1372 4667 1410 4710 ex
1428 4655 1511 4725 parte
1530 4657 1680 4712 ostensum
1694 4661 1752 4730 este

124 4743 195 4800 dies.
212 4739 369 4810 Nonnulli,
384 4741 436 4797 sed
449 4742 615 4812 irupreprte,
633 4743 667 4796 ut
684 4731 725 4796 ait
736 4739 919 4798 Corneliusa
961 4739 1026 4792 tam
1041 4736 1093 4810 qui
1110 4736 1168 4794 alia
1183 4737 1296 4795 ratione
1309 4736 1395 4793 ltesis
1413 4738 1651 4810 cosmogcniam,
1669 4740 1754 4812 juxta

123 4825 252 4900 lapide,
271 4838 411 4897 vesperam
429 4823 529 4880 voeari
546 4827 640 4880 totam
653 4827 783 4891 nectem,
797 4827 826 4880 et
841 4836 920 4878 merie
961 4823 1133 4893 praesentem
1142 4819 1327 4877 scientiarum
1337 4822 1457 4890 statum,
1466 4821 1611 4894 explicare
1625 4839 1751 4900 nequeo.

125 4915 219 4968 totum
235 4908 317 4966 diem
335 4907 453 4964 volunt.
472 4906 597 4964 Ubinam
614 4904 811 4980 inscripturis
829 4905 920 4978 hujus
962 4904 1036 4972 Quia
1046 4901 1095 4960 ubi
1107 4904 1416 4978 hancexplieatiouem
1426 4905 1582 4978 acceperis,
1592 4907 1752 4968 uenmodo
1798 4948 1801 4956 ι

125 5008 227 5052 sensus
241 4989 413 5066 exemplum
427 4987 587 5048 invenere?
604 4991 678 5046 Cum
690 4989 781 5046 lloses
794 4988 919 5062 scripse·
962 4986 1045 5046 omni
1056 4987 1225 5045 difficultate
1239 4987 1407 5062 expeditam
1418 4985 1542 5046 habebis
1555 4989 1640 5048 llesis
1653 5006 1753 5052 narra·

125 5077 163 5138 rit
174 5092 251 5136 vers.
265 5079 300 5144 5,
321 5075 408 5150 quod
420 5073 582 5149 appellavit
594 5074 670 5130 Deus
684 5071 769 5130 laeua
784 5072 874 5140 diem,
890 5076 921 5137 et
960 5069 1089 5142 tionem3
1101 5069 1156 5130 sed
1165 5069 1298 5132 divinam
1306 5067 1498 5146 quamhabet
1506 5069 1663 5148 originem,
1675 5075 1752 5138 mbo

128 5165 245 5224 mum
261 5167 385 5230 mrem,
401 5173 456 5218 aar
473 5156 572 5216 statim
583 5155 616 5214 ia
627 5155 736 5216 eodem
746 5167 834 5213 versa
846 5157 875 5212 et
886 5153 920 5216 in

130 5237 921 5323 asqmnabaslaaiseotaoehmramtempasaondtu
993 5235 1035 5323 'aar
1046 5253 1177 5316 marea
1193 5251 1687 5320 mepewmteadmmttmsssfflr.
