4018 5976
648 293 890 352 collttxnrntttl
908 290 1113 360 indicenti,
1132 299 1196 346 dle.
1215 285 1328 357 xxiiii.

1753 285 1807 342 cm

169 398 234 466 rati.
246 397 266 459 t
278 351 312 456 Ιιιι
327 394 415 457 teet.
439 396 561 456 Horatia
577 394 666 471 plura
681 397 719 455 de
739 412 816 456 eona
830 394 964 469 congessi
1008 395 1072 452 heo
1084 393 1198 455 leniora
1209 394 1370 466 tegebant:
1386 403 1507 448 eausam
1519 384 1655 448 adieris.
1667 387 1808 461 hierony·

172 483 270 558 Eptes.
285 497 326 553 vr,
339 483 386 552 tt,
400 483 533 540 atteram.
550 495 615 552 cap.
630 495 694 549 xnr,
707 483 821 538 verat.

204 563 906 638 Ornosrumnnr,-operepolymitovariorum
915 579 964 620 co-

168 649 268 711 lorum
281 652 311 707 et
324 648 471 718 liciorum,
480 647 618 704 videlieet
627 662 732 704 corum
742 647 852 719 quibus
864 646 965 719 ephod

169 739 232 793 erat
244 735 425 802 contextum,
440 729 483 787 uti
493 731 584 788 Ειιοιιι·
595 744 716 800 xxxvur,
730 733 776 799 98,
791 730 963 802 explicatur.

169 817 258 874 Addit
271 815 416 889 losephus
428 813 498 871 huic
510 813 611 871 balteo
628 811 718 870 fuisse
732 812 847 869 additas
861 827 965 870 aureas

169 899 295 972 flettrles,
309 898 473 956 ambientes
485 899 644 970 utramque
658 897 722 968 ejus
735 912 830 953 oram.
841 897 923 952 Unde
938 899 967 952 et

171 984 229 1042 hoo
238 1000 303 1057 cap.
315 988 344 1040 et
352 999 429 1056 seq„
441 997 517 1039 vers.
526 984 553 1051 s,
566 979 682 1038 balteus
693 980 831 1038 hebraice
845 981 966 1036 vocatur

171 1071 444 1139 mpmtosdtcctnrn.

36 1160 113 1209 vere.
123 1166 158 1208 ιι.
192 1153 252 1209 tc.
267 1152 365 1208 Panno
373 1153 562 1208 rrarrsltxnon
570 1164 685 1207 runicis
694 1164 791 1207 amuis
804 1163 966 1206 reninis.-

172 1235 222 1292 llio
230 1237 425 1292 numerantur
433 1238 527 1291 restes
537 1233 689 1290 minorum
698 1233 894 1289 sacerdotum.
908 1231 965 1304 lpsi

173 1317 252 1392 enim
269 1332 332 1374 non
350 1332 455 1374 omncs
475 1316 541 1372 illas
562 1315 715 1372 habebant
733 1333 809 1389 qiras
832 1330 966 1370 summus

62 1412 145 1462 vestes
172 1399 316 1471 Pontifex,
329 1400 382 1458 sed
396 1399 512 1473 aliquas
522 1402 646 1456 tanturn.
657 1399 781 1455 Minores
791 1414 862 1469 ergo
873 1412 967 1454 saeer-

37 1479 156 1579 gnatum
173 1484 257 1544 dotes
277 1488 405 1556 quatuor
423 1486 537 1538 tantum
555 1481 708 1540 habebant
728 1486 837 1546 vestes,
859 1481 967 1538 scilieet

45 1547 161 1642 ,Jffi'
172 1571 270 1642 prime,
285 1566 451 1636 feminalia3
463 1565 589 1635 secundo,
597 1567 728 1622 tunicam
738 1566 858 1636 lineam3
874 1569 963 1630 tertio,

74 1659 136 1702 ann.
171 1666 278 1710 zonam
283 1670 293 1723 3
303 1655 410 1722 φιαιιο,
423 1649 529 1706 tiaram
540 1667 547 1704 :
559 1647 700 1705 carebant
708 1664 779 1716 ergo
789 1649 967 1721 tunieahya-

171 1733 313 1802 cinthina,
326 1733 438 1806 ephod,
452 1732 589 1790 rationali
597 1772 607 1801 ,
618 1737 647 1787 et
666 1732 777 1788 lamina
794 1747 886 1787 aurea
899 1749 967 1788 enm

170 1818 293 1875 nomine
311 1819 562 1888 tetragrammato,
583 1829 651 1888 quae
671 1814 801 1870 habebat
822 1815 965 1887 pontifex,

170 1897 214 1956 uti
227 1898 289 1956 dixi
299 1899 383 1955 initio
396 1898 510 1971 capitis.
912 1893 921 1909 ⁶

205 1983 278 2038 licta
288 1998 296 2036 ι
306 1981 477 2039 Sacerdotes
486 1982 541 2040 has
551 1987 646 2040 vestes
661 1983 826 2040 induebant
838 1999 907 2040 cum
922 1984 967 2040 in-

170 2063 382 2136 grediebantur
391 2065 619 2123 tabernaculum
633 2066 830 2136 sacrificaturi,
846 2068 894 2124 vel
908 2065 966 2123 alio

170 2161 293 2206 munere
306 2149 483 2207 sacerdotali
491 2149 636 2220 functuri3
651 2164 713 2206 nen
728 2155 830 2206 nutem
843 2166 912 2208 oum
925 2153 967 2207 ta·

169 2229 365 2289 bernaculum
389 2231 529 2304 adibant,
551 2237 584 2289 ιιι
606 2233 682 2289 illud
704 2233 902 2305 deponerent,
926 2234 965 2291 eb

170 2318 335 2371 castrorum
349 2316 560 2374 metationem:
575 2321 641 2373 tum
655 2318 734 2372 enim
748 2322 807 2373 tam
823 2317 966 2390 pontifex,

169 2412 263 2472 quam
273 2395 324 2454 alii
338 2399 505 2456 sacerdotes
519 2401 593 2458 illud
605 2400 755 2457 intrabant
767 2402 965 2459 suisvestibus

168 2479 343 2552 vulgaribus
353 2480 460 2538 induti.
471 2485 610 2551 Rursum,
621 2498 689 2540 cum
699 2483 834 2555 pontifex
842 2485 966 2558 aliquod
999 2479 1001 2486 ’

169 2577 280 2620 munus
293 2564 474 2623 sacerdotale
488 2566 602 2634 obibat,
617 2569 683 2623 ecto
699 2567 763 2638 J'am
782 2568 866 2625 dictis
879 2571 966 2627 sesti-

170 2646 244 2718 bus,
259 2647 310 2705 alii
323 2663 394 2706 vero
409 2653 539 2721 quatuor
550 2653 666 2707 tannim
683 2652 893 2710 vestiebantur.
910 2658 965 2712 Ex·

170 2730 234 2805 cipe
251 2730 359 2790 festum
378 2733 554 2809 expiationis
569 2753 576 2791 ι
591 2738 656 2815 tum
676 2735 755 2792 enim
771 2738 904 2808 pontifex
921 2739 966 2795 in·

170 2815 306 2886 grediens
325 2817 430 2875 Sancta
449 2823 635 2887 sanctorum,
649 2822 683 2875 ut
702 2819 805 2875 omnia
824 2819 964 2892 expiaret,

170 2897 348 2958 induebatur
360 2905 395 2957 ut
409 2903 577 2959 communis
597 2903 736 2960 sacerdos
752 2906 881 2976 quatuor
902 2905 964 2973 ejus

169 2982 300 3040 vestibus
317 3001 325 3039 ε
339 2988 401 3040 erat
413 2985 493 3042 enim
505 2985 556 3042 ille
568 2984 632 3042 dies
644 2985 820 3055 afflictionis,
829 2986 874 3043 uti
882 2987 965 3060 apud

169 3079 224 3122 nos
238 3065 271 3124 fit
283 3066 315 3122 in
330 3067 378 3124 die
390 3070 576 3137 parasceves,
589 3070 677 3124 benit.
692 3085 750 3137 xer,
770 3071 798 3124 l.
819 3071 860 3124 Ex
880 3070 964 3127 dictis

168 3147 261 3221 liquet
273 3151 438 3208 sacerdotes
450 3151 482 3208 in
493 3152 606 3225 templo
614 3167 678 3208 non
690 3153 775 3210 nudo
787 3153 898 3225 capite,
910 3157 963 3211 sed

169 3232 241 3288 tiara
253 3237 328 3290 teoto
343 3247 442 3290 orasse
452 3237 481 3290 et
495 3233 687 3306 sacrificasse;
702 3237 794 3307 idque
805 3239 926 3292 ornatus
936 3242 964 3294 et

169 3316 326 3386 majestatis
339 3333 437 3374 causa.
450 3319 531 3374 ldem
543 3317 676 3376 fecerunt
685 3318 811 3376 Romani
825 3320 961 3389 Gentiles,

168 3401 237 3454 teste
250 3397 405 3456 Plutarcho
420 3399 451 3455 in
462 3401 563 3466 Queat.
577 3404 662 3466 item„
680 3417 717 3458 ex
737 3402 920 3460 institutione
934 3408 963 3459 et

166 3480 327 3538 imitatione
340 3484 448 3540 AEneoe.
464 3483 544 3539 Unde
557 3484 694 3555 Virgilius
707 3502 715 3540 :

245 3605 274 3655 Et
286 3605 363 3669 capita
375 3609 429 3655 ante
442 3618 492 3656 aras
504 3606 608 3670 Phrygio
622 3608 708 3658 relatus
721 3609 812 3658 amictu.

42 3755 156 3802 nnana·
202 3735 274 3792 Nota
282 3733 522 3791 secundorllunia
532 3733 704 3790 communia
713 3735 847 3807 pontifici
858 3740 886 3793 et
896 3737 960 3794 aliis

42 3817 86 3861 ¹²1²
122 3830 154 3863 ιι·
167 3818 367 3876 sacerdotibus
384 3820 468 3876 eraut
481 3817 537 3874 trie
552 3835 559 3873 :
577 3821 711 3888 primum,
732 3833 843 3891 ponere
865 3837 961 3877 novos

62 3879 137 3983 ξιξ·
165 3915 258 3976 pancs
270 3901 497 3974 propositionis,
516 3905 545 3957 et
561 3899 663 3957 tollere
682 3905 812 3973 veteres,
827 3904 961 3975 quislibet

165 3983 213 4042 die
227 3983 360 4052 sabbati,
373 3986 460 4040 Lmit.
476 3999 555 4053 xxiv,
568 3985 585 4040 8
589 4002 599 4053 ;
614 3986 775 4052 seeundum,
797 3991 898 4058 aptare
916 3989 961 4043 lu-

164 4065 957 4140 onnescandelabriquotidiomaneetvospero,need.

164 4165 253 4220 xxm,
269 4163 345 4206 vers.
357 4149 425 4220 ult.;
440 4150 856 4222 tertium,p0nerei1leensum
871 4153 902 4207 in
918 4153 960 4209 al·

164 4234 219 4290 tari
227 4231 427 4306 thymiamatis
436 4231 568 4305 quotidie
583 4247 671 4288 inane
688 4236 717 4288 et
729 4247 860 4305 vespere,
870 4237 956 4291 Enod.

45 4337 154 4391 onerum
165 4321 268 4388 xxx,7.
282 4317 350 4388 Sed,
363 4319 397 4374 ut
407 4314 612 4386 dixi,xestibns
623 4315 797 4373 differebant
804 4335 814 4387 ;
827 4318 959 4390 pontifex

52 4399 150 4455 pontem
167 4401 246 4458 enim
260 4402 321 4458 suis
334 4403 412 4470 octo,
426 4399 477 4455 alii
488 4414 559 4456 vero
574 4401 741 4456 sacerdotes
755 4403 816 4457 suis
830 4407 959 4474 quatuor

52 4470 137 4578 effi
165 4488 280 4542 tantum
288 4483 421 4542 vestibus
433 4482 643 4540 induebantur.
656 4483 888 4556 Propriumvmo
898 4489 960 4542 erat

164 4567 328 4642 pontificis,
343 4566 435 4623 semel
454 4567 486 4622 in
505 4581 585 4624 anno
605 4567 637 4623 in
654 4567 701 4623 die
722 4567 897 4639 expiationis
914 4567 959 4624 in-

163 4652 246 4724 gredi
260 4652 292 4708 in
305 4651 409 4709 Sancta
422 4653 605 4722 sanctornm3
620 4648 757 4708 aliavero
771 4653 958 4708 sacerdotum

163 4735 334 4794 communia
345 4735 450 4792 munia
463 4733 611 4794 ordinarie
625 4735 690 4791 aliis
710 4734 767 4792 infe

1009 495 1089 549 mus,
1098 477 1207 534 seilicet
1219 475 1414 534 reverentiam
1425 478 1453 530 et
1462 473 1628 530 decentiam
1641 471 1809 528 sacerdota-

1009 561 1078 631 lem,
1095 576 1143 630 ne,
1157 560 1182 616 si
1196 561 1379 617 sacerdotem
1387 557 1450 616 labi
1463 557 1494 613 in
1504 556 1607 614 labore
1618 555 1769 614 mactandi
1780 557 1809 612 et

1010 642 1155 700 offerendi
1166 642 1300 700 victimas
1313 641 1492 711 contigisset,
1506 654 1596 713 passa
1608 637 1707 696 tunica
1719 637 1806 708 buca,

1011 727 1129 784 nuditas
1137 726 1368 798 ejusvideretur.
1380 725 1471 783 Simili
1478 724 1516 780 do
1526 739 1616 780 eausa
1625 721 1712 794 jussit
1720 723 1806 790 heus,

1011 826 1048 868 ne
1058 811 1196 868 sacerdes
1204 826 1258 884 per
1266 810 1377 882 gradus
1384 809 1424 866 ed
1431 807 1522 866 altare
1529 806 1711 877 ascenderet,
1718 805 1809 864 enodi

1011 909 1078 968 oap.
1093 908 1143 964 xx,
1154 895 1191 950 ιθ
1207 893 1256 966 (ι).

1043 1103 1079 1168 (ι)
1093 1103 1192 1168 Vulgo,
1204 1103 1241 1155 ait
1253 1105 1328 1168 Βιιιι,
1343 1117 1385 1168 op.
1397 1103 1443 1154 cit.
1455 1102 1499 1155 lib.
1517 1103 1549 1168 ll,
1560 1111 1615 1167 cap.
1627 1111 1664 1168 ιιι,
1673 1101 1728 1154 hec
1741 1101 1806 1154 ratio

1011 1174 1161 1238 assignatur,
1183 1175 1332 1225 reverentia
1353 1173 1449 1226 scilicet
1471 1189 1501 1226 ac
1523 1173 1644 1226 decentia
1660 1175 1806 1235 servanda,

1012 1258 1069 1308 quac
1089 1245 1213 1294 nimimm
1230 1246 1373 1305 laederetur,
1387 1245 1408 1294 si
1422 1259 1473 1308 qua
1486 1257 1542 1308 pars
1562 1244 1690 1296 femorum
1703 1250 1748 1296 aut
1764 1256 1807 1294 vc·

1011 1314 1305 1376 rendaapparercnt.sed
1313 1314 1373 1363 hnic
1380 1314 1562 1377 praescriptioni
1571 1313 1716 1364 altiorinest
1722 1327 1806 1376 cansa,

1012 1384 1065 1434 imo
1079 1397 1170 1434 sensns.
1187 1385 1264 1444 Nam,
1279 1388 1370 1444 primo,
1386 1384 1507 1434 decentiae
1519 1383 1673 1434 sufficienter
1686 1397 1731 1446 per
1742 1384 1805 1433 tata-

1012 1467 1067 1504 rcm
1090 1455 1248 1505 sacerdotum
1273 1454 1385 1505 tunicam
1409 1460 1514 1504 cautum
1534 1460 1602 1517 erat,
1622 1454 1761 1516 presertim
1784 1453 1805 1504 si

1012 1525 1097 1574 animo
1111 1525 1234 1589 recogites
1246 1525 1418 1576 sacerdotibus
1430 1537 1475 1588 per
1485 1524 1578 1589 gradm
1590 1523 1623 1574 ad
1633 1525 1714 1575 altare
1724 1535 1804 1575 ascen·

1012 1595 1072 1645 dere
1084 1594 1160 1646 luisse
1175 1596 1346 1659 prohibitum,
1363 1599 1444 1645 deod.
1460 1607 1508 1658 xx,
1520 1598 1566 1656 263
1580 1605 1627 1644 nec
1641 1593 1689 1644 nisi
1709 1594 1805 1658 largio

1012 1665 1082 1715 ribus
1093 1666 1251 1716 vestimentis
1264 1666 1403 1716 mulierum
1419 1664 1534 1716 decentia
1547 1677 1661 1729 unquam
1674 1672 1806 1728 procurata

1012 1742 1059 1786 est.
1079 1739 1199 1792 secundo,
1220 1737 1382 1787 feminalibus
1396 1750 1472 1786 nemo
1488 1747 1547 1786 usus
1566 1740 1620 1795 est,
1636 1748 1719 1798 neque
1730 1742 1805 1800 ante,

1011 1817 1094 1869 neque
1105 1813 1160 1868 post
1174 1809 1268 1870 blesen,
1278 1807 1326 1858 nisi
1336 1807 1475 1858 sacerdotes
1488 1807 1524 1870 (et
1536 1805 1655 1856 Pharisaei
1667 1807 1715 1855 sub
1727 1806 1805 1856 finem

1011 1877 1153 1928 israelitica
1164 1878 1309 1941 reipublice
1315 1916 1323 1942 ,
1337 1876 1478 1928 sanctitatis
1491 1877 1637 1927 affectanda
1650 1877 1757 1941 causa),
1768 1871 1805 1928 ita

1011 1954 1041 1997 ut
1053 1950 1225 2000 sacerdotibus
1236 1950 1287 2000 sint
1305 1948 1431 2013 peculiare
1445 1945 1523 2011 quid,
1544 1959 1683 2011 eorumque
1704 1949 1805 2012 propria

1011 2019 1103 2069 vestis:
1115 2021 1181 2070 nnde
1193 2022 1271 2083 liquet
1283 2033 1313 2070 ea
1326 2033 1378 2086 esse
1391 2032 1451 2069 enm
1466 2016 1568 2068 Mosaici
1578 2018 1712 2068 sacerdotii
1724 2033 1804 2070 essen·

1011 2088 1048 2138 tia
1061 2096 1087 2139 et
1104 2090 1153 2141 tine
1166 2099 1235 2141 arete
1245 2103 1365 2141 connexa.
1381 2091 1501 2149 Quanam
1515 2093 1601 2138 autem
1615 2087 1648 2138 eit
1661 2101 1692 2139 ea
1704 2091 1803 2155 relatio,

1011 2158 1085 2209 facile
1099 2161 1245 2225 perspicies,
1258 2161 1280 2212 si
1294 2161 1408 2212 attendas
1421 2161 1448 2210 S.
1461 2159 1597 2222 Scripturas
1609 2159 1711 2210 verbis:
1727 2160 1804 2212 facies

1010 2229 1141 2282 feminalia
1161 2233 1243 2296 linea,
1261 2238 1291 2282 ut
1314 2235 1427 2293 onmem
1445 2243 1542 2280 comem
1565 2232 1737 2292 turmtudtnta,
1758 2245 1803 2283 seu

1011 2300 1092 2364 magis
1105 2303 1138 2352 ad
1151 2303 1275 2366 litteram,
1287 2315 1388 2353 carnem
1402 2303 1522 2350 nuditatis
1537 2310 1595 2353 tuoe.
1605 2299 1632 2350 id
1643 2307 1681 2351 est
1694 2303 1803 2354 uerenda

1011 2378 1065 2420 tua.
1078 2373 1144 2432 Quid
1158 2386 1202 2438 per
1214 2386 1328 2430 carnem,
1342 2373 1431 2436 igitur,
1447 2371 1509 2436 quid
1520 2385 1565 2436 per
1580 2373 1728 2432 nuditatem,
1741 2375 1802 2438 quid

1011 2441 1114 2492 demum
1130 2457 1175 2506 pei·
1188 2447 1285 2504 operire
1298 2443 1441 2507 intelligant
1456 2443 1590 2506 scriptores
1601 2442 1679 2507 sacri,
1691 2445 1803 2497 breviter

1009 2511 1199 2576 inquirendum,

1041 2585 1067 2646 α)
1084 2589 1161 2654 πω,
1177 2587 1251 2656 σάρξ,
1265 2599 1336 2642 carc,
1356 2587 1385 2636 in
1407 2585 1493 2636 bibliis
1510 2592 1547 2636 est
1565 2591 1657 2636 natura
1675 2587 1802 2655 humana,

1009 2655 1116 2719 caduca,
1126 2656 1240 2719 infirma,
1251 2656 1375 2715 mortalis,
1384 2663 1509 2720 quatenus
1518 2655 1610 2706 divinae
1621 2663 1717 2710 natura
1727 2673 1802 2724 eppo

1010 2725 1089 2789 nitur,
1101 2725 1206 2789 quaest
1219 2725 1321 2789 spiritus
1330 2734 1356 2778 ct
1364 2727 1425 2776 vita.
1433 2727 1503 2776 llanc
1513 2733 1598 2776 autern
1609 2729 1801 2792 oppositionem,

1010 2809 1061 2844 uon
1083 2803 1183 2846 tanturn
1203 2800 1318 2857 physice,
1332 2797 1376 2847 sed
1397 2801 1526 2846 moraliter
1543 2797 1622 2847 etiam
1640 2799 1748 2850 mosaica
1762 2802 1802 2852 lex

1009 2865 1118 2929 accipit,
1132 2873 1162 2915 ut
1176 2869 1202 2918 ci
1216 2870 1323 2916 ditinum
1339 2881 1385 2929 pre
1402 2878 1501 2922 sancto,
1521 2869 1547 2919 τι
1565 2869 1695 2917 tremonem
1714 2877 1799 2921 autern

1009 2949 1054 2999 pro
1079 2946 1194 2997 peccato,
1211 2950 1255 2986 seu
1278 2937 1362 3001 potius
1379 2937 1548 2998 peccacatum
1571 2935 1694 2988 habeatur
1709 2955 1717 2988 τ
1734 2941 1801 2992 unde

1008 3009 1091 3056 cornis
1105 3007 1175 3056 trotio
1191 3007 1321 3059 notionem
1334 3012 1429 3068 peccati
1440 3015 1468 3058 et
1483 3009 1570 3057 mortis
1581 3008 1719 3060 necessario
1733 3024 1801 3062 com-

1009 3076 1137 3138 plectitur,
1157 3084 1182 3126 et
1202 3091 1261 3128 earo
1279 3084 1398 3129 naturam
1421 3079 1560 3129 humanam
1576 3086 1699 3142 quatenns
1713 3095 1800 3144 pecca·

1008 3147 1085 3197 bilem
1106 3155 1131 3198 et
1148 3149 1282 3200 mortalem
1303 3150 1426 3214 designat.
1447 3150 1539 3211 Perre,
1557 3151 1617 3214 quia
1639 3165 1685 3215 per
1697 3167 1801 3217 genera-

1008 3219 1104 3270 tionem
1118 3220 1225 3284 quisqne
1237 3220 1267 3270 sit
1283 3221 1366 3285 temo,
1383 3228 1476 3273 natura
1490 3221 1601 3272 humana
1611 3237 1671 3273 cum
1684 3227 1799 3278 membro

1008 3289 1076 3339 virili
1086 3291 1176 3341 intime
1188 3291 1349 3342 connectitur
1356 3305 1365 3356 ;
1375 3292 1427 3342 imo
1437 3293 1582 3344 membrum
1595 3293 1664 3344 istud
1674 3294 1752 3358 ipsius
1762 3305 1798 3348 cst

1006 3361 1150 3421 symbolum
1164 3375 1236 3424 aeque
1250 3375 1280 3412 ac
1294 3375 1433 3428 organum,
1447 3363 1485 3413 ita
1498 3368 1529 3413 ut
1543 3363 1692 3426 simpliciter
1705 3371 1731 3416 et
1744 3378 1797 3420 κατ’

1007 3431 1087 3497 ἐξοχὴν
1100 3432 1151 3482 dici
1164 3432 1240 3495 possit
1252 3447 1318 3482 caro.
1332 3433 1451 3482 intimam
1465 3433 1546 3498 igitur
1558 3434 1707 3485 relationem
1722 3436 1797 3488 hahet

1006 3513 1066 3550 eum
1079 3501 1162 3552 carnis
1172 3502 1457 3566 essentia,sciticetcum
1467 3503 1621 3554 mortalitate
1632 3511 1658 3554 et
1667 3507 1798 3569 peccabili-

1006 3576 1068 3635 tate,
1078 3572 1156 3636 idque
1166 3571 1252 3623 sidere
1262 3579 1308 3636 est,
1320 3580 1376 3623 tum
1388 3574 1417 3623 in
1429 3575 1538 3626 mosaica
1547 3576 1690 3626 uenatione
1702 3578 1733 3628 de
1742 3592 1797 3641 pro-

1005 3643 1144 3704 toparentis
1156 3643 1243 3705 lapsu,
1253 3649 1308 3693 turn
1321 3644 1350 3694 in
1365 3644 1481 3695 mosaicis
1493 3645 1627 3696 ritualibus
1644 3647 1757 3710 legibus.
1770 3650 1796 3700 in

1006 3713 1098 3775 quibus
1112 3714 1163 3763 duo
1185 3721 1283 3764 naturae
1297 3714 1414 3765 humanae
1432 3721 1560 3780 extrema,
1579 3715 1713 3781 videlicet,
1727 3726 1797 3771 ortus

1005 3792 1031 3831 et
1044 3797 1125 3842 mors,
1139 3784 1269 3848 generatio
1286 3792 1312 3834 et
1327 3785 1482 3849 destructio,
1496 3786 1598 3850 impura
1609 3787 1795 3840 existimantur.

1005 3853 1145 3912 meorum,
1160 3856 1228 3916 quod
1249 3857 1362 3906 verendae
1385 3864 1469 3920 partes
1486 3857 1518 3906 ab
1541 3859 1659 3908 omnibus
1679 3861 1797 3922 gentibus

1004 3927 1122 3981 plictrudis
1135 3924 1228 3974 liabitae
1240 3931 1312 3984 sunt,
1326 3939 1411 3975 nonne
1434 3927 1555 3977 confessio
1570 3934 1621 3991 est,
1642 3930 1740 3981 conscia
1758 3934 1796 3982 vel

1003 3993 1095 4052 inscia,
1110 4006 1151 4042 eus
1163 4007 1223 4042 curn
1237 4001 1340 4056 peccato
1353 3995 1501 4046 relationem
1515 3997 1616 4047 habere.
1628 3999 1716 4050 Omnis
1728 4002 1795 4052 enim

1004 4064 1087 4125 pudor
1100 4063 1280 4112 censcientiam
1293 4064 1384 4126 refert,
1401 4077 1448 4115 nec
1468 4065 1537 4115 alind
1550 4074 1588 4116 est
1604 4080 1681 4130 quam
1696 4073 1798 4122 moralis

1004 4134 1089 4196 pulsus
1101 4133 1145 4196 qui
1158 4140 1288 4196 peecatum
1302 4137 1430 4198 supponit.

1034 4205 1059 4264 tt
1072 4213 1160 4271 mm,
1174 4206 1286 4261 auditos,
1299 4205 1378 4255 altera
1390 4206 1499 4256 membri
1513 4207 1595 4258 virilis
1607 4208 1794 4276 denominatio,

1003 4276 1091 4324 erulam
1105 4277 1223 4324 refertur.
1234 4277 1332 4325 lt'udnri
1341 4276 1410 4326 enirn
1421 4277 1477 4338 pius
1486 4277 1588 4328 denotat
1596 4290 1674 4341 quam
1685 4296 1734 4331 nou
1747 4289 1796 4343 tept

1002 4345 1170 4408 simplieitor;
1184 4359 1229 4407 pro
1243 4357 1273 4395 eo
1286 4345 1430 4410 adhibetur,
1445 4348 1514 4410 quod
1527 4348 1659 4408 abscondi,
1678 4352 1734 4403 velo
1747 4355 1796 4404 ob-

1002 4415 1088 4473 tendi,
1109 4416 1141 4464 ab
1157 4415 1237 4464 oeulis
1258 4416 1384 4466 removeri
1406 4417 1531 4468 debuisset
1542 4434 1551 4482 3
1563 4419 1673 4483 ideoque
1692 4421 1720 4472 in
1741 4425 1796 4488 ejus

1002 4485 1106 4533 notione
1120 4484 1298 4547 imperfectum
1315 4486 1378 4549 quid
1397 4500 1497 4551 semper
1509 4490 1672 4541 continetur:
1684 4492 1794 4560 scilicet,

1002 4554 1024 4602 si
1037 4553 1138 4616 physice
1157 4560 1282 4617 sumatur,
1300 4555 1414 4606 defectus
1432 4555 1525 4620 aliquis
1544 4565 1589 4607 ant
1601 4559 1760 4626 indigentia3
1774 4567 1794 4614 si

1002 4624 1141 4687 moraliter,
1154 4626 1228 4687 eulpa
1242 4637 1286 4674 seu
1300 4633 1399 4682 reatus.
1411 4626 1449 4676 ita
1463 4633 1509 4688 ut,
1529 4641 1601 4692 aeque
1620 4643 1651 4680 ac
1663 4644 1713 4681 vox
1726 4647 1793 4690 caro,

1002 4700 1058 4744 tum
1073 4701 1219 4758 peccatum,
1231 4701 1288 4745 turn
1304 4704 1414 4747 mertem
1428 4699 1552 4760 designet.
1567 4700 1631 4748 Cum
1645 4701 1755 4752 Adamas
1768 4713 1793 4754 ct

177 4821 183 4833 .
585 4819 591 4830 ·
769 4737 898 4831 rioribus
914 4753 957 4794 Γθ·
1001 4764 1053 4816 Era
1065 4772 1208 4829 peccatores
1219 4781 1250 4817 ac
1262 4769 1381 4818 mortales
1393 4769 1455 4818 faeti
1467 4775 1537 4830 sunt,
1547 4775 1609 4819 tunc
1619 4769 1730 4833 primum
1742 4787 1794 4825 ossa

163 4819 330 4894 linquebat3
338 4819 392 4877 scd
400 4823 509 4889 tamm,
518 4822 553 4875 ut
564 4823 605 4875 alt
617 4819 957 4892 iosephus,lm.vlnete·‚
1000 4847 1027 4884 sc
1051 4837 1133 4887 nudos
1156 4845 1302 4900 agnoscunt.
1321 4840 1450 4898 Quatenus
1472 4845 1589 4901 peccator
1612 4844 1640 4889 et
1661 4844 1792 4909 mortalis,

162 4918 228 4977 cap.
242 4919 283 4972 vt,
297 4903 473 4960 ascendebat
486 4901 591 4976 ipsein
603 4904 749 4976 templum
761 4901 898 4974 sabbate,
909 4920 958 4961 ea·
1000 4905 1077 4956 homo
1092 4913 1150 4956 ante
1167 4909 1248 4957 Deum
1259 4910 1397 4958 nudusest.
1413 4909 1478 4968 Quia
1490 4921 1550 4959 vero
1564 4911 1709 4962 membrum
1719 4914 1792 4966 virita

40 5011 101 5058 vm
114 5018 149 5058 42,
162 4986 269 5057 lendis,
281 4986 328 5043 vel
342 4986 367 5042 si
375 4986 497 5058 quande
506 4985 602 5060 patria
608 4985 747 5041 festivitas
758 4990 845 5058 atque
857 5001 958 5044 annua
1000 4978 1170 5040 conceptionis
1180 4985 1206 5028 et
1219 4980 1389 5042 t⁰n0i³¹i011i⁵
1402 4989 1439 5029 ‘il
1453 4993 1586 5045 organum,
1595 4981 1682 5045 itaque
1694 4993 1792 5036 naturae

51 5074 149 5120 Μη-
162 5071 201 5131 ab
215 5069 298 5129 omni
310 5071 424 5144 populo
436 5074 580 5142 ageretur,
999 5046 1117 5098 humanae
1130 5049 1202 5130 quasi
1214 5048 1380 5128 principium,
1401 5049 1463 5100 hnic
1478 5051 1571 5100 merito
1587 5055 1709 5103 nuditatis
1721 5058 1791 5107 notio

999 5125 1053 5168 κατ’
1070 5119 1151 5185 impin
1163 5119 1301 5182 attingitur,
1314 5131 1367 5168 imo
1378 5127 1484 5170 vocatur
1496 5124 1605 5172 nuditas.

41 5135 74 5181 ιη
121 5137 149 5181 ad
196 5158 241 5213 ⁴9·
260 5155 359 5213 FACOES
376 5167 411 5208 ΕΤ
427 5159 579 5212 mmm
602 5167 701 5223 mh
714 5183 750 5198 “
763 5168 800 5210 ex
810 5152 873 5209 11⁰⁰
893 5169 956 5212 non
1029 5187 1052 5250 c)
1069 5189 1183 5247 operire,
1202 5199 1299 5252 tepere,
1321 5188 1347 5237 id
1366 5196 1404 5239 est
1426 5192 1458 5240 ab
1477 5190 1557 5241 oculis
1575 5205 1705 5246 removere
1725 5198 1791 5260 apud

41 5197 117 5256 qum
161 5236 736 5314 ‘1¹¹⁰V13250db5555n0700q¹¹0fflt⁰f²0
756 5240 786 5294 θῗ
804 5236 955 5310 duplicati)
998 5257 1193 5310 flebraeosidem
1206 5260 1272 5310 valet
1286 5273 1316 5310 ac
1328 5263 1419 5317 tottere,
1434 5263 1548 5323 anferre,
1560 5266 1700 5328 presertim
1711 5266 1739 5317 in
1752 5267 1792 5317 ιιιι

159 5322 306 5386 firmitatis
317 5335 409 5382 causa
422 5337 431 5378 ι
443 5318 486 5384 ite
500 5319 606 5378 diserte
619 5321 773 5398 Iosephus,
794 5323 954 5382 feminalia
999 5343 1056 5394 qnae
1078 5330 1130 5380 Deo
1149 5336 1321 5410 opponuntur,
1334 5337 1365 5382 nt
1382 5344 1443 5384 cnm
1462 5333 1549 5399 agitur
1564 5335 1597 5387 de
1615 5342 1727 5401 peceato.
1748 5336 1789 5388 Sic
