4134 6056
709 285 952 352 dointslt'rnhtn
968 293 1003 352 ta
1020 289 1183 366 csansth,
1201 292 1264 352 c'rr.
1283 288 1327 354 ut.
1375 325 1380 336 ·
1630 246 1639 264 ι
1781 287 1834 358 iss

89 396 172 458 sonno
200 384 298 456 hlium
316 394 408 458 tuisse
427 397 505 467 Noe;
526 409 663 466 nusum,
683 398 743 455 lina
762 401 830 472 post
849 396 995 456 diluvium
1039 401 1069 456 et
1081 398 1283 474 imperatores,
1296 413 1382 474 aqna
1393 413 1429 458 ac
1436 399 1569 476 pastores
1580 403 1610 458 et
1622 399 1758 474 agricole
1768 400 1833 457 tne-

79 472 189 583 'fii-‘¹¹⁵²
200 479 320 552 triginta
338 475 414 538 ahos
433 478 570 551 genuisse
592 475 691 550 filios,
713 495 824 555 eosque
848 496 886 538 ex
910 481 996 537 Titaea
1039 485 1119 538 runt.
1466 521 1469 532 .

102 547 166 644 ῥέξ’
201 578 294 622 nrore
307 578 429 622 vocasse
442 560 567 620 Titanas.
583 561 625 620 Er
638 559 696 620 hoc
708 563 776 620 loco
794 579 865 634 ergo
879 563 996 620 videtur
1074 563 1201 624 Arcados
1220 565 1390 624 mortalium
1408 563 1544 624 emnium
1562 563 1784 642 antiquissimos
1801 583 1832 624 se

78 657 123 710 noe
138 663 188 717 poet
200 649 260 704 Noe
273 649 342 720 post
355 643 502 704 diluvium
518 643 581 717 jam
601 641 712 702 tractus
732 647 761 701 ct
781 661 870 704 senex
878 687 888 716 ,
903 649 995 719 utque
1038 645 1237 719 venditantes,
1250 653 1381 724 pastores
1395 653 1424 706 et
1439 649 1584 722 agricolas
1596 649 1686 710 fnisse
1703 649 1832 710 historiae

98 719 160 764 ‘¹¹¹³‘
200 729 305 787 melius
318 731 436 787 vacaret
449 729 518 798 lieo,
529 727 644 786 veneris
657 731 808 802 pertaesus,
819 729 995 788 abstinuisse
1038 733 1195 804 testantnr;
1208 731 1280 792 audi
1294 735 1412 790 Poetam
1428 751 1436 790 ι

94 781 165 887 02¹,ss
199 811 539 885 usuconjngii,ideoque
547 809 723 870 nullasalias
734 811 870 884 genuisse
879 811 993 883 proles:

95 913 158 950 nui.
199 894 239 954 ab
258 895 338 954 hisce
355 895 435 952 enirn
456 894 552 952 tribus
572 909 676 952 omnes
698 893 834 952 homines
857 894 995 968 prognati

199 984 279 1038 sunt.
299 978 485 1038 Contrarium
498 977 586 1036 sentit
598 977 753 1050 cajetanus
773 983 801 1036 et
812 979 992 1050 torniellus,
1038 985 1127 1042 Graeci
1141 989 1243 1044 Protea
1255 993 1284 1045 et
1302 989 1470 1063 Apollinem
1491 995 1642 1066 pastorem
1660 991 1776 1050 nometi
1788 1006 1833 1050 re·

200 1065 308 1122 scilicet
320 1065 379 1122 Noe
392 1065 461 1137 post
475 1061 623 1120 dilnvium
636 1061 711 1122 alios
722 1063 858 1135 genuisse
872 1063 961 1135 filios,
976 1080 994 1122 a
1037 1067 1083 1140 gis
1093 1069 1343 1131 Thessalioelnisse
1355 1072 1493 1146 latentur,
1502 1091 1563 1133 una
1573 1091 1641 1132 cum
1652 1074 1793 1133 Mercurio
1803 1078 1831 1132 et

199 1147 311 1221 quibus
332 1163 454 1220 quoque
474 1148 574 1217 gentes
587 1150 759 1220 propagatae
773 1148 845 1216 sinl3
867 1147 922 1204 hos
935 1153 994 1206 tres
1037 1156 1125 1224 Argo.

200 1235 299 1288 tamen
312 1231 393 1288 solos
406 1229 454 1288 bic
466 1229 631 1299 nominari,
643 1229 727 1304 qnod
740 1229 783 1286 illi
796 1230 886 1302 hnjns
900 1229 994 1288 disse·
1073 1236 1207 1309 Phrygii,
1227 1244 1361 1312 pastores
1373 1240 1528 1311 Paridem,
1549 1241 1716 1312 Priamum,
1728 1241 1832 1299 Anchi-

200 1313 369 1371 minationis
381 1311 413 1369 in
425 1317 526 1384 gentes
534 1310 708 1372 illustriores
717 1313 826 1372 inerint
833 1313 993 1388 principes,
1036 1331 1089 1376 sen
1109 1318 1243 1392 aliosque
1262 1328 1436 1392 agnoscunt.
1456 1323 1608 1394 Numida,
1626 1324 1749 1396 Georgi,
1764 1325 1831 1397 scy-

199 1393 694 1471 etcapitaprimariarumgaatinm.
705 1397 900 1471 llernmprins
909 1396 994 1470 quod
1036 1398 1104 1472 thar,
1116 1403 1261 1461 Nomades
1274 1405 1351 1462 hano
1364 1405 1455 1464 vitam
1467 1405 1582 1476 volunt,
1593 1422 1656 1464 non
1665 1406 1763 1464 aliam.
1777 1411 1831 1465 Re-

200 1479 279 1550 dixi,
295 1477 479 1537 conformius
492 1481 535 1536 est
551 1475 650 1536 verbis
668 1479 822 1552 Scriptura
831 1521 841 1550 ,
862 1479 994 1553 quaevis
1036 1498 1109 1555 gum
1126 1501 1197 1544 cura
1213 1492 1356 1562 occupata
1374 1489 1430 1546 tuit
1451 1504 1513 1546 non
1532 1487 1631 1546 solnm
1645 1488 1830 1561 agriculturae

200 1564 292 1622 alium
305 1563 458 1638 patiuntur
471 1577 591 1620 sensum
599 1581 608 1634 ;
622 1561 701 1620 clare
714 1564 795 1620 enim
809 1562 850 1620 sio
861 1562 991 1621 habent:
1036 1567 1188 1638 exercitio,
1203 1569 1256 1627 sed
1270 1569 1353 1628 libris
1367 1569 1455 1630 etiam
1472 1570 1559 1647 qnasi
1573 1573 1665 1628 artem
1684 1571 1831 1646 complexi

203 1645 322 1704 «abhis
335 1644 559 1704 disseminatum
574 1649 617 1703 est
630 1659 719 1716 omne
728 1661 822 1718 genus
835 1644 994 1704 hominnm
1037 1655 1119 1720 sunt,
1135 1655 1167 1708 ut
1181 1651 1280 1724 Hiero,
1293 1653 1487 1724 Mithridates,
1503 1651 1692 1724 Philometor,
1704 1653 1830 1726 Attalus,

200 1745 289 1805 super
302 1730 472 1786 nniversam
484 1731 605 1788 terram.
622 1748 637 1784 a
1036 1733 1194 1793 Archelaus
1198 1755 1207 1806 ς
1218 1741 1246 1793 et
1256 1735 1357 1806 duces,
1366 1743 1400 1794 nt
1411 1737 1585 1812 Xenophon,
1593 1736 1741 1812 syllenne,
1750 1741 1831 1810 Cato,

71 1832 185 1881 remia
235 1813 455 1873 stlcosrrrh'on
466 1827 932 1872 vrarcnrconsnxracraaraaasn
943 1813 992 1888 (l).
1037 1817 1165 1889 Plinius,
1177 1820 1325 1877 terentius
1340 1821 1446 1892 l⁷arr03
1465 1819 1568 1879 avilla
1587 1820 1619 1878 in
1633 1824 1767 1878 senatum
1781 1837 1832 1877 vo-

199 1928 235 1942 -
248 1896 385 1956 Hebraico
403 1899 446 1953 est
462 1897 600 1960 ransart
615 1905 674 1958 itis
687 1905 739 1960 til)
750 1899 835 1955 anach
853 1899 911 1956 isch
927 1899 993 1956 han·
1037 1905 1119 1958 catus
1132 1905 1176 1958 est
1189 1901 1302 1974 Curius,
1313 1901 1424 1976 aliique
1438 1919 1532 1960 senes.
1549 1903 1679 1962 httilium
1692 1909 1831 1962 vocantes
1908 1891 1910 1900 ’

200 1983 298 2048 domm
311 1979 400 2054 coepit
410 1979 470 2038 Noe
484 1995 546 2038 esse
556 1979 600 2038 vir
615 1983 710 2052 terra,
724 1979 757 2038 id
770 1983 828 2051 cst,
844 1996 908 2038 esse
917 1981 994 2054 agri·
1037 1984 1077 2042 ad
1090 1984 1248 2058 imperium
1263 1990 1441 2058 Romanum,
1453 2002 1521 2043 eum
1534 2003 1634 2044 semen
1646 1993 1832 2062 spargentem

199 2065 282 2138 cola,
295 2065 383 2138 ooepit
399 2067 468 2137 post
484 2061 630 2122 dilnvium
647 2068 756 2122 terram
771 2065 836 2138 jam
855 2065 994 2124 siccatam
1036 2066 1220 2126 harenernnt.
1233 2069 1289 2126 Nec
1303 2068 1358 2125 lnIt
1368 2069 1410 2126 eis
1422 2067 1537 2140 rubori,
1552 2067 1684 2128 eburneo
1699 2073 1831 2144 scipione

199 2148 296 2208 colere
314 2154 343 2206 ct
363 2161 497 2206 exercere
506 2165 559 2220 ,g
581 2147 610 2206 d.
626 2147 720 2206 Rediit
732 2147 795 2228 ¹Noe
814 2147 854 2207 ad
868 2148 995 2222 agricul·
1037 2150 1183 2224 deposito,
1194 2155 1279 2225 parta
1292 2151 1414 2210 victoria
1427 2155 1456 2210 et
1466 2168 1556 2225 pace,
1570 2154 1610 2212 ad
1624 2154 1729 2211 stivam
1743 2155 1831 2213 aratri

198 2238 311 2304 turam,
331 2248 393 2306 qua
416 2235 484 2290 ante
507 2229 654 2290 diluvium
676 2229 722 2290 nsi
748 2235 818 2289 sunt
840 2231 993 2304 homiues,
1035 2234 1150 2292 reverti.
1165 2234 1355 2306 Agriculturae
1371 2235 1451 2292 enim
1465 2235 1649 2308 exercitium,
1663 2239 1769 2310 primo,
1789 2242 1832 2296 est

196 2317 282 2388 jussu
296 2315 355 2385 itai,
371 2313 518 2386 German,
532 2315 586 2385 td,
601 2315 630 2372 et
641 2330 706 2388 cap.
725 2331 772 2386 nr,
787 2331 864 2374 vers.
879 2317 931 2388 173
947 2317 994 2376 id·
1036 2320 1173 2375 enatura
1189 2319 1217 2374 et
1235 2333 1254 2375 a
1276 2321 1333 2376 Deo
1350 2317 1516 2376 institutum
1522 2339 1531 2391 ;
1544 2319 1674 2390 secundo,
1689 2337 1829 2393 magnam

199 2415 258 2474 que
272 2398 441 2471 diligentius
461 2413 553 2472 quem
571 2401 638 2456 ante
655 2395 818 2469 diluvium,
831 2399 903 2474 quia
916 2399 997 2458 diln-
1035 2398 1126 2458 habet
1147 2399 1344 2458 amoenitatem
1354 2418 1364 2473 ;
1386 2405 1485 2472 tertie,
1499 2402 1654 2460 sanitatem
1674 2407 1782 2475 tuetur,
1802 2409 1830 2461 et

198 2484 282 2542 vium
300 2498 355 2542 sue
374 2479 536 2554 salsedine,
549 2483 727 2554 acrimonia,
745 2483 946 2558 penetratione
964 2489 994 2542 ct
1036 2498 1144 2556 corpus
1157 2482 1280 2541 roborat
1288 2503 1297 2555 ;
1312 2489 1430 2555 garario,
1443 2485 1543 2557 fruges
1555 2491 1582 2542 et
1595 2485 1707 2544 tructos
1722 2504 1829 2562 procn-

198 2565 391 2626 inundatione
400 2564 575 2641 primoevam
583 2571 667 2624 terra
676 2565 889 2642 pinguedinem
901 2572 929 2624 et
939 2567 994 2626 bo·
1035 2568 1095 2637 rat3
1105 2570 1211 2638 putato,
1224 2565 1302 2623 valet
1315 2567 1354 2624 ad
1368 2565 1588 2625 meditationem
1602 2569 1677 2640 coeli,
1687 2570 1829 2641 siderum,

198 2651 319 2708 uitatem
328 2655 482 2708 exsuxerat
493 2653 521 2707 et
531 2647 675 2710 abluerat.
688 2649 767 2708 tinde
779 2650 920 2721 Percrins,
932 2651 994 2709 ltel-
1034 2647 1160 2723 plnvioe,
1171 2648 1315 2706 arborum
1326 2649 1512 2722 aliarumque
1525 2667 1625 2709 rerum
1637 2652 1814 2710 naturalium
1819 2673 1828 2724 ;

198 2735 245 2793 rio
258 2731 349 2792 etalii
363 2733 523 2807 opinantur
535 2735 596 2792 Noa
608 2733 754 2792 invenisse
769 2737 884 2806 aratra,
899 2734 994 2810 iisqne
1035 2739 1129 2802 sacto,
1156 2733 1233 2791 valet
1256 2735 1296 2792 ad
1321 2733 1586 2808 contemplandum
1611 2733 1830 2812 colendumque

199 2833 253 2892 par
263 2833 357 2892 equos
367 2823 397 2875 et
409 2815 502 2875 boves
513 2816 656 2888 attractis,
670 2833 789 2876 vomere
801 2821 912 2876 terram
924 2834 995 2892 pro·
1036 2819 1129 2875 ileum
1144 2815 1234 2874 :inde
1249 2817 1347 2891 prisca
1359 2816 1450 2889 testa,
1465 2817 1612 2887 Cerealia,
1628 2817 1770 2890 Floralia,
1785 2819 1831 2876 Vi-

200 2903 306 2961 cidissa
312 2943 323 2973 ,
335 2919 405 2960 cnm
416 2905 502 2962 antea
510 2901 571 2974 suis
583 2901 723 2961 manibus
736 2905 766 2961 et
778 2901 931 2976 ligonibus
940 2903 995 2962 ho·
1035 2901 1125 2971 nella,
1138 2899 1314 2972 Sementiua,
1329 2901 1463 2972 Agnalia,
1479 2901 1592 2972 Palilia,
1605 2901 1757 2974 charistia,
1775 2907 1829 2961 etc.

198 2987 295 3044 mines
309 2989 418 3044 terram
433 2983 568 3045 foderent
580 2989 609 3044 ct
622 2986 761 3045 colerent.
1072 2987 1111 3043 Er
1131 3000 1287 3044 rmnrrvrr
1305 3000 1420 3043 ιιιιιιιιιι.
1431 2987 1557 3056 -Nota,
1571 2984 1663 3042 vitem
1673 2991 1740 3043 ante
1755 2986 1831 3043 diiu-
1843 2995 1888 3040 uos
1909 3007 1952 3044 non

1069 853 1117 904 Par
1128 855 1210 917 (Deae
1222 856 1349 920 Arcadia)
1364 861 1427 908 aurat
1439 869 1495 910 ores
1507 857 1629 924 oviumque
1642 857 1769 924 magistros

88 3087 176 3134 nena-
233 3069 306 3128 vida
324 3069 374 3128 hio
390 3069 450 3127 Noe
467 3069 666 3144 patriarcham
686 3067 873 3141 agnomine
887 3084 996 3130 vacan-
1035 3069 1119 3127 vium
1131 3067 1328 3138 tuisse;nndo
1339 3066 1419 3124 enim
1431 3067 1503 3124 alias
1513 3083 1580 3124 eam
1593 3067 1743 3126 habuisset
1751 3069 1831 3127 ltoel
1856 3057 1940 3102 i⁰⁷⁰¹²¹²

78 3154 125 3201 t²¹·
157 3151 185 3196 ‘1⁰
199 3157 268 3213 tem.
283 3153 328 3212 sic
345 3152 473 3226 agricola
486 3151 630 3223 irrltsem,
643 3151 757 3226 taphet,
772 3155 868 3224 isaac,
882 3153 994 3230 Jacob,
1037 3153 1257 3226 sedhncnsqne
1270 3149 1338 3207 vitis
1355 3149 1472 3208 videtur
1489 3150 1647 3222 silvestris,
1662 3151 1789 3226 mouth,
1803 3155 1832 3210 et
1856 3119 1937 3223 Ἢ

78 3211 185 3318 3sz
198 3243 285 3309 Esau,
300 3236 500 3309 lioses,licoz,
514 3238 649 3308 sedeam
663 3237 791 3309 deniqne
804 3239 884 3294 totus
897 3254 995 3313 popu·
1036 3237 1187 3297 hincinde
1200 3253 1304 3311 sparsa
1317 3233 1418 3308 tuisse,
1432 3249 1577 3312 meaque
1590 3236 1768 3294 nonvinnm
1782 3253 1832 3296 ex·
1854 3239 1940 3288 mun.

90 3335 174 3390 gnua
199 3323 247 3381 lus
257 3321 344 3379 lsrael
358 3318 475 3378 colebat
487 3334 590 3393 agros,
603 3319 699 3378 donec
712 3335 811 3392 regem
825 3325 952 3395 peteret,
966 3327 996 3382 et
1035 3321 1176 3396 pressisse
1199 3319 1349 3393 homines,
1367 3321 1421 3379 sed
1435 3323 1550 3380 tantum
1567 3336 1640 3379 uvas
1656 3323 1829 3384 comedisse.

77 3399 101 3440 θ
111 3393 186 3500 ἔπ’
199 3404 316 3464 samuel
324 3403 411 3477 jussu
424 3401 474 3462 nai
487 3401 514 3462 ei
527 3401 654 3476 diceret,
669 3405 754 3480 qnod
766 3421 820 3463 rex
832 3421 935 3478 egros,
949 3405 995 3464 vi·
1035 3406 1095 3463 Noe
1107 3420 1177 3462 vero
1191 3409 1253 3462 aria
1265 3405 1356 3461 vitem
1371 3405 1511 3477 excoluit,
1522 3403 1676 3480 plantavit,
1689 3405 1721 3464 in
1732 3407 1831 3467 vineta

199 3506 285 3562 neae,
301 3487 425 3560 oliveta,
442 3487 555 3563 optima
573 3485 702 3560 tolleret,
715 3491 745 3548 et
760 3489 844 3547 daret
857 3491 994 3550 easervis
1037 3487 1201 3558 distribuit,
1223 3492 1252 3545 et
1269 3487 1385 3563 primus
1405 3503 1442 3546 ex
1463 3487 1529 3546 uvis
1547 3487 1651 3547 vinum
1671 3491 1830 3564 expressit3

199 3575 275 3646 suis3
291 3571 344 3632 scd
365 3575 394 3631 ct
413 3575 524 3645 segetes
544 3587 648 3629 eorum
666 3571 883 3644 addecimaret,
901 3577 912 3631 l
928 3575 993 3648 Reg.
1036 3587 1108 3630 nam
1118 3571 1250 3628 nesciens
1260 3571 1321 3627 vim
1332 3570 1404 3642 vini,
1415 3574 1518 3645 utpote
1532 3575 1618 3630 antea
1627 3587 1689 3630 non
1697 3572 1764 3644 visi,
1776 3588 1831 3632 nec

198 3673 262 3716 rur.
285 3655 352 3716 saral
371 3657 473 3730 pastor
494 3653 550 3714 init
570 3655 738 3726 asinorum,
762 3655 855 3712 David
876 3657 994 3730 ovium,
1036 3654 1162 3728 cogniti,
1176 3670 1211 3711 ex
1227 3670 1262 3712 co
1275 3651 1438 3712 inebriatus
1452 3659 1505 3712 est.
1520 3655 1562 3712 lta
1575 3655 1603 3712 S.
1618 3654 1831 3730 hieronymus,

198 3741 277 3800 Elias
296 3741 432 3799 Elisaenm
451 3738 490 3798 ab
508 3743 607 3798 aratro
626 3739 743 3798 vocavIt
749 3779 760 3810 ,
777 3744 806 3796 et
816 3741 994 3814 prophetam
1036 3737 1089 3796 lib.
1103 3741 1113 3794 l
1129 3737 1425 3796 Contratootaiacnm.

199 3824 319 3884 creavit.
330 3824 359 3882 Si
373 3821 548 3882 Pontificum
557 3824 631 3880 vitas
645 3821 785 3893 excutias,
797 3821 898 3895 plnres
912 3841 994 3899 repc-
1071 3821 1157 3880 Notat
1173 3821 1202 3880 s.
1220 3822 1449 3896 chrysostomus
1468 3823 1527 3880 Noe
1540 3839 1578 3880 cx
1590 3822 1648 3880 vite
1661 3823 1765 3881 vinum
1783 3840 1833 3883 cx·

196 3909 258 3966 ries
271 3905 469 3981 agricolarum
478 3903 619 3978 tilios,uti
628 3905 710 3964 inere
720 3905 854 3979 sylverii,
863 3905 993 3980 Adriani,
1036 3906 1191 3980 pressisse,
1205 3910 1239 3964 ut
1255 3921 1291 3963 cc
1307 3921 1396 3963 snum
1408 3909 1438 3963 ct
1452 3905 1581 3964 aliorum
1594 3907 1752 3966 hominnm
1764 3911 1833 3981 post

196 3992 351 4067 sylvestri,
366 3997 422 4050 etc.
1038 3989 1185 4046 dilnvium
1194 4004 1363 4059 moerorenr,
1373 3988 1492 4046 labores
1504 3993 1532 4046 et
1544 3987 1745 4048 infirmitatem
1759 3989 1833 4048 leni·

235 4077 329 4150 Cyrus
337 4078 488 4134 Persarum
499 4091 563 4146 rex,
572 4073 723 4149 priscique
736 4073 928 4149 imperatores
939 4077 995 4134 lio-
1037 4076 1081 4130 ret
1094 4077 1123 4130 et
1135 4071 1306 4143 roboraret3
1320 4071 1425 4128 vinnm
1439 4072 1519 4128 enim
1532 4070 1654 4130 roborat
1668 4077 1696 4130 et
1708 4072 1834 4130 laetificat

196 4162 282 4220 mani
297 4161 433 4234 agricola
447 4159 567 4218 inerunt
572 4179 581 4230 3
596 4159 677 4218 nudo
691 4159 790 4230 Pabii,
805 4161 936 4231 Lentuli,
952 4161 996 4218 Pi·
1038 4172 1090 4213 cor
1102 4155 1242 4212 hominis.
1255 4159 1349 4228 hique
1360 4154 1430 4212 hinc
1439 4156 1564 4212 Berosus
1573 4155 1725 4213 Annianus
1736 4159 1834 4214 censet

198 4259 305 4316 sones,
319 4242 490 4315 Cicerones,
505 4241 627 4314 Vitellii,
644 4243 737 4301 Porcii
745 4285 754 4314 ,
769 4241 878 4312 servii,
892 4243 994 4317 Appii,
1038 4243 1097 4297 Noe
1110 4240 1251 4298 eumdem
1264 4253 1327 4295 esse
1340 4253 1409 4296 cnm
1423 4241 1496 4296 iano
1504 4256 1513 4309 ;
1528 4237 1700 4312 dictumque
1714 4253 1777 4296 osse
1789 4243 1834 4298 ta·

197 4329 354 4403 scropha,
368 4328 566 4400 agricolarum
585 4327 724 4396 nomina,
743 4326 917 4399 triumphali
932 4327 996 4398 dig·
1038 4338 1127 4393 num,
1137 4321 1170 4380 id
1183 4325 1226 4379 est
1248 4319 1412 4394 vitiferum,
1426 4321 1473 4380 vel
1488 4323 1588 4396 potius
1601 4319 1777 4396 viniferam,
1793 4323 1833 4385 ab

197 4411 290 4469 nitate
303 4412 449 4468 honorata
466 4414 544 4468 sunt.
563 4409 638 4469 lindi
655 4407 804 4468 Valerium
815 4410 994 4470 hienimum:
1038 4406 1159 4464 llchraeo
1171 4413 1205 4490 pt
1219 4409 1280 4462 inin
1293 4406 1340 4462 vel
1351 4409 1410 4471 ica,
1424 4406 1456 4463 id
1469 4411 1513 4463 est
1526 4407 1630 4464 vinnm
1645 4407 1735 4466 :hinc
1748 4413 1776 4466 et
1788 4412 1834 4468 Ja·
1859 4415 1939 4473 tram.

201 4495 282 4553 allii
304 4495 391 4552 etiam
412 4493 596 4568 praedivites,
615 4493 668 4566 qni
692 4489 732 4550 ab
754 4496 851 4550 aratro
870 4509 998 4552 accerse·
1038 4507 1095 4549 nus
1114 4491 1246 4564 pingitur
1265 4489 1397 4560 biirons,
1411 4489 1483 4563 quia
1499 4492 1559 4548 Nee
1579 4491 1654 4548 vidit
1671 4477 1870 4550 lamsaou·¹‘1
1920 4477 1954 4527 ἐἶ
2017 4543 2020 4550 ,

196 4578 325 4649 bantur,
338 4581 372 4636 nt
383 4577 519 4635 consules
531 4577 649 4647 tierent,
662 4573 823 4648 voluptatis
836 4591 926 4633 causa
939 4580 996 4634 ste-
1038 4575 1102 4633 inm
1120 4575 1205 4650 quod
1223 4579 1284 4630 erat
1305 4578 1371 4630 ante
1393 4573 1556 4645 dilnvium,
1576 4589 1668 4648 qnam
1681 4575 1767 4649 quod
1779 4575 1835 4634 init
1855 4539 1948 4656 ,iffi

197 4661 254 4720 riie
269 4666 357 4736 atque
375 4661 618 4719 aestuosissimum
636 4659 767 4733 Pupiniae
785 4659 884 4718 solum
900 4677 998 4720 versa·
1038 4662 1108 4733 post
1121 4657 1206 4714 illud.
1222 4657 1304 4714 Unde
1318 4657 1455 4729 Ovidius,
1468 4660 1480 4714 l
1493 4657 1621 4716 Postea:
1847 4659 1953 4706 essenon

196 4744 288 4816 bant,
307 4745 541 4818 deliciarumque
559 4743 675 4816 ignari,
691 4743 872 4802 vastissimas
894 4744 997 4816 glebas
1084 4757 1086 4760 ·
1147 4787 1205 4839 ,m
1217 4784 1267 4838 him
1283 4785 1363 4837 sanni
1376 4786 1447 4838 mne
1459 4786 1556 4838 lamus
1568 4786 1600 4838 ori
1616 4800 1631 4840 0
1848 4717 1965 4831 ‘tw‘

197 4827 332 4903 plurimo
344 4843 412 4884 cum
427 4827 536 4885 sudore
550 4823 746 4902 dissipabant.
761 4829 824 4884 lmo
836 4843 909 4885 vero
919 4844 997 4902 quos
1180 4857 1246 4908 solus
1259 4799 1288 4908 J}
1300 4858 1390 4922 sum,
1402 4858 1442 4923 qn
1455 4863 1495 4909 gu,
1508 4863 1571 4922 mg,
1582 4801 1656 4910 ,3102

197 4912 333 4986 pericula
346 4909 516 4985 reipublice
536 4910 729 4985 imperatores
747 4908 933 4982 asscrebant,
947 4928 999 4968 an·
1146 4981 1147 4986 γ

198 4993 300 5068 gnatia
316 4996 359 5051 rei
372 4993 526 5052 familiaris
540 4991 690 5050 bubulcos
705 4992 771 5050 lieri
790 4993 895 5068 coegit.
911 5013 926 5049 n
942 4995 998 5054 Ro·
1077 4994 1217 5070 hpposite
1234 5001 1317 5069 gesta
1335 4999 1540 5056 Romanorum
1553 4993 1739 5072 symbolica,
1754 5007 1836 5069 sym·
1849 4987 1894 5064 Πῦρ
1905 4991 1956 5064 ure
1987 4993 1992 5002 '

198 5077 303 5138 mulus
322 5079 352 5135 et
368 5079 495 5150 hamus,
514 5075 728 5148 Diocletianus,
747 5075 896 5148 tustinus,
914 5091 998 5151 reges
1040 5080 1138 5139 helice
1152 5079 1269 5153 fingunt
1287 5083 1347 5140 Noe
1363 5081 1513 5140 miscuisse
1526 5081 1578 5138 viti
1592 5083 1620 5138 et
1633 5079 1705 5137 vino
1718 5079 1838 5151 sangni—
1850 5057 1957 5171 ‘’ffigffl

851 5212 854 5217 .
1041 5162 1837 5241 nemquatnoranimaliumputastmia,leonis,porci
1852 5187 1899 5221 nem
1925 5175 1959 5222 n.

201 5251 210 5270 ¹
235 5265 270 5336 (a)
290 5265 380 5324 pogm
400 5269 466 5324 hang
486 5267 638 5336 mm,
652 5263 714 5322 gg„
735 5283 774 5326 rx.
788 5273 876 5334 teat,
898 5269 999 5338 megi„
1041 5247 1169 5322 stagni:
1185 5247 1514 5323 quiavinuminebriat
1527 5248 1668 5308 ctebrics
1682 5243 1840 5306 eliestaclt
1865 5235 1937 5344 ὣ·

200 5337 599 5408 machinamina.
614 5349 671 5406 pag.
683 5341 730 5391 aaa
742 5350 814 5408 seqq.
1043 5331 1211 5407 moriones,
1222 5335 1308 5410 qnasi
1318 5335 1437 5406 simiaer
1449 5334 1524 5396 altos
1533 5347 1685 5410 pugnaees
1696 5333 1725 5390 et
1735 5327 1840 5396 auda:
1937 5320 1947 5352 ⁸
