4042 6032
231 330 328 392 mvl

240 437 296 496 nisi
311 438 494 512 singulariter
507 439 584 496 sumi
596 439 704 512 potest,
718 435 856 512 quando,
870 437 913 494 uti
927 437 985 496 hoc
998 436 1030 495 ln
1075 437 1127 494 nie
1138 439 1214 494 certe
1228 433 1491 510 comprehendunt.
1515 434 1593 492 «Sex
1611 429 1715 490 diebus
1728 431 1794 489 lecit
1807 435 1863 490 lto·

241 521 319 592 loco,
335 523 474 594 singulari
485 522 576 580 verbo
587 521 712 596 (creavit)
723 521 911 594 conjungitur
920 526 948 577 et
959 536 1030 578 vero
1076 521 1174 577 miuus
1187 521 1293 578 coelum
1308 523 1336 576 et
1352 523 1476 588 terram,
1491 519 1519 575 el
1537 518 1568 573 in
1587 515 1711 590 septimo
1725 515 1762 573 ab
1778 532 1865 589 opere

240 606 298 662 Deo
312 606 489 680 applicatur,
505 605 587 677 cujus
601 605 697 661 unitas
711 603 823 680 ubique
836 605 866 662 in
880 605 1030 678 scripturis
1077 605 1207 662 cessavit.
1232 625 1246 656 a
1270 603 1384 660 Nullam
1408 607 1484 660 certe
1510 605 1672 657 creaturam
1693 601 1866 658 excludebat

240 687 700 762 praedicaturvelsupponiturll).
709 689 931 745 Voltuiriusbaec
938 687 1030 744 verba
1076 689 1169 744 lloses
1182 687 1255 745 dum
1269 703 1386 744 carmen
1401 701 1489 742 snum
1503 684 1542 741 ita
1556 684 1726 757 incipiebat:
1739 684 1863 742 uAudite

239 771 279 829 ita
296 773 419 848 satyrice
440 772 643 846 iuterpretatur
664 789 672 827 ι
692 774 741 826 Dii
759 774 896 841 recerunt,
916 771 965 828 vel
980 773 1031 828 ilii
1076 772 1152 841 coeli,
1167 787 1234 846 quae
1247 770 1373 844 loquor,
1389 771 1490 827 audiat
1502 775 1579 826 terra
1592 769 1685 826 verba
1699 768 1757 825 oris
1771 770 1861 839 mein

239 859 306 926 fecit
324 859 415 913 ectum
428 863 453 912 et
468 861 569 912 terram
584 855 631 928 (2).
653 857 778 928 Reponit
793 855 833 911 illi
848 857 979 925 coenes,
998 854 1030 912 in
1075 857 1155 912 batt.
1170 871 1234 930 cap.
1250 870 1343 926 xxxu,
1353 871 1429 912 vers.
1445 855 1472 912 l.
1493 853 1569 911 Alibi
1584 856 1672 911 etiam
1685 854 1759 911 sacri
1773 855 1863 929 scrip-

239 939 375 998 bebraioa
389 941 490 1011 lingua
504 943 580 996 certa
592 939 731 1012 quaedam
744 940 878 1008 nomina,
891 938 1030 996 termina·
1075 939 1153 995 tores
1170 942 1229 995 euti
1246 945 1273 996 et
1294 945 1372 995 terro
1392 939 1512 995 nomine
1529 953 1629 995 rerum
1646 939 1863 996 universitatem

238 1025 317 1082 tione
330 1024 467 1098 pluralia,
482 1023 627 1080 sumenda
641 1039 702 1079 esso
718 1027 749 1078 ut
764 1022 941 1093 singularia,
955 1037 1029 1095 prae-
1075 1021 1250 1092 significant.
1266 1022 1400 1094 Legimus
1412 1024 1480 1078 lsai.
1496 1037 1560 1095 cap.
1572 1037 1593 1092 1,
1606 1037 1683 1078 vers.
1692 1023 1729 1078 2:
1741 1023 1864 1086 «Audite

239 1108 336 1164 sertim
356 1124 449 1182 quum
470 1111 622 1164 contextus
641 1107 782 1162 orationis
800 1106 847 1162 vel
861 1105 1028 1176 conjunctio
1074 1105 1153 1174 coeli,
1169 1110 1197 1162 at
1210 1106 1332 1164 auribus
1340 1106 1457 1180 percipe
1467 1110 1555 1176 terra,
1568 1106 1710 1180 quoniam
1726 1107 1865 1164 Dominus

238 1209 306 1248 cnm
319 1193 411 1250 verbo
424 1195 476 1248 aut
486 1208 553 1248 eum
567 1190 711 1262 adjectivo
720 1189 862 1261 singulari
870 1190 1030 1247 ostendunt
1074 1187 1189 1246 loeutus
1203 1194 1256 1247 est.
1271 1191 1358 1249 Filios
1372 1191 1497 1249 enutrivi
1509 1195 1537 1247 et
1550 1191 1686 1256 exaltavi,
1700 1191 1756 1266 ipsi
1767 1197 1864 1250 autem

238 1275 275 1334 de
294 1293 355 1334 uno
369 1277 470 1350 aliquo
491 1292 657 1334 sermonem
670 1291 743 1332 esse.
760 1277 800 1332 lta
814 1275 854 1330 ait
869 1293 876 1330 :
892 1275 1029 1348 quamvis
1074 1281 1246 1348 spreverunt
1259 1293 1319 1344 me;
1336 1297 1350 1331 e
1366 1281 1395 1334 et
1409 1276 1490 1348 apud
1501 1278 1597 1332 terem.
1614 1290 1774 1348 capum,
1784 1293 1863 1334 vers.

238 1362 373 1432 ilizraim,
385 1362 520 1436 Ephraim
531 1365 597 1429 ete,
607 1358 759 1432 pluraliter
769 1358 914 1425 desinant,
924 1359 1027 1430 singu-
1072 1359 1127 1415 at:
1141 1360 1189 1416 ast
1200 1360 1394 1418 occultabitur
1405 1362 1450 1417 vir
1461 1361 1491 1416 in
1502 1361 1688 1432 abscondito,
1700 1365 1728 1418 et
1738 1377 1792 1434 ego
1803 1378 1864 1420 non

237 1445 334 1502 lariler
348 1451 416 1505 suut
424 1443 605 1520 accipienda,
615 1443 835 1512 dnmagitnrde
848 1441 911 1498 tilio
924 1443 1027 1511 cham,
1072 1443 1181 1502 videbo
1201 1463 1270 1502 eum
1277 1489 1288 1518 ,
1307 1445 1376 1503 dicit
1395 1445 1555 1502 Dominus?
1570 1444 1721 1519 Numquid
1735 1462 1795 1502 non
1809 1463 1867 1504 coe-

237 1534 288 1588 aut
308 1531 345 1586 de
365 1533 471 1603 nepote
493 1528 604 1586 iacobi.
629 1527 748 1584 Adonim
765 1527 881 1601 plurale
901 1530 945 1584 est
966 1545 975 1584 r
998 1529 1029 1584 at
1073 1527 1170 1586 lumet
1180 1534 1286 1587 terram
1295 1547 1350 1602 ego
1359 1531 1480 1603 impleo,
1489 1529 1558 1587 dicit
1568 1529 1747 1586 Dominuslr
1759 1530 1867 1588 Paulus

236 1615 359 1690 quando
380 1613 434 1670 lilii
454 1613 554 1670 Jacobi
573 1613 614 1668 ita
632 1612 783 1686 appellant
803 1610 922 1668 fratrem
939 1627 1028 1668 suum
1071 1628 1182 1687 ponere
1201 1615 1318 1672 videtur
1338 1617 1431 1672 entiam
1450 1621 1476 1672 et
1497 1621 1596 1670 terram
1613 1614 1693 1670 idem
1714 1630 1775 1672 esso
1796 1632 1864 1673 cum

236 1701 396 1774 losepbum
411 1699 462 1774 (3),
479 1714 541 1755 non
559 1701 657 1772 potest
668 1697 740 1752 verti
758 1697 876 1761 domiai,
896 1695 949 1752 sed
966 1695 1028 1752 sin·
1072 1699 1289 1772 mundantque
1308 1697 1447 1756 omuibus
1464 1715 1532 1772 qua
1545 1697 1576 1754 in
1588 1713 1624 1754 eo
1638 1701 1716 1755 sunt.
1731 1701 1771 1756 lta
1784 1702 1864 1759 enim

236 1783 376 1855 gulariter
391 1784 506 1842 dauriae.
522 1783 563 1839 lta
576 1781 607 1837 in
620 1797 652 1837 re
666 1785 767 1837 nostra
775 1795 834 1836 vox
842 1780 958 1836 Elohim.
971 1779 1028 1836 Ali·
1072 1781 1258 1839 Athenienses
1272 1783 1443 1858 alloquitur,
1455 1782 1549 1840 Actor.
1565 1799 1630 1857 cap.
1643 1797 1712 1853 xvrr,
1726 1799 1802 1842 vers.
1811 1789 1864 1843 rt:

237 1868 310 1942 quid
329 1866 421 1924 simile
439 1867 470 1924 in
487 1866 594 1924 uostris
613 1865 722 1936 linguis
739 1864 849 1933 existit,
868 1863 899 1918 iu
917 1862 1027 1936 quibus
1074 1867 1175 1922 «Deus
1192 1867 1244 1942 qui
1262 1865 1330 1924 lecit
1347 1869 1494 1924 mundum
1511 1869 1539 1924 et
1557 1866 1657 1924 omnia
1670 1875 1820 1942 quaesunt
1833 1871 1865 1928 iu

236 1951 350 2026 plurale
361 1968 407 2008 uos
418 1952 528 2008 indicat
542 1966 619 2021 sape
635 1947 815 2018 singularem
824 1961 983 2019 personam
991 1947 1027 2022 (t)
1072 1963 1119 2018 eo,
1132 1949 1180 2006 bic
1193 1951 1258 2006 eoeli
1269 1953 1297 2007 et
1308 1954 1391 2008 terrae
1403 1949 1542 2007 dominus
1556 1967 1624 2007 oum
1636 1951 1682 2020 sit,
1694 1954 1794 2010 nonin
1803 1969 1868 2011 ma-

237 2039 264 2091 et
275 2039 318 2092 est
331 2035 522 2092 observantias
536 2033 689 2090 indicium.
705 2033 791 2101 ideo,
806 2030 888 2088 addit
902 2032 1027 2103 (incude,
1071 2032 1196 2090 nulactis
1209 2032 1326 2108 templis
1339 2033 1487 2091 habiat.»
1510 2032 1625 2091 Profani
1639 2049 1760 2108 quoque
1774 2037 1866 2112 scrip

235 2119 355 2176 tortasse
365 2121 552 2174 assueverant
561 2115 672 2173 Hebraei
682 2113 864 2171 inflectendis
877 2114 1028 2187 pluraliter
1070 2119 1149 2173 tores
1163 2118 1269 2174 ooelum
1281 2122 1309 2173 et
1321 2120 1427 2174 terram
1443 2117 1605 2192 aliquando
1618 2133 1674 2192 pro
1686 2135 1784 2178 rerum
1799 2123 1867 2178 uui-

235 2203 357 2260 vocibus
371 2219 438 2276 quae
452 2201 629 2276 potentiam,
642 2200 718 2269 vim,
734 2203 785 2256 aut
799 2198 971 2270 dignitatem
984 2199 1027 2255 in·
1070 2201 1204 2257 versitate
1222 2205 1428 2273 sumpserunt,
1444 2201 1486 2256 uti
1504 2203 1645 2257 llomerus
1663 2206 1692 2260 et
1709 2204 1799 2262 Plato.
1819 2207 1865 2262 Ab

236 2289 382 2358 dicarent,
400 2287 443 2343 uti
457 2289 526 2344 sunt
541 2287 648 2342 Elohim
669 2289 697 2340 et
710 2283 838 2339 Adonim.
854 2284 972 2338 Certum
985 2284 1029 2340 est
1071 2288 1189 2340 anctore
1206 2283 1274 2342 libri
1291 2287 1328 2341 lle
1341 2285 1443 2340 Mundo
1458 2283 1494 2341 ad
1507 2286 1710 2358 Alexandrum,
1724 2288 1866 2347 definitur

235 2377 340 2432 Elohim
353 2371 488 2430 hebraice
495 2415 506 2444 ,
526 2369 648 2446 quando
665 2371 722 2426 [teo
736 2369 892 2438 tribuitur,
912 2383 1028 2442 semper
1071 2365 1201 2423 mundus
1216 2385 1223 2423 :
1242 2369 1392 2425 «Mundus
1406 2372 1448 2426 est
1462 2369 1618 2426 collectum
1631 2369 1744 2444 aliquid
1758 2390 1773 2430 e
1788 2375 1865 2432 eoelo

236 2475 304 2517 oum
315 2457 407 2516 verbo
422 2457 563 2530 singulari
576 2453 707 2512 construi
722 2471 730 2510 τ
745 2458 775 2510 at
788 2452 910 2527 quando
925 2452 962 2509 de
972 2463 1028 2510 An·
1071 2453 1160 2524 atque
1173 2455 1260 2520 terra,
1275 2456 1363 2526 atque
1375 2469 1410 2509 ex
1420 2453 1455 2509 iis
1465 2455 1576 2512 naturis
1586 2455 1738 2530 quaintra
1749 2473 1783 2514 ea
1793 2475 1864 2514 eou-

235 2543 308 2615 gelis
324 2543 371 2599 vel
391 2543 427 2599 de
448 2539 631 2613 Principibus
650 2542 824 2610 usurpatur,
838 2553 906 2593 eum
919 2537 1028 2610 plurali
1070 2534 1233 2593 lineatur.»
1249 2540 1334 2594 Juxta
1345 2537 1567 2594 hlaiemonidem
1581 2555 1651 2595 vcra
1662 2539 1864 2615 interpretatio

235 2627 329 2684 verbo
342 2627 478 2684 sociatur.
498 2627 656 2698 Nunquam
674 2627 772 2678 autem
786 2620 897 2676 liobraei
908 2619 1029 2695 plurali·
1070 2616 1159 2690 hujus
1172 2637 1274 2678 versus
1288 2625 1331 2677 est
1345 2639 1352 2677 :
1371 2623 1426 2678 «ln
1439 2621 1585 2695 principio
1604 2624 1711 2680 creavit
1725 2627 1801 2683 Deus
1815 2643 1865 2684 res

236 2703 1029 2779 tatemsubhoenominesignitreatamdeorum‚quam·
1071 2703 1237 2776 superiores
1254 2709 1283 2762 et
1295 2703 1479 2776 inferiores»
1494 2704 1580 2780 quod
1599 2709 1641 2762 est
1663 2709 1780 2780 omnia,
1802 2711 1865 2768 sivo

236 2799 282 2858 vis
302 2800 343 2857 ad
362 2795 561 2855 idololatriam
580 2791 727 2868 proclives
745 2793 860 2862 assent,
880 2789 1029 2847 intellexe-
1070 2802 1139 2860 qum
1151 2787 1183 2844 in
1197 2787 1292 2858 coelis,
1310 2789 1371 2846 sive
1388 2803 1456 2863 quae
1473 2789 1504 2846 in
1521 2793 1600 2846 terra
1618 2795 1695 2848 sunt.
1717 2795 1773 2849 Neo
1791 2811 1866 2852 vero

237 2887 315 2942 rum,
1070 2867 1146 2928 banc
1159 2887 1258 2929 rerum
1280 2872 1517 2930 distributionem
1534 2875 1601 2948 quis
1619 2877 1754 2948 damnet,
1773 2895 1810 2936 ex
1827 2897 1865 2938 eo

273 2967 467 3026 Pluralitatem
489 2963 657 3022 divinarum
678 2963 872 3018 Personarum
892 2959 1028 3017 doctores
1071 2955 1865 3032 quodmundiparsminimaterraest.Namnonmodo

236 3055 359 3130 quidam
374 3050 579 3124 conjunctione
592 3047 647 3105 hac
661 3045 817 3117 singularis
828 3042 911 3101 verbi
926 3046 1029 3102 mancat
1069 3036 1133 3097 hee
1143 3046 1205 3097 erat
1216 3041 1285 3097 tlosi
1296 3047 1520 3116 peropportuna
1531 3042 1707 3116 distributio,
1722 3061 1791 3102 cum
1801 3064 1865 3106 non

236 3156 303 3196 cum
316 3136 424 3211 plurali
438 3136 542 3191 Etohim
556 3131 715 3188 iudicatam
729 3127 932 3199 crediderunt,
950 3127 1028 3184 utin
1070 3123 1170 3180 minus
1184 3123 1221 3182 de
1231 3129 1317 3195 terra,
1333 3125 1394 3182 imo
1405 3125 1499 3182 multo
1509 3127 1603 3198 magis
1613 3126 1651 3184 de
1661 3143 1706 3198 ea,
1720 3145 1813 3202 quam
1825 3131 1865 3189 de

235 3223 376 3297 singulari
385 3221 475 3280 verbo
486 3220 582 3277 unitas
593 3217 700 3274 divinae
709 3213 856 3282 Essentiae,
865 3213 952 3271 unico
960 3217 1027 3270 actu
1071 3207 1146 3264 coelo
1166 3209 1296 3265 eraseris
1314 3209 1516 3284 loquivellet,
1537 3211 1588 3266 sed
1606 3209 1665 3268 lere
1684 3214 1864 3288 neeessaria;

236 3308 273 3364 ad
286 3316 365 3364 extra
378 3308 408 3363 in
423 3320 605 3378 unoquoque
624 3317 713 3374 opere
732 3299 858 3372 agentis,
879 3304 907 3355 et
925 3299 956 3354 in
972 3313 1028 3355 no·
1071 3307 1155 3363 unm,
1169 3295 1202 3348 ut
1213 3294 1444 3351 animadvertere
1459 3294 1636 3351 Christianus
1649 3296 1770 3354 wolfius
1783 3299 1819 3372 (6)
1834 3305 1866 3358 et

236 3391 314 3446 mine
327 3389 450 3463 pluralis
463 3386 676 3445 terminationis
693 3398 889 3457 personarum
903 3382 1028 3455 plurali·
1070 3379 1265 3435 Nazzoeebius
1280 3377 1331 3451 (7),
1354 3395 1421 3435 oum
1440 3383 1550 3435 careret
1567 3381 1715 3454 antiquior
1729 3384 1864 3442 Hebraeo·

236 3479 279 3530 tas
289 3473 509 3545 significaretur.
523 3472 629 3528 Saltem
641 3467 794 3526 latendum
806 3468 857 3535 est,
872 3465 907 3520 iis
918 3465 1027 3538 quibus
1070 3480 1137 3521 rum
1148 3464 1249 3536 lingua
1261 3463 1428 3534 vocabulo,
1445 3465 1530 3538 quod
1548 3467 1694 3524 mundum
1713 3466 1864 3540 signitica-

235 3559 292 3616 hoc
307 3558 479 3630 mysterium
490 3555 668 3612 revelatione
682 3551 820 3622 innotuit,
834 3551 1028 3608 constructio·
1069 3551 1124 3618 ret,
1140 3549 1178 3606 ad
1191 3550 1268 3610 hano
1276 3549 1470 3622 periphrasim
1479 3550 1708 3623 eontugtendum
1717 3558 1789 3625 erat,
1801 3574 1864 3630 qua

236 3657 304 3699 nem
318 3643 399 3698 illam
414 3655 556 3712 apparere
569 3635 837 3709 coagmentiorem.
1071 3635 1099 3688 et
1118 3633 1209 3689 modo
1232 3632 1356 3690 Ecclesia
1374 3634 1405 3690 in
1432 3634 1577 3706 symbolis
1600 3635 1701 3693 utitur.
1721 3640 1863 3702 Praeterea

271 3728 357 3784 xxvi.
375 3726 472 3782 Colum
485 3729 510 3778 et
525 3730 635 3778 terram.
653 3720 746 3776 Prima
761 3734 820 3778 vox
835 3719 941 3780 0⁹an
955 3719 1027 3778 verti
1070 3716 1132 3774 haec
1145 3717 1311 3776 distributio
1327 3719 1414 3776 valde
1430 3719 1519 3776 obvia
1533 3724 1592 3794 est,
1607 3727 1636 3779 et
1648 3725 1862 3796 terrigenarum

236 3815 331 3886 potest
351 3810 438 3865 etiam
460 3809 536 3864 cotos
559 3823 565 3860 :
589 3803 713 3880 pluralis
736 3805 777 3858 est
799 3803 981 3870 terminatio,
997 3807 1027 3862 at
1070 3806 1181 3859 naturae
1202 3802 1452 3860 conlormis2duo
1475 3805 1554 3860 enim
1572 3808 1653 3874 sunt,
1668 3823 1735 3881 quas
1757 3827 1863 3872 sensus

236 3911 390 3969 nunquam
405 3909 470 3949 eam
493 3888 637 3946 adhibent
650 3884 791 3958 singulari
813 3886 1026 3947 terminatione.
1070 3891 1186 3944 nostros
1203 3887 1382 3961 percellunt,
1399 3891 1492 3943 colam
1505 3889 1588 3962 quod
1607 3890 1694 3946 nobis
1712 3893 1862 3970 imminet,

239 3980 336 4036 «Coeli
352 3983 380 4034 et
397 3982 480 4034 terrae
497 3973 618 4030 nourine
635 3970 772 4027 universa
790 3972 923 4026 creatura
939 3972 1028 4044 signi·
1070 3976 1098 4029 et
1112 3977 1187 4028 terra
1198 3988 1290 4046 quam
1303 3971 1460 4028 incolimus
1474 3977 1502 4030 et
1516 3975 1602 4032 nobis
1615 3977 1750 4036 substat:
1767 3998 1862 4040 unna

237 4063 322 4122 ficata
343 4065 385 4118 est
402 4076 494 4134 quam
511 4055 578 4114 lecit
591 4059 620 4112 et
637 4054 771 4112 condidit
784 4055 893 4111 Deus.»
911 4057 953 4114 lta
971 4062 1029 4114 Au·
1069 4058 1213 4132 quisque,
1232 4061 1338 4116 natura
1352 4057 1443 4129 duce,
1464 4059 1611 4120 distribuit
1629 4078 1754 4138 corpora
1767 4066 1799 4124 iu
1812 4086 1862 4127 su·

237 4149 372 4221 gostinus
395 4145 431 4219 (5)
452 4157 462 4200 ε
483 4139 569 4198 multi
587 4138 636 4196 alii
660 4137 826 4209 intelligunt
843 4155 946 4196 omnes
969 4141 1028 4214 spi·
1068 4142 1186 4216 periore
1205 4157 1239 4198 aa
1259 4145 1387 4212 remota,
1412 4158 1479 4215 quae
1500 4147 1614 4200 tantum
1630 4147 1697 4203 visu
1718 4150 1862 4224 attingere

236 4233 333 4290 riteles
352 4236 379 4287 et
399 4225 568 4302 corporales
587 4228 745 4282 creaturas.
768 4224 868 4280 Missos
884 4223 1027 4284 faciamus
1068 4241 1239 4300 possumus,
1253 4230 1281 4284 et
1290 4227 1320 4283 in
1329 4225 1465 4284 interiora
1475 4243 1508 4284 ac
1518 4229 1709 4302 proximiora,
1719 4251 1786 4306 quae
1796 4237 1862 4295 aliis

237 4318 329 4376 modo
345 4314 507 4389 spiritales:
523 4309 625 4367 saltem
634 4312 726 4365 totam
737 4308 864 4365 universi
876 4310 1028 4368 materiam
1069 4326 1191 4384 quoque
1205 4310 1339 4366 sensibus
1348 4311 1449 4383 pervia
1460 4317 1538 4369 sunt.
1554 4315 1718 4372 Aristoteles
1728 4317 1764 4392 (8)
1776 4337 1862 4380 mun.

237 4403 273 4459 iis
285 4401 383 4458 verbis
396 4394 623 4470 comprehendi,
643 4409 705 4449 non
723 4391 838 4450 dubito.
859 4394 947 4452 Ecod.
961 4411 1026 4470 cap.
1070 4393 1143 4450 dum
1154 4391 1318 4450 considerat
1328 4393 1416 4450 veluti
1426 4393 1457 4451 in
1466 4395 1540 4452 duas
1550 4401 1646 4470 partes
1657 4401 1860 4478 distributum,

237 4502 315 4555 mr,
327 4500 403 4540 vers.
414 4484 461 4552 tr,
474 4482 567 4536 cotum
579 4484 605 4534 et
615 4485 688 4533 terro
699 4493 790 4550 opera
801 4479 954 4535 creationis
964 4496 1028 4537 om·
1070 4477 1179 4536 scilieet
1197 4477 1228 4533 in
1245 4478 1392 4533 muudum
1410 4478 1600 4536 sublunarem
1620 4487 1649 4540 et
1666 4487 1859 4558 superiorem.

1069 4559 1276 4617 Alexanderdc
1287 4561 1447 4618 llumboldt
1456 4563 1492 4636 (9)
1501 4562 1772 4636 latetur,seientiam
1781 4589 1861 4633 crea·

1069 4648 1167 4703 tarum
1179 4660 1277 4701 rerum
1288 4644 1390 4718 quoad
1400 4645 1546 4718 homines,
1560 4650 1633 4707 duas
1643 4659 1739 4726 partes
1749 4655 1860 4716 hebere

1070 4731 1231 4799 distinctas,
1243 4743 1349 4801 nempe
1364 4728 1498 4786 tellurem
1513 4738 1643 4792 nostram
1657 4743 1685 4794 et
1698 4741 1792 4812 spatia
1803 4758 1861 4800 cce·

270 4629 303 4694 (l)
324 4625 405 4678 Etiam
420 4623 465 4674 ubi
481 4620 567 4672 asserit
583 4619 629 4669 Del
650 4618 775 4668 unitatem
798 4617 928 4682 Scriptura
946 4621 1029 4674 utitur

238 4701 363 4761 meroes,
382 4703 475 4746 nauto.
491 4706 525 4756 rv,
540 4693 579 4750 tt,
592 4694 621 4739 39
630 4707 639 4754 ;
654 4703 691 4748 vr,
707 4692 720 4738 t
734 4695 760 4738 et
771 4688 841 4738 alibi.

269 4774 301 4835 (Ξ)
317 4777 359 4820 nes
374 4767 546 4827 armarent,
561 4775 603 4824 ou,
619 4766 653 4812 ter
666 4763 749 4812 Dteux
757 4761 785 4821 ιιι
799 4765 821 4809 te
830 4763 877 4810 etet
886 4770 910 4810 er
919 4765 944 4812 ta
955 4772 1026 4814 terre.
1126 4815 1131 4825 ,

272 4844 305 4905 (g)
319 4847 401 4890 am„
415 4850 479 4898 ω),
494 4839 532 4884 10,
1069 4816 1166 4884 lestra,
1186 4827 1366 4885 omnemque
1383 4812 1546 4873 humanam
1560 4818 1596 4874 de
1614 4824 1718 4878 natura
1731 4839 1860 4900 concep.

271 4915 304 4977 (tt
323 4911 397 4974 «Ego
408 4907 504 4970 (addit)
519 4902 740 4954 sialicnidieam:
758 4905 876 4952 amotos
889 4919 921 4953 ua
932 4903 1028 4984 arietet
1068 4900 1196 4969 tionem,
1215 4897 1427 4954 recentissimas
1444 4913 1506 4956 non
1525 4901 1722 4976 excludendo,
1742 4924 1861 4985 semper
1895 4895 1897 4906 '

238 4987 329 5045 erprit,
345 4985 407 5030 mota
419 4993 478 5029 vous
491 4979 566 5026 n'ttes
579 4990 625 5036 pas
644 4989 676 5023 un
694 4975 799 5036 prosond
812 4976 970 5030 detrahente
985 4975 1028 5026 rita
1070 4983 1176 5040 coelum
1189 4997 1209 5038 a
1220 4985 1296 5036 terra
1309 4981 1400 5038 veluti
1417 4983 1492 5040 duas
1508 4985 1657 5056 regioneS,
1676 4994 1860 5064 superiorem

239 5050 607 5187 tt'ttttttdtt‘ltt:
622 5045 1028 5178 'tttttt‘tttltttlttt
1070 5065 1860 5141 ‘³‘”tetrametrum-“naudaeus2aveas

239 5197 349 5259 (luente,
361 5193 611 5254 animadvertetque
622 5188 713 5251 ruistri
724 5187 1029 5238 recture-viderim
1102 5185 1136 5252 (t)
1154 5189 1262 5248 molon.
1272 5195 1365 5242 aaran,
1380 5189 1479 5252 parti,
1494 5201 1549 5252 cap.
1559 5201 1583 5252 1,
1596 5189 1612 5254 5
1625 5194 1664 5241 ot.

240 5266 331 5329 vaith,
350 5267 480 5324 Scrtptnra
499 5275 574 5312 caera
594 5271 681 5311 contra
701 5261 839 5310 incredulos
857 5269 1029 5322 moram,
1102 5259 1139 5322 (7)
1153 5261 1266 5322 spicileg.
1278 5262 1336 5310 aaut.
1351 5260 1437 5310 tomi
1442 5295 1451 5323 ,
1469 5261 1546 5324 pti.

241 5339 395 5390 Psnwteuch
412 5341 474 5386 sect.
485 5335 518 5384 11.
1103 5331 1140 5396 (8)
1156 5333 1310 5399 ttstecrotog.
1324 5329 1343 5380 l.

273 5411 306 5472 (tt)
320 5409 357 5459 De
372 5414 454 5458 Genea
468 5413 554 5455 contro
569 5403 672 5455 ueniet.
691 5403 713 5466 l,
725 5413 779 5465 cap.
791 5414 815 5454 v.
1104 5401 1140 5465 (a)
1154 5406 1258 5452 comos.
