4100 6024
675 247 850 306 nucouttut
868 245 988 306 nichili
1007 247 1211 308 scntmuttn.
1724 249 1762 308 is

9 379 10 390 ι
124 357 261 412 terarum
272 350 919 426 vuutnsturautertnciptentconcupiui.»
966 355 1042 414 duat
1064 370 1201 424 sensumr
1216 351 1414 426 Augustinus,
1430 352 1678 428 obmouomus,
1693 351 1762 414 liis·

9 449 10 512 j
124 437 199 496 Sene
222 437 285 494 brec
306 437 374 494 ritis
397 435 534 494 sanctitas
554 435 742 506 Franciscos,
761 436 922 512 antonios,
963 454 1111 512 ronymus
1120 443 1148 496 at
1156 439 1251 497 caleri
1261 441 1380 497 Petrum
1388 451 1468 497 nuno
1476 437 1666 510 historicum,
1680 451 1762 500 uuae

125 520 244 592 Paulos,
252 520 418 578 illitteratos
427 517 571 578 citissima
580 521 771 594 eloquiorum
782 521 832 577 lici
842 535 922 594 mys·
965 523 1123 594 mysticum
1145 523 1251 580 eadem
1273 523 1414 582 orationis
1436 523 1509 580 serie
1533 525 1705 596 psrtexunt,
1727 523 1761 582 nt

123 605 197 660 teria
210 607 239 660 et
249 618 335 660 sensa
345 603 464 660 edocuit
474 602 523 659 vel
534 604 672 660 maxime.
683 606 778 672 Quare
788 604 813 660 si
822 607 923 662 sancta
965 607 1127 680 plusquam
1140 605 1234 679 Lydio
1246 619 1325 679 opus
1337 606 1376 664 sit
1386 607 1501 681 lapide,
1517 607 1555 663 ad
1568 605 1759 678 historicum,

125 687 242 756 anima,
255 685 281 744 si
293 685 433 758 precibus
449 686 553 755 nixus,
569 689 687 760 necque
701 686 791 746 fretus
803 687 863 744 buc
875 701 923 744 ac·
965 691 1019 764 qai
1039 691 1224 750 fundamenti
1244 692 1340 749 ricem
1357 693 1454 759 tenet,
1469 690 1501 746 in
1521 689 1655 746 Patribus
1675 688 1761 745 vesti·

126 769 232 838 cedas,
243 768 425 842 sedulusque
442 769 520 826 adsit
534 769 636 839 labor,
650 774 682 827 ut
698 769 782 827 nulla
794 771 923 828 transeat
966 774 1109 845 gendum.
1119 779 1183 832 tam
1197 789 1289 848 quam
1301 787 1415 846 paucos
1426 776 1618 846 interpretum
1628 771 1760 830 invenire

126 854 204 925 dies,
226 869 288 925 qua
306 854 409 926 (quod
428 853 466 910 (le
487 853 635 926 cypriano
656 854 867 911 Tertullianum
890 853 922 910 ia
966 861 1027 929 est,
1041 858 1094 931 qui
1113 859 1219 916 Grecis
1237 862 1265 914 et
1283 857 1410 914 Hebraeis
1428 855 1536 914 imbuti
1550 855 1698 926 lontibus,
1711 869 1760 927 ge·

126 937 188 994 dies
201 936 357 1002 lectitante,
368 940 514 994 memorat
522 937 549 993 S.
563 937 769 1010 Hieronymus)
781 951 843 994 non
852 951 922 1010 pos·
965 940 1090 998 nulnum
1107 941 1281 998 eorumdem
1295 939 1416 1013 phrasin
1434 938 1633 1008 reddiderint,
1648 953 1760 1012 eosque

125 1019 202 1078 tules
212 1039 220 1075 ι
231 1039 245 1072 ι
255 1021 296 1076 lta
303 1019 489 1090 liegistrnm3
500 1038 515 1072 ι
528 1019 685 1092 superabis
692 1020 778 1078 celeri
785 1018 923 1078 facilitate
966 1027 1074 1080 nostres
1090 1021 1212 1081 editioni
1229 1037 1282 1096 per
1295 1023 1398 1079 omnia
1409 1021 1613 1080 conciliariuti
1624 1022 1702 1091 Quid
1716 1037 1761 1080 er-

125 1103 275 1178 quithuid
287 1104 335 1160 hic
348 1108 393 1160 eet
409 1102 609 1174 difficultatis,
623 1103 826 1176 recreabitqus
837 1103 923 1176 quod
966 1108 1245 1180 gotdesudandcm
1254 1107 1303 1163 hic
1313 1105 1385 1162 milri
1402 1105 1505 1166 video:
1517 1104 1760 1179 enitendumque,

124 1187 269 1262 fulgetis
288 1189 396 1248 cortice
419 1188 586 1261 sapientire,
606 1188 660 1248 sed
680 1192 782 1262 pascet
801 1189 923 1246 suarius
966 1191 1231 1262 utmultalegeus,
1245 1190 1340 1248 multa
1354 1189 1537 1264 disquirens,
1550 1185 1761 1262 spiculasimi·
1876 1205 1883 1220 ·

125 1272 210 1348 qnod
229 1272 261 1330 in
278 1272 412 1332 medulla
428 1276 473 1332 est
489 1273 614 1333 octusis
627 1273 724 1347 adipis
741 1291 748 1330 ε
763 1287 861 1346 neque
873 1287 924 1330 ιι-
965 1277 1020 1344 ιιι,
1036 1275 1065 1333 et
1083 1275 1276 1346 mellilegium
1295 1288 1311 1330 e
1329 1272 1455 1330 iloribas
1473 1273 1513 1329 ad
1529 1271 1561 1329 id
1578 1271 1759 1345 aptioribus,

125 1351 227 1410 reberc
240 1352 362 1411 tandem
373 1352 513 1425 quamvis
525 1355 716 1410 veternosum
732 1351 922 1422 hereticum,
965 1357 1041 1416 lecto
1063 1357 1198 1416 examine
1218 1357 1375 1414 conficiam
1388 1359 1447 1414 :ut
1467 1355 1639 1413 historicam
1661 1357 1759 1432 prima

124 1437 240 1503 etiamsi
259 1452 348 1498 omne
370 1436 518 1498 Biblicum
538 1453 616 1512 opus
637 1437 783 1497 memoria
799 1436 921 1496 calleat:
966 1455 1102 1514 sensum,
1117 1446 1217 1500 erecto
1240 1439 1423 1498 discussione
1442 1438 1600 1511 vestigems
1620 1439 1715 1497 sicubi
1734 1441 1760 1498 is

123 1522 182 1582 hoc
195 1520 277 1580 enim
288 1520 348 1580 iere
360 1525 406 1579 est
417 1536 507 1580 omne
521 1536 627 1580 corum
637 1521 781 1591 studium,
792 1533 856 1594 quo
865 1533 922 1579 uos
966 1527 1049 1600 apud
1061 1525 1159 1584 varios
1169 1526 1224 1584 erit
1237 1525 1347 1595 varius,
1360 1523 1500 1582 indicabo
1512 1541 1519 1579 ι
1533 1526 1622 1596 atque
1636 1523 1667 1580 in
1678 1525 1760 1581 tauta
1840 1572 1842 1576 .

123 1606 272 1680 impetunt
286 1623 294 1662 ι
309 1603 421 1678 quibus
440 1618 496 1664 uos
515 1603 621 1664 iisdem
641 1605 732 1662 ermis
750 1618 921 1674 occrrrrere,
966 1609 1143 1684 opinionum
1157 1609 1364 1678 multitudine,
1379 1623 1447 1684 qure
1466 1607 1571 1665 anxios
1589 1620 1667 1680 sepe
1684 1607 1759 1665 ssac·

59 1729 64 1734 -
123 1688 273 1761 nolamque
287 1693 389 1751 nostra
403 1687 443 1746 ab
456 1687 573 1760 iniustis
585 1686 809 1761 possessoribus
819 1686 924 1746 rendi·
965 1696 1140 1766 tractesque
1154 1695 1233 1750 tenet
1247 1696 1276 1752 et
1289 1691 1431 1749 obturbat
1443 1693 1609 1761 auditores,
1623 1703 1693 1748 eum
1706 1690 1760 1765 qul

117 1772 305 1843 surchetut,
321 1777 355 1830 ut
366 1772 508 1832 audacter
523 1773 583 1830 hoo
599 1787 707 1843 genere
727 1784 796 1833 cum
810 1770 847 1830 iis
860 1785 925 1830 ma·
966 1777 1095 1835 maxime
1110 1778 1202 1835 textui
1222 1791 1372 1834 consonus
1394 1781 1456 1846 esi,
1470 1774 1625 1848 praeferam
1645 1779 1674 1832 et
1694 1774 1760 1832 scli-

80 1866 83 1872 '
122 1873 180 1920 uus
201 1861 408 1926 conserentes,
422 1857 485 1916 suis
503 1872 555 1918 eas
572 1853 851 1916 telisdehilitemus.
870 1859 934 1914 lle·¹
966 1861 1204 1930 gamQuainre
1218 1861 1370 1932 vulgatam
1385 1875 1512 1933 semper,
1527 1857 1762 1918 decreioconoi·

122 1957 182 2016 que
193 1957 314 2000 rursum
330 1941 501 2000 cathedram
520 1940 709 2010 extimescas,
721 1939 789 1996 licet
803 1939 922 1998 doctam
965 1943 997 2000 lii
1010 1943 1188 2014 tridentini,
1201 1943 1361 2002 editionem
1379 1945 1521 2001 tuendam
1542 1944 1623 2000 duxi.
1639 1945 1760 2003 Hebraea

122 2029 151 2082 et
163 2023 394 2094 celebrem‚sed
407 2038 527 2082 securus
541 2023 715 2096 fidensque,
727 2022 841 2080 citatim
851 2021 923 2080 doc·
964 2042 1036 2086 vcro
1057 2029 1151 2086 sicubi
1171 2029 1323 2086 dissonare
1347 2031 1521 2098 rideantur,
1539 2043 1601 2102 quo
1617 2027 1759 2086 hereticis

121 2106 158 2168 us
176 2107 387 2182 conceptibus,
404 2107 613 2180 sententiisque
633 2105 725 2166 scaris
742 2105 837 2164 solide
855 2117 922 2176 ger·
964 2113 1213 2185 respondeamus,
1229 2115 1357 2186 Vulgata
1376 2113 1585 2170 consentientia
1606 2111 1760 2170 ostendere

123 2206 274 2264 maneque
300 2191 475 2260 instructus,
504 2189 695 2248 Ettittitsitss
721 2203 801 2258 ⁸8⁰⁵·
829 2189 921 2246 P⁰rr⁰
965 2195 1760 2270 enitueretsiquemulium,n0straetamenuonadser·

123 2273 301 2334 Scholastica
320 2274 495 2346 neutiquam
515 2273 547 2328 id
568 2272 625 2330 fliiti
643 2287 729 2330 110¹&
747 2272 854 2338 (luteis
868 2269 923 2330 sed
965 2279 1136 2353 sumptam
1151 2281 1309 2336 doctumse
1320 2279 1678 2350 suggerantintellecium‚
1689 2293 1759 2337 eum

123 2356 232 2414 lubens
243 2399 253 2428 ,
265 2357 352 2431 quusi
366 2371 515 2428 germane
534 2371 597 2414 suta
615 2355 829 2414 anaxiliuttiutm
848 2353 923 2414 atti·
965 2361 1104 2434 aiieramt
1119 2363 1171 2420 sed
1185 2364 1239 2431 ita,
1257 2369 1289 2419 ut
1302 2361 1410 2421 Latinis
1424 2363 1544 2419 ilehruea
1557 2361 1681 2419 reddam
1695 2377 1760 2420 rer·

122 2439 185 2512 piet
204 2439 348 2516 dabitque
360 2441 511 2512 nexuum,
525 2453 561 2498 ao
573 2439 717 2512 partietur
733 2451 840 2511 operas
852 2435 923 2496 atri·
964 2444 1031 2502 bier
1046 2450 1080 2502 ut
1091 2449 1121 2502 et
1132 2445 1185 2519 qui
1198 2445 1319 2504 liebrcea
1331 2447 1482 2517 nesciant,
1500 2461 1536 2504 ea
1549 2449 1758 2520 assequentem

127 2539 186 2596 qne
201 2521 383 2601 prolaturae.
965 2533 994 2586 et
1012 2529 1066 2602 qui
1084 2530 1197 2600 sciunt,
1215 2529 1310 2587 tontes
1330 2531 1484 2588 consulere
1502 2529 1634 2604 possint;
1654 2543 1757 2586 vertum

49 2619 76 2661 ιι
161 2609 208 2668 sd
221 2624 270 2667 me
282 2609 367 2681 quod
377 2608 489 2678 attinet,
502 2608 564 2665 scio
577 2610 731 2681 senhoque
746 2609 820 2682 quit
834 2609 924 2668 molis
964 2611 1027 2672 uae
1039 2613 1139 2670 omnia
1152 2625 1255 2687 parce,
1270 2619 1299 2669 et
1311 2627 1373 2670 non
1386 2611 1442 2672 nisi
1454 2613 1508 2670 ubi
1520 2627 1567 2670 res
1581 2613 1686 2683 exiget.

29 2676 118 2783 ,ᾖ
128 2694 307 2764 sustineam,
320 2707 471 2766 quamque
484 2691 564 2750 iuria
576 2693 718 2752 secunus
731 2692 873 2752 minanda
886 2692 924 2750 sit
1001 2697 1088 2765 Quod
1101 2697 1141 2754 ed
1155 2697 1306 2754 ilabbinos
1321 2697 1436 2767 attinet,
1451 2696 1534 2753 nulla
1547 2696 1619 2752 milri
1633 2711 1702 2753 cum
1716 2697 1759 2755 eis

30 2798 76 2840 ass
128 2777 289 2838 siazaliud
301 2775 382 2834 euim
392 2776 482 2847 louge
491 2781 534 2834 est
546 2777 681 2850 prolixos
694 2777 830 2834 evolvere
842 2791 922 2834 aom-
965 2779 1020 2838 erit
1037 2779 1224 2851 commanio;
1249 2781 1305 2838 nisi
1328 2795 1389 2855 qua
1410 2785 1493 2854 perte
1515 2797 1583 2838 cum
1603 2780 1759 2840 catholicis

127 2861 302 2930 montarios,
315 2858 458 2930 ambiguo
472 2875 549 2932 saepe
567 2859 684 2929 fructu,
698 2859 782 2916 aliud
795 2857 924 2918 breviter
965 2863 1138 2920 doctoribus
1157 2865 1342 2938 conspirant,
1365 2869 1417 2921 aut
1439 2863 1635 2934 Christianos,
1651 2869 1679 2921 ct
1697 2879 1760 2922 ma·

126 2960 247 3004 sensum
265 2960 283 3002 e
303 2942 438 3004 Patribus
452 2943 575 3004 reddere
583 2981 593 3014 ,
607 2943 840 3014 historicumque
853 2941 925 3002 alle·
964 2947 1044 3006 xime
1058 2949 1085 3004 S.
1099 2948 1321 3021 Hieronymum,
1335 2951 1369 3004 ut
1380 2948 1412 3005 in
1425 2948 1527 3004 multis
1541 2947 1759 3022 deprehensum

126 3029 227 3102 garico
242 3029 385 3101 jungere,
400 3031 430 3086 st
447 3027 574 3088 alierum
594 3027 633 3086 ab
653 3027 746 3084 altero
761 3038 922 3084 secernere.
965 3036 1023 3102 est,
1039 3031 1126 3088 tacito
1146 3033 1267 3088 nomine
1286 3035 1453 3104 sequuntur
1467 3031 1646 3104 :ceteroqui
1666 3044 1760 3102 genus

125 3113 202 3183 Scio,
212 3113 394 3172 sunmerso
409 3111 495 3182 duaa,
508 3115 583 3171 crat.
593 3114 612 3172 t
622 3114 660 3167 lle
673 3112 815 3174 Paccianis.
825 3109 924 3168 media
964 3118 1023 3175 boo
1036 3117 1192 3172 bominum
1206 3113 1344 3186 vulgare,
1359 3113 1520 3185 abjectum,
1533 3111 1635 3182 hebes,
1650 3113 1761 3171 omnis·

124 3197 172 3256 via
185 3196 264 3256 iuter
277 3195 401 3270 eosqui
416 3195 558 3256 crassiore
569 3195 688 3265 ingenio
700 3193 803 3252 litteroe
816 3193 923 3252 immo·
965 3216 1024 3274 que
1037 3200 1205 3257 litteratura
1218 3211 1323 3270 expers
1334 3197 1396 3267 jam
1408 3195 1477 3252 inde
1492 3195 1530 3252 ab
1544 3197 1761 3270 llierosolymo·

124 3283 243 3350 rantur,
259 3283 289 3337 et
307 3294 375 3348 eos,
390 3278 443 3350 qui
465 3278 529 3334 sola
547 3277 704 3348 allegorias
720 3277 923 3351 speculatione
964 3299 1032 3339 rum
1046 3281 1194 3350 vastitate,
1210 3295 1272 3354 qua
1285 3283 1345 3336 tote
1361 3293 1434 3351 gens
1449 3293 1556 3351 regno,
1571 3279 1702 3350 civitate,
1713 3281 1759 3353 ju·

125 3361 259 3442 impense
277 3361 469 3433 delectamur,
481 3360 829 3420 incedendumtelterum
842 3359 923 3418 enim
965 3365 1061 3436 dicio,
1081 3363 1208 3438 templo,
1229 3363 1330 3422 litteris
1353 3366 1440 3421 exuta
1459 3367 1488 3420 et
1509 3361 1647 3420 derelicta
1666 3364 1759 3436 iacet,

9 3483 10 3506 ι
124 3447 284 3508 iudaicam
299 3451 344 3506 eat
360 3449 450 3520 atque
469 3445 634 3518 abjectum,
648 3447 774 3506 alterum
788 3447 924 3519 ineptum
962 3450 1047 3521 juxta
1062 3450 1143 3507 Oscae
1157 3447 1347 3516 sauciatum,
1360 3446 1520 3517 sinerege,
1533 3445 1756 3521 sineprincipe,

125 3547 159 3592 sc
173 3530 363 3592 somniorum
376 3529 553 3606 interpretis,
564 3531 690 3604 parique
705 3535 866 3603 ulnamque
878 3545 924 3586 re·
965 3533 1027 3590 sine
1041 3532 1199 3600 sacrificio,
1215 3531 1277 3588 sine
1291 3530 1392 3601 altari,
1406 3529 1468 3587 sine
1483 3530 1598 3602 ephod,
1619 3529 1681 3586 sine
1699 3531 1762 3589 the·

9 3669 10 3672 ,
125 3615 322 3692 prehensione
336 3615 480 3690 dignum3
491 3619 519 3674 ct
528 3617 613 3690 qued
623 3616 652 3676 S.
661 3615 854 3686 augustinus,
866 3612 921 3671 lib.
964 3617 1091 3689 raphim.
1105 3615 1256 3690 llysticam
1267 3627 1340 3670 vero
1353 3612 1576 3684 intelligentiam
1592 3607 1668 3670 adeo
1682 3625 1761 3670 nan·

125 3705 245 3764 tultae
262 3703 359 3772 cinit„
376 3701 771 3777 cup.1u,docct,multum
784 3702 858 3760 milri
872 3717 925 3760 au·
964 3717 1057 3775 quam
1078 3701 1141 3774 ipse
1168 3699 1387 3770 comminiscar,
1412 3700 1445 3754 ut
1467 3696 1528 3754 suis
1553 3709 1670 3770 semper
1693 3711 1760 3755 eam

126 3788 194 3848 dere
211 3787 364 3857 uidentur,
383 3787 436 3863 qui
454 3785 485 3846 iu
503 3787 657 3859 scripturis
680 3787 782 3846 omnia
798 3803 923 3861 prorsus
963 3786 1093 3843 tribuam
1111 3781 1296 3855 auctoribus,
1310 3787 1338 3840 et
1358 3782 1452 3840 sicubi
1473 3797 1508 3839 ea
1528 3782 1582 3838 erit
1601 3781 1760 3854 illustrior,

126 3869 393 3946 nguineauombus
406 3868 571 3940 allegoricis
583 3869 718 3930 insoluta
728 3885 791 3928 esse
804 3873 926 3928 muten-
963 3870 1065 3943 paucis
1079 3869 1259 3944 complectar
1271 3885 1279 3924 r
1292 3867 1365 3924 alias
1377 3867 1458 3923 uude
1468 3866 1595 3938 petenda
1609 3866 1655 3935 sit,
1667 3865 1761 3937 digito

126 3955 212 4028 daut,
226 3955 270 4014 ati
283 3955 316 4012 ιιι
328 3954 386 4012 hoc
396 3955 562 4012 extremum
573 3953 677 4014 devius
689 3951 757 4010 iecit
771 3953 923 4024 Origenes,
963 3954 1002 4011 ad
1017 3953 1111 4010 iorrtes
1125 3953 1236 4010 inienio
1250 3950 1503 4008 commonstrabo.
1515 3953 1606 4007 Porro
1619 3951 1682 4007 brec
1696 3963 1762 4008 om·

127 4040 198 4100 dnm
209 4037 382 4098 historicam
395 4033 522 4110 fugiens,
536 4036 598 4097 imo
611 4036 744 4107 elidens,
758 4035 923 4105 ueritatem,
963 4035 1012 4093 nia
1031 4036 1137 4108 majori
1154 4035 1295 4092 brevitate
1319 4033 1444 4104 iactam,
1464 4047 1557 4106 quam
1574 4031 1629 4090 ieci
1647 4033 1678 4090 ιιι
1691 4033 1762 4107 lipi-

126 4137 179 4197 pro
198 4137 238 4182 ea
254 4135 335 4194 soepe
360 4119 517 4196 quidpiam
541 4116 743 4194 symbolicum
761 4119 921 4192 supponit:
963 4119 1053 4178 stolas
1068 4119 1212 4189 Ριιιιιιιιι,
1232 4121 1266 4175 ut
1280 4119 1453 4175 universum
1466 4117 1611 4175 biblicum
1631 4119 1760 4176 curricu-

126 4205 199 4264 dum
211 4205 326 4264 Evasex
339 4202 445 4262 adami
458 4206 539 4264 costa
551 4201 770 4272 formationem,
784 4201 923 4274 spiritua·
963 4205 1027 4261 lum
1047 4203 1150 4277 paucis
1169 4201 1255 4259 annis
1278 4205 1307 4259 ei
1329 4201 1418 4258 tomis
1442 4200 1481 4258 cd
1503 4202 1613 4258 calcem
1628 4202 1666 4273 (sl
1684 4203 1759 4260 neus

127 4289 189 4348 liter
201 4283 410 4362 accipiendam
422 4289 525 4362 putat:
541 4285 664 4346 arbores
677 4283 819 4359 paradisi,
835 4299 924 4356 ange·
962 4291 1040 4346 vires
1058 4295 1086 4346 et
1102 4289 1227 4360 gratiam
1245 4286 1373 4360 dederit)
1396 4273 1567 4362 pe'rduoam.
1582 4289 1678 4356 Quam
1690 4303 1759 4346 uero

127 4373 211 4433 licam
231 4367 438 4430 tortitudinem
456 4387 464 4425 ι
483 4369 598 4430 tunicas
618 4366 776 4446 pelliceas,
796 4384 924 4442 corpora
962 4371 1011 4430 hic
1024 4373 1188 4430 indefessus
1206 4372 1374 4446 requiratur
1388 4371 1475 4430 labor
1493 4374 1522 4428 et
1541 4369 1674 4429 studium
1691 4387 1759 4430 cum

126 4459 273 4518 bumana:
290 4461 319 4516 et
333 4453 422 4530 plura
440 4455 549 4516 similia
567 4456 691 4530 mystice
704 4457 923 4529 interpretatur,
963 4457 1024 4514 acri
1032 4455 1163 4528 jndicio,
1182 4459 1215 4514 ut
1229 4455 1345 4525 Gracc,
1359 4454 1519 4526 ilebraica,
1540 4455 1658 4526 Latina,
1673 4455 1759 4529 Syru,

127 4541 213 4616 atquc
229 4559 245 4595 ι
258 4537 414 4610 ingenium
431 4555 565 4610 suumn
580 4539 669 4598 nimis
684 4539 788 4612 utique
804 4537 924 4611 proeccl·
964 4540 1117 4609 Chaldaea,
1132 4539 1272 4596 lectiones
1290 4538 1429 4595 codicum
1442 4537 1589 4595 vadantes
1607 4539 1757 4607 coasulas3

9 4649 11 4698 ,
127 4624 205 4698 leus,
222 4621 382 4684 «Ecclesiae
394 4617 464 4684 iacit
477 4625 679 4685 Sacramentar
695 4641 710 4678 a
727 4623 769 4680 sic
782 4623 923 4695 Hierony·
965 4627 1060 4680 Patres
1074 4621 1339 4693 Graccubatinos,
1353 4621 1531 4679 recentiores
1542 4624 1716 4694 interpretes
1728 4623 1760 4679 in

9 4707 11 4754 t
128 4723 209 4784 urus,
224 4707 281 4766 lib.
297 4707 319 4764 V
333 4711 365 4764 tu
383 4707 498 4768 isaiam.
519 4707 647 4784 ideoque
663 4707 747 4766 illam
767 4721 923 4768 censuram
964 4706 1324 4777 diversissimaabeantes,
1337 4706 1471 4778 adeoque
1483 4705 1759 4778 prolixosevolvas,

9 4775 11 4810 '
128 4791 267 4851 incurrit:
285 4811 302 4845 a
311 4789 364 4848 llhi
377 4789 455 4849 bene
468 4791 616 4862 Origenes,
629 4807 718 4850 nemo
729 4791 855 4862 melius;
869 4789 923 4851 ubi
964 4791 1001 4848 de
1015 4790 1139 4861 singulis
1153 4805 1308 4848 censuram
1322 4787 1416 4858 ieras3
1431 4789 1508 4864 quid
1521 4804 1603 4846 error
1616 4789 1670 4860 sit,
1685 4791 1760 4863 quid

128 4879 210 4949 male,
220 4891 313 4936 nemo
326 4876 448 4949 pejus.»
463 4877 504 4938 tta
517 4877 721 4938 Cassiodorus.
736 4877 844 4936 ilerum
855 4874 922 4948 quis
963 4873 1045 4943 fidei,
1055 4871 1516 4948 qaidcertum,quldprobabile,
1526 4872 1761 4947 quidimproba·

128 4960 209 5020 nobis
217 4957 924 5036 ltoecOEdipusinterstinguendodefinietiand
963 4957 1773 5036 bile‚quidlitterale,quidmaximegeuniuamqaid'

9 5093 10 5096 ,
130 5042 162 5102 tls
172 5043 380 5104 sacerdotibus
395 5041 469 5104 dixit
481 5045 509 5104 S.
523 5045 740 5122 tlieronymus:
759 5043 924 5103 «Sacerdo-
964 5042 1166 5114 allegoricum,
1176 5047 1205 5099 et
1217 5041 1449 5116 tropologicum,
1462 5040 1678 5112 anagogicum,
1697 5058 1762 5098 om·

128 5129 167 5186 ter
181 5126 286 5202 multi,
301 5127 470 5190 sacerdotes
486 5127 619 5202 paam»
636 5128 686 5188 hia
702 5142 771 5188 rere
784 5127 822 5186 tle
835 5125 923 5186 inter·
963 5127 1072 5201 niaque
1086 5127 1224 5196 diehlim,
1241 5129 1270 5184 ei
1282 5125 1315 5186 ia
1330 5127 1388 5184 tria
1404 5124 1495 5184 rerba
1513 5123 1664 5196 conferam
1684 5139 1761 5200 serpe

130 5211 256 5282 ιιιιιιιιιι
270 5209 402 5272 dixerim
416 5229 424 5272 t
439 5211 612 5290 interpretes
631 5211 736 5284 multi,
749 5209 923 5286 interpretes
963 5209 1027 5284 ipse
1037 5225 1158 5272 mosum
1167 5209 1321 5273 litteralem
1331 5209 1497 5281 genuinum
1506 5209 1651 5281 iuvenire,
1661 5210 1761 5284 etpri-

132 5297 221 5365 muci.
230 5293 411 5356 Ambrosius
420 5298 449 5357 et
457 5295 612 5372 armentu
620 5295 848 5372 curucamlere
856 5293 924 5354 red·
954 5293 1169 5386 'm'usjlaaism
1181 5291 1363 5368 peririagere
1376 5292 1485 5352 debeas
1492 5329 1504 5364 ,
1513 5307 1577 5354 non
1590 5293 1691 5356 suan
1703 5292 1764 5354 nisi
