4050 6018
655 230 895 292 collustratus
916 236 948 291 ill
966 235 1121 312 eronus,
1138 256 1200 300 aar.
1220 245 1296 302 xliv.
1738 261 1787 323 cu

159 311 356 391 demptionis:
371 321 430 380 hoc
441 325 521 384 enim
532 343 668 388 amorem
675 338 811 392 nostrum
824 336 881 396 sibi
889 339 954 396 sin·
994 341 1047 401 illa
1058 345 1212 404 Ezechielis
1224 349 1365 410 animalia
1375 353 1514 414 habuisse
1528 357 1656 418 termam
1665 363 1788 436 quidem

157 398 246 460 dicat.
265 406 345 477 lice,
360 407 499 484 inquom,
514 416 646 472 nostram
665 415 855 478 devotionem
867 421 954 482 blan-
994 432 1125 498 quatuor
1137 431 1325 507 animalium3
1342 439 1395 496 sed
1406 440 1534 498 maxime
1547 444 1609 501 toto
1623 461 1748 520 corpore
1761 453 1791 523 et
1891 443 1895 450 ’

157 484 225 542 dius
238 487 343 562 allicit,
354 493 462 563 justius
476 496 580 570 exigit,
593 501 702 560 arctius
721 505 837 577 stringit
853 512 883 566 et
903 525 953 568 ve·
992 505 1067 567 tacte
1079 511 1232 572 hominem
1246 525 1486 596 repraesentasse,
1499 525 1629 600 indeque
1645 527 1703 586 dici
1716 530 1789 589 Che·

155 566 322 630 hementius
335 574 434 634 etiicit.
445 598 459 631 a
470 579 708 654 propitiatorium
723 601 794 659 ergo
804 595 951 666 nostrum,
980 592 1105 664 rubim,
1118 596 1179 654 sive
1193 597 1286 658 alatos
1298 601 1438 677 juvenes,
1451 611 1525 680 puts
1535 610 1668 682 angelos.
1685 615 1787 684 Tertio,

155 651 195 708 ad
204 654 288 725 quod
302 655 428 716 inomni
442 661 614 724 difficultate
625 667 950 745 contugere‘debemus,
992 675 1064 748 quia
1076 679 1237 738 cherubini
1249 682 1281 740 hi
1294 684 1447 746 habebunt
1459 689 1548 748 iacies
1559 692 1704 766 hominis;
1717 712 1787 756 nam

155 739 198 792 est
210 737 341 798 Christus
352 743 467 815 patiens
480 749 509 803 et
522 749 690 810 crucifixus.
708 756 831 814 «Passio
845 758 952 818 Christi
992 758 1030 816 de
1043 753 1086 818 eis
1098 761 1148 820 bic
1161 764 1267 823 dicitur
1283 767 1315 825 in
1328 770 1450 831 tlcbrteo
1466 791 1474 830 :
1490 776 1528 832 lit
1545 775 1631 844 facies
1643 781 1700 834 ciri
1710 795 1788 838 cero

154 819 263 890 coelum
278 828 433 897 sustentat,
449 828 599 888 mundum
616 833 707 906 regit,
728 839 871 897 tartarum
884 858 950 916 per·
991 848 1051 900 erut
1061 844 1224 915 cursorem
1230 855 1496 928 enumerantem
1507 858 1666 918 Cherublni
1676 861 1786 934 effigies
1839 875 1904 928 unm

154 903 246 978 iodit3
261 906 292 964 iu
306 921 342 964 ea
354 909 569 970 confirmantur
580 917 688 988 angeli,
695 919 882 981 redimuntur
894 941 951 998 po·
991 943 1099 1000 aureae,
1114 933 1211 1003 specie
1225 933 1294 992 elati
1307 940 1335 994 et
1346 937 1487 998 imberbis
1496 942 1625 1014 juvenis,
1634 947 1667 1000 ut
1678 945 1786 1006 scilicet
1798 933 1904 1042 222¹*

153 987 229 1060 puli,
243 992 435 1050 conteruntur
446 993 568 1067 inimici,
580 998 769 1059 stabiliuntur
786 1004 948 1066 subsisten·
989 1009 1046 1068 hec
1059 1013 1156 1085 specie
1173 1023 1415 1090 representarent
1433 1023 1584 1096 vigorem,
1601 1026 1785 1090 vivacitatem

154 1067 210 1139 tia,
229 1071 398 1131 animantur
416 1075 557 1151 virentia,
578 1083 766 1144 consentiunt
778 1089 947 1162 sentientia,
990 1098 1019 1152 et
1030 1098 1222 1156 aeternitatem
1235 1103 1427 1177 angelorum,
1443 1107 1498 1178 qui
1513 1112 1582 1166 sunt
1598 1108 1685 1182 quasi
1703 1111 1784 1182 prin·

154 1151 339 1212 illustrantur
350 1156 575 1233 intelligentia»
587 1163 628 1221 ait
639 1163 795 1240 Rabenm,
808 1173 847 1228 ile
857 1175 948 1232 herde
989 1177 1069 1251 cipes
1083 1195 1200 1252 semper
1214 1183 1354 1256 stipantes
1373 1191 1403 1246 et
1415 1193 1543 1249 astantes
1556 1193 1631 1262 lleo;
1651 1191 1726 1251 sicut
1736 1209 1784 1254 ea·

153 1239 250 1294 crucis.
989 1258 1108 1320 demde
1121 1277 1210 1320 causa
1226 1266 1419 1338 Imperatores
1433 1271 1506 1328 olim
1519 1272 1717 1346 pingebantur
1728 1275 1783 1336 im·
1826 1335 1835 1344 ,

187 1317 289 1390 lisque
301 1333 369 1392 spes
382 1324 493 1394 nostra,
501 1339 587 1384 amor
598 1332 708 1401 noster,
719 1329 945 1404 retugiumnos·
987 1339 1201 1417 berbss‚quasi
1212 1347 1253 1404 dii
1262 1349 1386 1422 quidam
1396 1356 1555 1425 terrestres,
1565 1356 1618 1428 qui
1626 1369 1782 1432 nunquam

152 1404 230 1458 trum
245 1417 362 1477 semper
373 1409 402 1464 et
415 1406 528 1482 ubique
542 1410 580 1469 sit
595 1411 735 1472 Christus.
752 1420 795 1475 lta
811 1419 946 1480 theodo·
988 1433 1180 1485 senescerent.

151 1499 202 1541 rus
218 1485 325 1560 Martyr
343 1487 448 1548 Publio
466 1495 606 1564 roganti:
624 1497 774 1556 «blavisne
795 1515 859 1558 esse
876 1518 946 1562 curn
1023 1505 1091 1563 ilico
1113 1507 1228 1563 eecuedo
1244 1527 1253 1564 ε
1269 1509 1429 1569 Verisimile
1451 1518 1496 1570 est
1513 1513 1602 1574 hosce
1622 1519 1782 1580 Cherubim
1808 1536 1887 1585 cum

149 1571 202 1626 tuo
224 1571 356 1643 Christo,
380 1589 420 1631 un
440 1591 511 1634 vero
534 1578 741 1639 nobiscum‘lr
766 1588 943 1659 respondit:
986 1589 1376 1663 praeterspeciemhominis,
1388 1592 1573 1656 etiamaliam
1582 1599 1710 1659 aliorum
1720 1604 1782 1661 ani-
1794 1597 1900 1710 ὣ

153 1653 248 1710 «Cum
259 1655 450 1716 Christcmeo
462 1663 577 1735 etsum,
588 1664 676 1735 cliui,
692 1669 720 1724 et
734 1682 802 1726 ero:
815 1670 944 1747 ideoque
986 1671 1112 1730 mallum
1122 1673 1271 1732 habuisse.
1292 1676 1437 1736 Probatur
1452 1685 1555 1752 numu,
1573 1685 1645 1756 quii&
1660 1690 1689 1744 el
1701 1689 1780 1746 lose-
1799 1722 1889 1777 ,mam

149 1751 211 1794 nen
224 1738 313 1798 timeo
327 1745 472 1800 tormenta
486 1747 569 1804 tua.»
585 1749 626 1805 tta
638 1749 761 1808 Carolus
770 1753 896 1821 Quintus
909 1757 943 1814 il·
985 1755 1076 1826 phus,
1086 1756 1390 1831 etS.llieronymusin
1400 1775 1466 1834 cap.
1477 1766 1607 1831 adrach..
1617 1767 1734 1841 etepist.
1746 1771 1780 1826 13
1800 1787 1893 1854 nsanos

148 1819 203 1878 lud
216 1821 283 1880 iulii
296 1824 416 1884 Cesaris
431 1843 439 1884 :
458 1829 561 1900 aveni,
575 1831 649 1902 vidi,
663 1833 754 1905 vicie
765 1835 884 1895 invertit
898 1840 943 1899 di·
985 1839 1023 1894 ud
1035 1840 1203 1907 Marcellum,
1211 1841 1290 1899 hisce
1300 1843 1458 1903 Cherubim
1470 1847 1643 1908 animalium
1651 1851 1778 1912 formam
1803 1855 1888 1948 ⁸3:3¹3·

148 1918 239 1962 cens:
256 1906 349 1964 everi
359 1911 388 1966 et
398 1908 470 1982 vidi,
485 1912 535 1968 scd
551 1912 619 1971 vicit
631 1916 796 1978 Christus.»
812 1921 854 1980 lta
866 1924 942 1980 Pau·
984 1921 1158 1980 attribuunt.
1173 1923 1304 1992 Secundo,
1319 1927 1391 2000 quia
1405 1928 1510 1988 diserte
1524 1934 1665 2007 Ezechiel,
1675 1952 1742 2010 cap.
1756 1954 1778 2012 1,
1910 1974 1913 1980 ·

148 1986 195 2044 lus
214 2005 223 2044 ε
240 1989 341 2063 eldihi,
358 1991 464 2066 inquit,
484 1995 582 2054 vivere
602 1997 733 2057 Christus
748 2005 802 2074 esi,
821 2007 850 2062 et
863 2005 942 2066 mori
985 2005 1072 2064 docet
1090 2007 1249 2067 Cherubim
1268 2009 1407 2072 habuisse
1426 2017 1554 2088 speciem
1569 2025 1697 2090 quatuor
1716 2024 1778 2082 sni·

148 2069 297 2142 lucrum.»
983 2089 1120 2162 melium,
1134 2091 1243 2149 scilicet
1254 2093 1393 2166 hominis,
1406 2098 1523 2170 aquile,
1538 2099 1631 2157 leonis
1640 2105 1669 2159 et
1681 2103 1775 2166 vituli.

1 2166 2 2169 ¹
25 2156 86 2203 vers.
99 2164 133 2205 ta.
184 2153 228 2208 18.
245 2153 321 2211 hocs
339 2168 452 2224 queens
472 2160 616 2215 censensu
635 2176 743 2222 euneos
763 2179 798 2222 nr
817 2182 942 2228 rnonuc·
983 2171 1075 2244 idem,
1090 2188 1156 2247 cap.
1171 2188 1202 2245 x,
1224 2191 1303 2233 rers.
1322 2180 1373 2249 11,
1387 2177 1491 2236 faciem
1505 2180 1621 2240 Cherub
1637 2190 1723 2242 vocat
1735 2186 1777 2246 te·

147 2247 226 2292 rrnns
236 2250 331 2293 sauss
344 2252 380 2294 ux
393 2253 523 2309 umque
536 2255 626 2300 reare
639 2259 771 2306 cascum.
983 2254 1059 2314 cicm
1074 2257 1175 2328 rituli3
1189 2257 1233 2316 illi
1249 2263 1348 2317 autem
1368 2261 1526 2320 Cherubini
1547 2265 1703 2325 Ezechielis
1715 2268 1776 2330 iue-

1 2325 136 2376 ¹(parcenao
183 2318 329 2385 Queritur
344 2321 392 2378 bic
408 2325 517 2396 pomo,
531 2326 676 2397 quidnam
697 2329 807 2388 tuerint
825 2333 857 2392 hi
879 2334 940 2394 duo
982 2345 1053 2398 runt
1065 2341 1192 2413 similes,
1207 2343 1268 2401 imo
1286 2344 1368 2402 idern
1383 2362 1453 2410 cum
1468 2347 1549 2406 hisce
1567 2352 1713 2425 Moesicis,
1733 2361 1776 2416 uti

1 2419 2 2424 ¹
22 2387 134 2504 qffiffl
148 2400 329 2459 Cherubinii
340 2405 414 2462 Nota
427 2423 435 2461 :
449 2408 544 2464 ltoscs
558 2409 607 2465 vix
621 2414 770 2486 exprimit,
784 2415 832 2474 vel
849 2417 940 2490 signi·
982 2425 1179 2482 communiter
1190 2424 1296 2488 docent
1310 2428 1457 2498 doctores,
1471 2444 1548 2502 (1⁰0⁵
1559 2420 1775 2508 ciieri'tibasin
1856 2443 1858 2446 ’

22 2511 135 2555 ascens·
147 2482 216 2540 fleat
229 2485 356 2557 speciem
370 2486 478 2545 h0ium
496 2491 671 2564 Cherubim,
690 2495 783 2569 idque
796 2513 834 2557 nc
845 2501 940 2560 tudoei
982 2508 1068 2579 apoc.
1083 2523 1123 2580 rr,
1142 2514 1212 2566 sect.
1229 2525 1283 2579 xrs,
1296 2516 1325 2566 et
1338 2511 1512 2584 vtlalpeudo
1530 2515 1562 2571 in
1574 2530 1640 2589 cap.
1653 2525 1775 2582 xethc-

36 2571 122 2616 transm.
147 2566 178 2622 in
197 2565 278 2626 idolo
295 2569 383 2642 proni
398 2569 519 2630 illorum
533 2573 651 2633 idolum
671 2575 799 2637 lacerent
816 2584 844 2639 et
863 2583 940 2640 cole·
982 2593 1060 2648 ahiel.
1075 2605 1107 2665 p.
1123 2593 1185 2650 318.
1202 2593 1283 2650 Unde
1297 2592 1524 2668 Ezechiel,cap.
1539 2611 1657 2668 x,eers.
1671 2603 1822 2674 tosto-si
1856 2617 1894 2666 a,

43 2631 121 2677 Prima
146 2652 220 2706 pent.
241 2651 335 2708 Peme
355 2667 427 2725 ergo
447 2654 547 2727 Philo,
569 2656 622 2715 lib·
644 2661 683 2716 De
706 2661 862 2730 Cherubim,
887 2665 938 2738 ilii,
982 2689 1077 2746 quens
1090 2674 1128 2731 de
1141 2678 1269 2748 quatuor
1283 2673 1461 2731 animalibus
1472 2692 1539 2749 qum
1548 2679 1772 2760 videratcap.1:
1798 2675 1885 2726 ΝΜ

20 2695 134 2802 {fimf
146 2733 304 2792 Cherubim
317 2751 380 2792 esse
399 2738 540 2811 symbola
557 2741 605 2798 vel
620 2742 703 2814 signa
716 2760 784 2816 quae
798 2747 938 2808 extimam
984 2755 1150 2826 «Intellexi,
1164 2753 1270 2828 inquit,
1285 2755 1369 2826 quod
1383 2761 1479 2814 essent
1492 2759 1685 2836 Cherubim»
1698 2771 1773 2829 seili-
1792 2737 1885 2856 qm,

145 2815 273 2875 universi
291 2819 357 2876 coeli
378 2819 643 2880 circumferentiam
664 2825 830 2895 significant
848 2833 877 2886 et
893 2847 938 2890 re-
981 2837 1078 2894 cetilli
1100 2837 1190 2908 vulgo
1202 2836 1330 2893 celebres
1346 2837 1430 2908 apud
1444 2840 1573 2913 ludens,
1590 2862 1667 2918 quos
1679 2852 1772 2912 ltoscs
1796 2863 1880 2934 mina·

145 2902 378 2974 praesentaneis
393 2904 938 2982 quueodemmodosemperdivinas
976 2916 1463 2991 jussulleiiecitintabernaculo.
1484 2925 1772 2994 decrementisve
1805 2921 1904 2968 uant-

144 2983 266 3044 choreas
286 2985 355 3042 fixe
376 2985 467 3044 stelle
486 2986 596 3056 agitant
615 3003 623 3042 ε
645 2987 698 3045 ubi
718 2990 835 3049 videtur
854 2995 937 3054 Philo
979 3001 1131 3059 risimilior
1143 2999 1298 3069 ridebitur,
1314 3002 1340 3057 si
1358 3001 1492 3064 dicemus
1512 3023 1580 3066 cum
1593 3012 1771 3090 Hieronymo

45 3071 49 3078 '
145 3069 267 3126 sensisse
283 3072 417 3127 octavam
431 3069 588 3142 spheram,
599 3068 661 3128 sive
673 3072 937 3134 coelumstellatum
979 3085 1086 3154 Prode,
1100 3084 1229 3154 quatuor
1235 3080 1324 3140 iacies
1334 3086 1584 3165 Cherubimapud
1594 3097 1771 3160 Ezechielem

143 3167 206 3210 esse
218 3152 360 3212 extimum
373 3155 402 3210 et
415 3151 564 3222 ultimum,
579 3153 776 3224 significatum
794 3171 848 3230 per
865 3159 936 3217 Che·
979 3181 1040 3222 non
1054 3165 1143 3220 tuisse
1161 3164 1251 3221 iacies
1269 3169 1389 3240 proprie
1404 3170 1507 3230 dictas.
1523 3175 1678 3238 hebreum
1691 3184 1771 3242 enim

142 3233 259 3306 rubim,
273 3251 309 3293 ac
326 3235 452 3308 proinde
471 3234 629 3292 Cherubim
648 3252 711 3294 esse
728 3238 868 3314 symbola
882 3256 948 3315 po·¹
978 3253 1071 3310 mun
1082 3250 1194 3318 panim,
1208 3250 1375 3318 atgrecum
1388 3255 1479 3325 pappa,
1491 3256 1540 3313 vel
1554 3265 1646 3331 qipa,
1661 3263 1772 3335 spgffifl,

100 3308 105 3313 ’
141 3319 251 3376 testatis
264 3323 294 3375 et
304 3316 445 3376 bonitatis
459 3317 566 3375 divinae
573 3337 583 3388 ;
599 3318 653 3376 sed
665 3335 803 3394 quaenam
817 3323 880 3380 haec
899 3324 936 3381 si·
978 3335 1024 3388 cat
1036 3330 1174 3403 speciem,
1186 3329 1326 3402 termam,
1339 3333 1474 3394 habitum
1485 3339 1543 3396 :ita
1557 3345 1588 3397 ut
1600 3342 1689 3402 taoies
1701 3361 1772 3420 pro·

142 3415 202 3474 gna
215 3400 333 3472 tuerint,
348 3415 409 3474 que
421 3400 517 3473 specie
532 3405 560 3458 ct
572 3400 680 3472 forme,
690 3403 755 3460 silet
765 3405 857 3463 Philo.
872 3405 936 3464 rni-
977 3413 1041 3486 pric
1051 3412 1127 3469 dIcta
1141 3412 1377 3473 Cherubinorum
1389 3416 1477 3476 fuerit
1490 3423 1605 3481 tantum
1623 3425 1770 3502 humane3

143 3483 243 3542 lenem
257 3484 391 3559 sequitur
399 3483 597 3541 theodoretus
607 3483 639 3542 in
652 3485 756 3553 Genea„
766 3489 873 3556 Quaesl·
882 3489 935 3560 XL,
977 3495 1065 3552 iacies
1082 3511 1150 3551 vero
1165 3495 1326 3570 improprie
1341 3499 1430 3572 dicta,
1442 3501 1472 3558 id
1487 3507 1530 3560 est
1542 3507 1670 3578 species,
1684 3509 1772 3571 tuerit

141 3567 194 3626 ubl
205 3569 292 3626 docet
301 3568 423 3626 nomine
439 3567 556 3626 Cherub
569 3567 601 3626 in
611 3569 760 3643 Scriptura
773 3587 889 3644 semper
897 3571 935 3628 si·
977 3578 1175 3652 quadruplex.
1200 3581 1295 3636 Prima
1315 3582 1440 3641 enimet
1463 3587 1613 3662 praecipua
1632 3589 1722 3650 iacies
1743 3599 1772 3654 et

141 3652 274 3724 gniflceri
286 3651 459 3710 horribilem
476 3651 649 3725 potentiam.
674 3655 749 3724 Hoc,
768 3655 792 3712 si
812 3659 934 3732 etymon
977 3663 1088 3735 specics
1106 3663 1196 3720 totius
1215 3679 1291 3736 pene
1314 3666 1465 3738 corporis,
1486 3666 1540 3725 tuit
1563 3670 1702 3730 hominis.
1725 3675 1773 3734 Se-

141 3737 298 3796 Cherubim
308 3739 434 3811 spectes,
450 3735 559 3794 falsum
573 3741 615 3795 est
620 3755 630 3809 3
645 3737 670 3794 si
689 3753 752 3796 rem
764 3737 872 3812 ipsam,
885 3755 934 3797 ve·
977 3745 1067 3802 currda
1086 3744 1143 3816 tuit
1165 3745 1285 3818 aquile,
1305 3749 1378 3820 quia
1398 3747 1550 3808 habebant
1566 3751 1629 3810 ales
1651 3756 1768 3829 aquilea,

140 3835 207 3878 rum
223 3841 230 3879 ι
244 3820 316 3895 quie
327 3823 403 3878 licus
416 3819 601 3891 cherubinis,
621 3823 723 3894 utpote
735 3821 860 3878 summis
873 3820 933 3881 tere
979 3829 1072 3884 Tertia
1093 3827 1149 3886 tuit
1170 3827 1276 3900 leonis,
1299 3830 1371 3902 quie
1389 3830 1542 3890 habehant
1557 3835 1647 3906 iubas
1664 3838 1769 3900 leonte.

141 3921 202 3962 sue
212 3905 290 3962 aule
302 3903 502 3977 principibus,
516 3917 578 3962 non
591 3903 683 3960 utitur
700 3903 756 3961 nisi
770 3903 809 3961 ad
825 3919 871 3962 res
884 3921 933 3962 ax·
978 3909 1145 3978 Qrcortcluit
1157 3910 1254 3978 vituli,
1267 3911 1337 3982 quia
1348 3909 1606 3987 habebantpedes,
1617 3918 1703 3978 idest
1715 3937 1771 3981 un·

1 4029 2 4032 ,
141 3986 404 4046 celassetarduas.
977 3992 1171 4064 gutaquult,
1236 4070 1242 4080 ἱ
1908 4036 1913 4076 ἔ

19 4077 129 4124 wenna
176 4064 469 4136 Secundetosephus,
484 4063 820 4137 lib.lltAatiq.cap.rr:
839 4066 933 4124 «Che-
1013 4071 1118 4125 verum
1133 4068 1320 4128 Sebastianus
1335 4072 1506 4145 barradius,
1526 4077 1645 4137 alcazar
1660 4087 1770 4156 cipes·
1834 4141 1836 4146 ,

7 4139 116 4197 ³⁰³⁰1³¹²¹·
140 4149 252 4220 rubim,
264 4149 318 4219 eit,
330 4147 491 4206 animantia
500 4152 569 4204 sunt
579 4146 721 4218 volucris,
732 4162 811 4206 nova
825 4149 932 4222 specie,
978 4153 1034 4210 sim
1049 4151 1098 4210 ulii
1112 4153 1188 4210 hunc
1201 4155 1385 4224 sententiam,
1399 4156 1484 4227 quasi
1502 4173 1612 4218 norsum
1625 4167 1653 4221 et
1667 4166 1770 4224 diffici-

140 4249 194 4290 ucc
206 4231 489 4307 unquamcuiquam
505 4229 746 4302 bominumsisa,
760 4247 828 4304 quae
841 4233 933 4289 lloses
977 4237 1035 4296 tem
1058 4235 1206 4308 rejiciunt,
1227 4241 1404 4310 censerique
1424 4237 1511 4296 hasce
1535 4247 1664 4314 quatuor
1681 4247 1770 4307 tocies

141 4316 172 4373 in
185 4316 234 4374 uei
245 4314 321 4373 solio
335 4313 448 4371 videret
459 4311 621 4384 figurata.»
698 4369 701 4377 ,
977 4321 1134 4380 charmin
1150 4322 1232 4394 epita
1253 4321 1429 4412 Ezechielem
1443 4321 1532 4380 ruisse
1548 4325 1637 4385 factes
1649 4330 1769 4406 propes

55 4422 74 4466 t'
103 4421 127 4464 ct
175 4401 282 4457 Verum
302 4397 483 4469 deserina,
506 4397 583 4454 duos
600 4397 690 4454 hosce
709 4397 868 4455 Cherubim
882 4397 934 4455 ha·
978 4406 1080 4463 dietus.
1095 4401 1768 4484 ldenimnerbaScrrpturaeplanesigniflcsnt,

7 4428 99 4532 affer:
139 4482 239 4541 buisse
253 4482 416 4539 humanam
430 4480 558 4554 speeiem
570 4484 600 4537 et
611 4480 750 4537 formam.
767 4481 810 4538 ltu
827 4481 934 4540 docent
977 4505 1046 4546 aum
1062 4487 1247 4558 distinguunt
1260 4481 1348 4538 iacies
1365 4483 1404 4541 ab
1425 4486 1479 4543 alis
1495 4487 1555 4584 sive
1569 4494 1697 4589 pennis,
1709 4500 1769 4592 et?

27 4543 106 4612 sui⁸i⁰
139 4566 335 4626 communiter
357 4563 468 4622 llehraei
490 4567 519 4622 et
544 4563 700 4622 Christiani
706 4581 717 4635 ;
740 4563 831 4638 idque
854 4569 934 4639 patet
976 4566 1769 4668 pedibus,dzectr.1,ti:UaQuatuor,1nqu1t,lacresum,

5 4611 120 4712 hum
139 4649 193 4709 lib.
203 4652 224 4707 ll
234 4653 329 4706 Porci.
340 4646 820 4720 111,13,uhideCl1erubimdicitur
831 4666 839 4704 ι
851 4649 933 4721 «ipsi
961 4655 1254 4728 ¹etquatucrpenuee
1265 4649 1422 4708 un1.Pedes
1432 4659 1770 4748 eorumrect1,etplanta

138 4739 238 4792 autem
256 4731 374 4791 stabant
397 4731 498 4788 erectis
520 4729 684 4805 pedibus.»
704 4731 839 4797 Secundo,
863 4731 935 4804 quie
976 4735 1062 4806 pedis
1075 4727 1235 4786 ritullmlit
1248 4733 1368 4788 versit
1388 4736 1530 4792 :aranee
1541 4752 1645 4794 eorum
1658 4743 1687 4796 et
1694 4754 1769 4813 pen·

138 4815 298 4876 Cberubini
313 4815 470 4872 Ezechielis
484 4829 550 4886 cop.
561 4829 583 4885 r,
596 4815 649 4888 qui
661 4812 729 4871 tacti
743 4814 863 4872 suntad
876 4815 935 4871 ins·
976 4831 1023 4873 nan
1030 4827 1134 4869 corum
1143 4815 1266 4868 extentae
1276 4812 1429 4888 desuper.»
1437 4818 1575 4890 Rursum,
1584 4821 1668 4892 quod
1677 4836 1770 4916 unum

138 4903 184 4960 tor
199 4901 309 4958 horum
324 4898 498 4969 Cherubim,
511 4896 680 4955 habuerunt
698 4898 826 4972 speciem
839 4897 934 4956 borni-
974 4894 1079 4952 taciem
1093 4895 1172 4952 dicat
1183 4894 1273 4952 tuisse
1287 4912 1305 4954 a
1318 4897 1452 4970 sinistris,
1469 4899 1557 4958 aliam
1568 4917 1587 4995 a
1600 4901 1720 4963 dextris.
1735 4909 1769 4963 lit

138 4984 184 5044 nis
207 4983 268 5042 sive
283 4983 351 5041 elati
360 4982 478 5053 juvenis
493 4998 501 5036 ε
516 4997 586 5038 nam
600 4979 751 5038 habebant
759 4996 868 5057 munus
881 4980 934 5038 ho-
975 4977 1112 5036 itahosce
1126 4977 1308 5036 cherubinos
1318 4994 1372 5074 per
1383 4985 1512 5074 quatuor
1519 4981 1618 5079 terres,
1632 4989 1678 5044 sut
1689 5001 1770 5046 com·

139 5028 238 5139 mitiis,
249 5065 360 5142 quibus
371 5063 554 5139 accipiebant
563 5045 715 5136 ignem,ut
724 5063 830 5121 dicitur
839 5076 933 5135 cap.x
976 5062 1068 5120 mode
1079 5063 1107 5118 ct
1120 5061 1262 5120 concinne
1280 5061 1414 5136 depingit
1427 5062 1544 5125 alcazar
1556 5079 1589 5124 ru
1600 5068 1716 5142 Apceot.
1728 5085 1769 5142 rr,

138 5152 234 5210 Eacdt.
249 5166 326 5210 vers.
343 5153 370 5208 7.
383 5149 494 5208 ldtuse
509 5153 538 5206 et
557 5147 672 5206 erudite
690 5147 819 5206 ostendit
836 5145 933 5204 litero·
977 5159 1047 5220 pag.
1062 5145 1143 5240 392..
1201 5226 1208 5242 .
1521 5209 1525 5216 ,
1617 5231 1623 5246 Ι
1703 5233 1709 5248 Ι

140 5248 249 5307 aymus
269 5231 366 5292 Predo
387 5231 418 5290 in
439 5246 505 5305 cap.
524 5247 535 5289 ι
554 5230 661 5302 nucu,
682 5229 792 5290 scilicet
804 5234 933 5304 quatuor
1014 5227 1166 5302 Quidquid
1184 5232 1221 5286 ert
1235 5227 1272 5286 de
1285 5225 1341 5288 hae
1354 5241 1402 5299 re,
1415 5227 1452 5288 dc
1467 5245 1527 5305 qua
1544 5229 1661 5304 plenius
1679 5233 1774 5294 msam
1884 5283 1889 5294 .

321 5339 342 5384 1.
1096 5399 1098 5402 Ι
1159 5346 1169 5402 j
1554 5332 1587 5388 61
