4212 6034
696 301 1164 387 10111111111111111111,
1183 329 1245 376 or.
1264 311 1376 378 niun:
1545 296 1548 300 ’
1799 321 1853 385 eet

223 405 311 474 nean,
324 403 607 483 1111111111111111101
621 411 852 472 undeoonvertit
866 432 897 472 se
910 417 1017 476 111111-
1057 406 1134 491 Ergo
1154 421 1206 478 1111
1230 436 1291 478 non
1314 423 1412 496 potuit
1435 437 1503 481 eum
1526 425 1662 485 adorare.
1683 429 1852 502 Respondet

223 487 276 546 tuli
289 493 389 562 ceput,
403 491 606 564 volquiahoo
620 500 708 568 eaput
721 501 782 556 arat
795 498 1014 572 adorientem,
1057 503 1085 562 S.
1110 504 1355 578 Chrysostemus,
1371 521 1495 566 uxorem
1516 511 1627 568 censeri
1651 529 1720 570 cum
1744 513 1850 571 marito

222 569 1016 652 11110111011111111111111111111111111,1111111111-
1057 601 1149 644 uuam
1171 603 1330 661 personam
1350 589 1482 662 civiliter,
1497 591 1582 664 juxta
1602 594 1679 654 illud
1698 596 1790 652 denes.
1804 611 1849 651 u:

221 651 305 710 ribus
319 653 375 712 hac
389 659 426 714 de
439 675 471 714 re
485 657 531 729 egi
546 660 583 714 ed
596 659 719 718 11111101
733 678 777 734 11,
790 665 836 721 11.
1060 671 1175 726 «Erunt
1193 671 1255 728 duo
1276 671 1307 729 in
1327 688 1413 731 earne
1435 691 1506 732 uua.
1524 695 1539 730 1
1565 678 1665 734 Marito
1689 694 1759 749 ergo
1777 679 1851 736 ado·

256 739 328 796 vide
353 740 401 796 hic
422 741 579 814 impletum
600 746 751 802 somnium
775 747 897 821 ioseph,
926 753 1015 822 caput
1056 757 1159 822 rante,
1184 755 1295 810 censeri
1313 771 1434 829 quoque
1453 773 1578 814 uxorem
1591 759 1727 818 odorare
1741 761 1847 818 illium.

220 837 328 892 mvn,
339 839 415 880 vers.
426 827 455 896 9,
469 824 553 896 quod
566 830 650 900 pater
660 831 689 884 et
702 831 795 884 mater
806 831 956 887 adoraturi
970 848 1014 888 es·
1059 853 1074 887 1
1088 835 1114 892 Si
1127 837 1206 892 enim
1221 841 1304 908 pater
1324 838 1382 894 hoo
1404 838 1488 910 iecit,
1509 841 1622 914 inquit,
1641 843 1736 900 multo
1753 845 1849 916 magis

221 908 285 962 sent
302 921 382 964 eum.
404 907 503 964 1111111
518 907 627 966 Rachel
645 913 738 968 mater
754 910 819 984 ejus
834 912 1014 986 jampridem
1055 915 1122 987 iila,
1137 918 1193 976 nisi
1207 933 1244 976 ex
1257 919 1387 980 haesita
1404 927 1550 995 praerepta
1567 923 1682 995 fuisset,
1694 926 1752 983 hoc
1765 925 1849 984 iecis-

219 991 283 1044 erat
300 993 435 1061 mortua,
448 989 558 1047 seilicet
575 993 735 1066 antequem
753 995 863 1068 loseph
883 1009 902 1052 a
919 995 1014 1053 tratri·
1038 1001 1140 1056 set.»
1165 1001 1264 1073 Adde,
1279 1003 1434 1061 Rachelem
1454 1005 1638 1064 substituisse
1651 1007 1708 1066 sibi
1730 1010 1847 1082 balam,

219 1068 279 1128 bns
296 1071 482 1145 venderetur,
501 1075 534 1132 ut
550 1077 631 1148 patet
653 1077 747 1149 capite
761 1091 852 1149 1111,
874 1092 951 1136 vers.
966 1081 1011 1138 19.
1056 1097 1125 1154 qua
1137 1084 1401 1159 adoravittoseph,
1412 1087 1455 1144 uti
1468 1086 1529 1146 dixi
1538 1103 1807 1162 capannam.
1817 1097 1847 1154 1).

467 1417 670 1528 CAPUT
708 1423 1251 1541 QUADRAGESIMUM
1287 1433 1593 1542 OCTAVUM.

826 1669 1032 1734 SYNOPSIS
1051 1672 1229 1737 CAPITIS.

215 1857 295 1918 11101
308 1858 440 1933 Ephraim
451 1865 477 1918 11
492 1863 646 1920 iterassem
658 1857 972 1936 111111110111111111,
986 1866 1165 1936 1111111111.
1180 1867 1230 1938 11,
1244 1867 1412 1937 benedicens,
1425 1875 1562 1944 prepontt
1574 1873 1706 1948 1111111111
1718 1881 1845 1940 Monaesi

631 1961 746 2026 scotori,
760 1977 791 2020 oe
803 1975 873 2018 uera.
885 1961 938 2030 11,
950 1965 1057 2032 partem
1068 1979 1152 2020 111101
1162 1966 1275 2036 Josepto
1287 1971 1420 2038 sepreqot.

259 2157 290 2224 1.
310 2155 370 2224 His
382 2157 428 2224 ita
440 2157 630 2242 transactis,
649 2157 840 2226 nuntiatum
853 2167 901 2226 est
913 2159 1034 2251 ioseph
1048 2162 1137 2253 quod
1151 2171 1323 2252 aegrotaret
1335 2172 1427 2255 pater
1440 2187 1545 2236 suus:
1565 2171 1645 2262 qui,
1665 2179 1839 2268 assumptis

213 2263 342 2332 duobus
359 2263 438 2330 filiis
453 2263 601 2332 Manasse
615 2271 647 2332 et
659 2262 836 2355 Ephraim,
859 2263 908 2334 ire
928 2267 1082 2358 perrexit.
1104 2267 1137 2337 2.
1158 2269 1355 2362 Dictumqua
1373 2278 1421 2340 est
1439 2275 1534 2342 sani:
1556 2275 1635 2344 Eece
1653 2277 1743 2348 lilius
1760 2291 1838 2354 tuus

211 2366 331 2459 loseph
344 2369 436 2437 venit
446 2369 489 2437 ed
501 2376 545 2436 te.
561 2369 627 2450 Qui
639 2369 840 2440 molestatus
856 2371 941 2438 sedit
956 2371 992 2440 in
1010 2373 1142 2444 lectulo.
1162 2376 1195 2444 3.
1218 2376 1259 2444 Et
1275 2377 1421 2464 ingresso
1434 2379 1474 2448 ad
1488 2401 1522 2448 se
1535 2382 1605 2448 ait:
1627 2383 1714 2454 Deus
1732 2391 1839 2458 emni-

209 2481 325 2564 potens
340 2475 492 2566 apparuit
509 2474 593 2543 mihi
609 2474 646 2541 in
665 2473 777 2560 Luna,
799 2497 874 2566 quae
888 2483 937 2544 est
948 2478 985 2544 in
997 2485 1086 2546 terra
1098 2479 1277 2548 Chanaan:
1299 2481 1532 2575 benedixitque
1549 2486 1651 2572 mihi,
1671 2491 1704 2557 1.
1720 2499 1752 2558 et
1765 2492 1813 2560 ait
1827 2519 1836 2560 :

143 2663 147 2670 ι
209 2580 278 2667 Ego
291 2587 323 2648 11
336 2581 463 2669 augebo
482 2587 514 2648 et
531 2579 776 2672 multiplicabO,
800 2580 968 2650 etfaciam
987 2589 1019 2651 te
1036 2584 1073 2651 in
1092 2585 1206 2653 turbas
1225 2586 1449 2678 populorum:
1471 2587 1620 2681 daboque
1640 2591 1699 2660 tibi
1717 2603 1838 2665 terram

113 2699 117 2706 '
209 2682 309 2770 hano,
324 2693 357 2754 01
370 2686 488 2754 semini
500 2693 639 2777 tuepost
654 2694 683 2754 te
693 2686 729 2754 iu
738 2685 1224 2780 possessionemsempiteruam.
1236 2693 1268 2760 5.
1285 2689 1518 2782 Ducergofilii
1532 2696 1598 2780 tui,
1610 2697 1669 2789 qui
1682 2701 1839 2772 natisunt

209 2790 270 2858 tihi
280 2789 317 2858 in
331 2799 417 2859 terra
427 2791 564 2882 AEgypti
578 2800 755 2885 antequam
769 2792 835 2860 huc
848 2794 996 2862 venirem
1008 2795 1050 2862 ad
1062 2804 1111 2880 11,
1127 2798 1192 2865 mei
1204 2807 1302 2868 eruut
1318 2824 1325 2866 :
1340 2800 1497 2890 Ephraim
1511 2809 1543 2870 et
1559 2803 1736 2892 Manassae,
1752 2795 1838 2880 sieut

208 2893 326 2963 Ruhen
340 2905 372 2963 at
385 2895 520 2964 Simeon
533 2897 775 2988 reputabuntur
786 2897 881 2966 mihi.
897 2899 930 2967 6.
945 2899 1104 2991 Reliquos
1115 2911 1225 2970 autem
1237 2927 1320 2995 quos
1332 2907 1485 2994 genueris
1494 2917 1566 2996 post
1578 2931 1644 2995 eos,
1660 2913 1709 2978 tui
1722 2923 1832 3000 erunt,

207 3009 240 3068 et
252 3004 385 3072 nomine
398 3005 538 3072 fratrum
557 3025 694 3092 suorum
714 3006 921 3073 vocabuntur
934 3005 970 3072 in
983 3007 1238 3098 possessionibus
1251 3009 1330 3076 suis.
1354 3011 1385 3076 7.
1402 3011 1485 3077 Mihi
1505 3013 1613 3098 enim,
1633 3017 1765 3106 quando
1778 3039 1834 3086 ve·

206 3107 337 3178 aiebam
350 3109 390 3178 de
403 3109 655 3200 Mesopotamia,
671 3118 803 3180 mortua
816 3120 863 3178 est
876 3109 998 3180 Rachel
1012 3112 1048 3179 in
1061 3120 1147 3180 terra
1158 3111 1312 3182 Chanaan
1326 3114 1361 3182 in
1375 3115 1446 3204 ipso
1458 3113 1596 3202 itinera,
1611 3127 1747 3211 11111111
1759 3145 1833 3192 ver·

204 3235 287 3282 uum
305 3223 458 3306 tempus:
481 3224 513 3282 et
530 3215 737 3303 ingrediebar
751 3215 950 3305 Ephratam,
972 3224 1005 3283 et
1021 3216 1156 3307 sepelivi
1173 3240 1245 3285 eam
1260 3220 1356 3308 juxte
1373 3220 1462 3290 viam
1479 3221 1651 3312 Ephratae,
1672 3241 1748 3316 qua
1764 3229 1832 3298 alio

204 3321 337 3389 nomine
351 3320 535 3412 appellatur
548 3319 750 3390 Bethlehem.
771 3321 804 3388 8.
818 3320 943 3389 Videas
956 3329 1066 3390 autern
1082 3321 1169 3390 filios
1186 3323 1276 3413 ejus,
1299 3325 1382 3391 dixit
1395 3325 1436 3392 ad
1449 3347 1526 3393 eum
1543 3351 1551 3393 :
1573 3325 1638 3406 Qui
1655 3338 1734 3397 sunt
1750 3333 1830 3400 istit

204 3427 238 3496 9.
252 3427 433 3518 Respondit
447 3452 454 3494 :
470 3425 549 3496 Filii
561 3428 626 3495 mei
639 3435 728 3511 sunt,
742 3449 825 3518 quos
838 3425 974 3494 donavit
987 3427 1069 3496 mihi
1082 3427 1170 3496 Deus
1189 3429 1225 3496 iu
1238 3427 1299 3496 hoe
1318 3430 1399 3498 loco.
1419 3429 1549 3517 Adduo,
1569 3431 1694 3523 inquit,
1714 3458 1769 3504 eos
1788 3437 1829 3506 ad

202 3556 266 3619 me,
277 3533 315 3602 nt
328 3533 516 3601 benedicam
526 3533 604 3600 illis.
617 3534 670 3600 10.
682 3531 777 3600 Oculi
790 3530 879 3600 euim
892 3531 992 3600 lsrael
1004 3533 1189 3620 caligabant
1198 3555 1266 3624 prae
1276 3534 1378 3602 nimia
1387 3543 1563 3620 senectute,
1579 3546 1610 3604 et
1623 3539 1709 3607 clare
1718 3541 1831 3614 videre

199 3660 267 3705 uon
280 3645 417 3729 poterat.
433 3639 679 3729 Applicitosqua
694 3637 735 3705 ad
747 3659 799 3721 se,
814 3636 1020 3704 deosculatus
1034 3647 1066 3704 et
1078 3639 1267 3727 complexus
1280 3662 1346 3723 eos,
1365 3640 1418 3706 li.
1434 3640 1518 3708 dixit
1529 3641 1571 3708 ad
1587 3642 1694 3710 filium
1708 3667 1826 3714 suum:

197 3741 271 3811 Non
291 3767 365 3812 sum
387 3743 558 3813 fraudatus
575 3738 705 3834 aspectu
726 3751 805 3810 tuo:
828 3743 962 3831 insuper
981 3741 1122 3810 ostendit
1138 3743 1221 3810 mihi
1238 3743 1326 3811 Deus
1343 3766 1454 3812 semen
1471 3753 1580 3814 tuum.
1603 3747 1655 3815 12.
1678 3747 1828 3841 Cumque

200 3849 325 3918 tulisset
337 3871 393 3918 eos
404 3847 524 3941 Jeseph
537 3849 578 3917 de
591 3849 717 3938 gremio
730 3847 849 3938 patria,
865 3847 1014 3915 adoravit
1028 3869 1152 3936 pronus
1164 3847 1200 3916 in
1214 3856 1346 3916 terram.
1369 3849 1421 3918 13.
1438 3849 1480 3918 Ε1
1492 3851 1601 3942 posuit
1613 3851 1771 3944 Ephraim
1785 3855 1826 3926 ad

196 3953 363 4023 dexteram
375 3977 491 4040 suam,
513 3955 547 4022 ld
568 3963 636 4039 est,
655 3954 697 4021 ad
715 3953 881 4020 sinistram
895 3953 1017 4020 lsrael:
1040 3952 1211 4020 Manassen
1224 3976 1301 4020 vero
1315 3954 1351 4019 in
1365 3953 1496 4022 sinistra
1508 3979 1588 4041 sua,
1603 3957 1645 4025 ad
1658 3958 1826 4030 dexteram

195 4059 317 4128 scilieet
332 4061 452 4152 patris,
475 4060 699 4151 applicuitque
713 4059 826 4126 ambos
839 4057 880 4124 ad
894 4080 984 4124 eum.
1006 4058 1060 4124 ill.
1076 4056 1142 4137 Qui
1159 4059 1336 4126 extendens
1354 4081 1489 4127 manum
1507 4059 1694 4148 dexteram,
1716 4069 1826 4155 posuit

195 4188 294 4257 super
306 4174 404 4256 eaput
416 4165 573 4256 Ephraim
589 4163 725 4233 minoris
738 4163 847 4230 fratris
860 4187 867 4229 2
882 4161 1048 4230 sinistram
1057 4171 1168 4229 autem
1177 4185 1276 4253 super
1287 4171 1384 4254 caput
1393 4163 1539 4247 Manassa
1552 4166 1611 4256 qui
1625 4168 1731 4258 major
1743 4179 1824 4238 natu

194 4278 282 4356 erat,
297 4279 502 4340 commutans
514 4293 643 4338 manns.
665 4269 717 4335 15.
733 4267 971 4357 Benedixitque
984 4265 1083 4336 Jacob
1097 4265 1175 4334 filiis
1188 4267 1323 4359 ioseph,
1340 4276 1371 4336 et
1384 4269 1430 4337 ait
1445 4294 1453 4337 :
1469 4269 1556 4340 Deus
1565 4323 1575 4356 ,
1590 4271 1627 4339 in
1639 4273 1734 4362 cujus
1747 4296 1825 4343 cou-

193 4385 304 4466 speotu
321 4377 576 4444 ambulaverunt
588 4383 694 4466 patres
708 4374 791 4458 mei,
806 4372 974 4440 Abraham
994 4381 1026 4440 et
1042 4373 1131 4440 Isaac
1147 4398 1155 4439 :
1173 4373 1261 4440 Deus
1279 4371 1338 4464 qui
1357 4375 1458 4464 pascit
1475 4396 1527 4443 me
1544 4377 1587 4446 ab
1607 4377 1824 4451 adolescentie

193 4505 267 4550 mea
279 4505 384 4573 usque
397 4481 433 4550 in
447 4490 640 4573 praesentem
653 4479 740 4547 diem
753 4503 761 4544 :
780 4477 833 4546 16.
849 4479 999 4566 Angelus
1011 4479 1070 4569 qui
1083 4478 1170 4545 eruit
1182 4499 1235 4545 me
1248 4478 1289 4546 de
1302 4479 1427 4546 eunetis
1440 4479 1547 4565 malis,
1561 4481 1731 4552 benedicat
1741 4505 1823 4576 pue*

191 4588 238 4656 ris
251 4587 340 4655 istis:
356 4595 389 4654 et
401 4587 572 4654 invocetur
584 4608 683 4676 super
695 4607 750 4652 eos
763 4607 884 4651 nomen
898 4607 1022 4670 meum,
1037 4584 1173 4650 nomina
1185 4605 1318 4675 quoque
1330 4592 1461 4674 patrum
1475 4607 1636 4672 meorum,
1652 4587 1820 4656 Abraham

190 4700 223 4759 at
235 4693 338 4776 Isaac,
354 4699 387 4760 et
398 4701 542 4760 crescant
553 4691 590 4759 in
607 4689 855 4758 multitudinem
869 4697 1114 4780 superterram.
1133 4691 1185 4756 11.
1202 4688 1322 4757 Videns
1334 4698 1444 4757 autam
1457 4689 1578 4782 Joseph
1591 4691 1680 4782 quod
1694 4693 1820 4783 posuis-

188 4807 237 4866 set
249 4805 342 4890 pater
355 4819 434 4865 suus
447 4797 489 4864 ad
503 4798 671 4866 dexteram
685 4817 820 4863 menum
842 4817 941 4885 super
958 4802 1057 4885 caput
1073 4794 1252 4884 Ephraim,
1274 4794 1418 4882 graviter
1430 4796 1569 4885 aceepit,
1588 4805 1620 4866 et
1637 4797 1817 4887 apprehen-

187 4927 257 4972 sam
278 4926 414 4971 manum
435 4903 537 4994 patris
558 4902 666 4971 levare
688 4908 824 4969 conatus
842 4908 890 4966 est
907 4899 947 4966 de
968 4900 1072 4989 capite
1091 4897 1268 4988 Ephraim,
1291 4906 1323 4965 et
1342 4900 1517 4966 transferre
1537 4923 1635 4991 super
1655 4902 1814 4971 Manasse.

189 5010 243 5078 18.
259 5010 415 5100 Dixitque
429 5009 471 5078 ad
484 5019 609 5100 patrem
625 5034 634 5076 2
654 5007 728 5077 Nou
741 5009 788 5075 ita
800 5005 973 5089 convenit,
987 5013 1091 5098 pater,
1106 5005 1185 5095 quia
1197 5003 1250 5072 hic
1264 5011 1312 5071 est
1326 5004 1563 5096 primogenitus
1583 5029 1590 5072 :
1608 5027 1693 5098 pone
1707 5005 1817 5076 dexte·

185 5137 258 5183 ram
272 5125 363 5184 tuam
377 5137 476 5207 super
488 5124 586 5208 caput
599 5115 682 5206 ejus.
699 5115 753 5182 19.
769 5113 835 5194 Qui
848 5131 1011 5197 renuens,
1026 5111 1072 5178 ait
1088 5135 1097 5179 a
1118 5110 1192 5179 Scio
1204 5161 1214 5195 ,
1228 5110 1278 5178 fili
1292 5110 1357 5196 mi,
1374 5109 1459 5196 sei03
1480 5118 1512 5177 et
1528 5109 1588 5178 iste
1605 5111 1740 5203 quidem
1754 5113 1817 5184 erit

185 5221 221 5287 in
236 5221 395 5312 populos,
412 5229 444 5288 et
456 5221 750 5312 multiplicabitur:
766 5219 822 5287 sed
836 5219 936 5288 iratei
948 5216 1020 5306 ejus
1033 5217 1154 5301 minor,
1169 5215 1274 5306 major
1288 5216 1350 5284 erit
1363 5216 1442 5300 illo;
1458 5225 1613 5285 etiamen
1627 5217 1719 5288 iilius
1730 5239 1816 5288 ores·

184 5335 235 5394 cet
248 5327 283 5394 in
296 5335 420 5408 arentes.
436 5328 491 5395 20.
508 5325 745 5415 Benedixitque
758 5325 803 5392 eis
817 5323 852 5392 iu
866 5332 1010 5404 tempore
1022 5323 1102 5404 illo,
1117 5321 1227 5390 dicens
1242 5345 1250 5387 :
1270 5321 1309 5388 Iu
1321 5327 1353 5388 te
1364 5319 1574 5403 benedicetur
1586 5323 1698 5409 Israel,
1714 5331 1813 5413 etque
