4050 6018
231 281 287 342 668
712 281 953 338 contutante
971 283 1005 337 ΙΝ
1023 281 1178 352 monus,
1197 295 1261 338 etr.
1278 283 1378 340 xxvtt.

231 372 396 446 mamam
408 381 837 452 aestumatissimus
856 386 916 442 hoe
935 386 1026 444 osso-
1069 386 1163 444 000
1182 389 1215 444 sn
1235 386 1478 458 varunnam.
1494 389 1545 457 u,
1558 401 1672 462 capu
1685 385 1788 444 unae
1800 382 1888 443 vnn
1920 395 1948 466 a
1982 404 1983 431 ι

231 469 297 528 lum
316 473 403 541 neget
421 485 429 525 ε
448 467 538 539 Quia,
551 467 665 542 inquit,
677 473 793 542 poterat
806 469 947 526 cradeula
960 486 1027 526 sur-
1070 472 1188 544 pando,
1204 470 1259 528 lib.
1279 472 1313 529 lll
1334 473 1374 528 lie
1397 473 1522 543 empto,
1537 487 1604 544 cap.
1622 487 1698 542 xxv,
1715 485 1800 544 pag.
1814 470 1887 536 9111,
1904 457 1958 501 ³¹⁸¹·

231 569 300 610 sum
318 551 449 622 extrahi,
462 555 492 608 ct
512 555 584 608 tunc
604 551 696 610 arulae
718 554 782 622 ejus
801 552 883 623 ligna
899 552 1025 625 imponi.
1071 553 1178 610 atrium
1191 554 1305 610 dictum
1317 558 1402 628 putat
1416 571 1435 611 a
1451 569 1549 626 graeco
1561 558 1656 626 napea,
1669 553 1773 629 quasi
1788 551 1887 620 dims,
1903 520 1961 640 ,Ξ

231 635 288 694 Sed
306 635 364 693 boc
376 634 495 692 difficile
508 637 538 692 ct
549 634 708 691 molestum
727 633 846 704 inisset,
863 636 1027 708 praesertim
1071 642 1211 708 aereum,
1227 639 1259 694 in
1280 654 1363 710 aere,
1374 638 1431 694 snb
1450 639 1502 695 dio
1517 655 1525 694 :
1543 639 1611 695 licet
1622 639 1676 696 alii
1688 637 1820 696 atrium
1833 635 1890 692 d'ui

231 734 301 778 cum
321 719 468 776 craticule
479 719 541 790 jam
555 719 702 790 imposita
715 719 957 789 erantuictimer3
971 737 1027 776 sae-
1070 720 1164 776 vemt
1177 737 1213 777 eo
1234 720 1320 794 quod
1339 737 1357 777 a
1375 726 1452 780 terra
1470 722 1596 792 oriatm,
1610 725 1700 796 quasi
1730 725 1889 778 aterreum

230 807 300 882 pius
308 805 388 863 enim
398 805 505 862 iisdem
512 802 638 860 victimis
648 803 833 875 subjicienda
843 807 926 859 erant
935 803 1027 882 ligna,
1071 803 1120 860 vel
1134 807 1273 871 aterium;
1287 805 1336 862 alii
1350 821 1433 875 vero,
1443 805 1528 878 qnod
1541 807 1626 863 Atrine
1639 807 1674 863 in
1687 803 1825 862 Etruria
1832 803 1891 875 pri·

231 887 418 947 ntillatctoe
431 891 631 946 cremarentur
650 887 754 942 :uude
768 886 919 958 etsaepius
932 885 964 942 in
977 901 1027 942 aa·
1071 903 1156 944 mum
1170 888 1323 945 atriaante
1338 889 1417 945 mdes
1434 894 1603 946 consancta
1620 889 1752 946 inerint.
1768 889 1836 943 lloc
1849 891 1890 944 ta-
1928 893 1967 960 Ji

231 971 301 1030 dem
313 971 432 1028 victima
445 969 624 1044 oportuisset
636 967 806 1027 craticulam
817 968 955 1025 eximere.
1073 984 1141 1026 men
1154 972 1263 1026 atrium
1273 987 1292 1026 a
1302 972 1443 1029 lateribus
1452 987 1505 1046 per
1516 973 1672 1030 circuitum
1682 970 1891 1029 ambiebatur
1900 955 1945 996 ⁸¹³²

267 1058 414 1126 Rursum,
434 1054 467 1112 in
488 1053 573 1111 arula
591 1053 648 1112 hac
670 1058 754 1111 eram
772 1056 902 1124 quatuor
924 1051 1027 1108 annuli
1071 1053 1216 1122 tentoriis,
1230 1054 1319 1112 idest
1333 1055 1582 1112 velisvelaulaeis
1597 1073 1635 1113 ex
1653 1055 1760 1129 bysso
1775 1060 1890 1112 retorta

231 1138 321 1208 aenei,
334 1139 445 1214 quibus
466 1140 528 1197 duo
548 1141 646 1196 vectes
664 1136 884 1205 inserebantur,
903 1136 943 1192 ad
960 1151 1027 1190 eam
1071 1134 1169 1206 iactis,
1183 1137 1305 1211 lraecque
1326 1139 1394 1195 vela
1415 1143 1498 1195 erant
1516 1138 1610 1196 instar
1630 1153 1824 1208 murorum,
1842 1139 1888 1195 vel

231 1241 301 1283 eum
323 1223 463 1281 eraticula
481 1221 605 1280 seorsim
625 1220 772 1279 atabulis
790 1219 891 1276 altaris
903 1222 1026 1292 portan-
1071 1219 1217 1292 parietum
1240 1221 1296 1292 ipsi
1317 1222 1402 1278 atrio.
1425 1225 1514 1279 Porro
1537 1237 1683 1296 suspensa
1703 1227 1806 1280 erant
1825 1223 1887 1280 hoec

232 1309 313 1368 dam.
328 1309 414 1364 lirant
431 1308 531 1364 autem
550 1303 583 1362 hi
604 1301 708 1362 annuli
721 1303 752 1360 in
770 1305 902 1376 quatuor
914 1300 1026 1358 infimis
1070 1301 1138 1358 vela
1159 1319 1197 1360 ex
1215 1304 1363 1361 columnis
1381 1305 1487 1374 eneis,
1499 1321 1568 1378 quae
1588 1307 1702 1364 vestite
1726 1311 1826 1364 erant
1843 1321 1889 1362 ar-

232 1393 323 1453 arulae
336 1390 582 1460 extremitatibus,
594 1388 723 1462 ideoque
732 1386 781 1443 hic
792 1401 870 1442 vers.
882 1387 911 1456 t,
923 1384 1027 1441 dicun-
1071 1385 1183 1456 genteis
1203 1386 1337 1459 laminis,
1356 1391 1385 1444 et
1399 1387 1546 1460 capitibus
1564 1390 1729 1461 argenteis,
1754 1388 1887 1448 basibus

232 1485 281 1538 tur
290 1495 354 1538 csse
366 1477 468 1536 subter
481 1476 606 1535 arulam
1070 1469 1252 1526 veroaueis.

134 1567 201 1623 tiam
268 1561 340 1618 ilinc
351 1562 433 1634 patet
443 1573 505 1615 uon
519 1571 583 1613 esse
596 1569 700 1612 verum
719 1552 804 1624 quod
819 1549 932 1608 censuit
948 1549 1027 1606 Abu·
1109 1553 1215 1618 Tertio,
1227 1553 1335 1612 ahiem
1347 1558 1410 1614 crat
1421 1557 1612 1630 quadratum,
1623 1559 1674 1617 vel
1685 1559 1802 1632 potiris
1812 1552 1887 1633 qua·
1906 1567 1965 1616 aa.

128 1629 207 1732 ΡΨ
232 1645 322 1706 leucis
330 1641 555 1715 etVilalpando,
563 1639 616 1696 lib.
628 1640 661 1694 tv
672 1641 712 1694 De
723 1637 840 1705 Templo,
852 1651 917 1707 cap.
930 1649 1026 1704 ιω),
1072 1633 1269 1708 drangulum
1281 1640 1432 1697 eratenim
1443 1640 1569 1712 longum
1579 1645 1633 1700 ten
1645 1643 1776 1713 cubitis,
1786 1643 1885 1700 latum
1908 1631 1963 1674 ²¹¹⁵·

127 1701 207 1807 Zilil
233 1727 355 1799 sufficet,
369 1726 452 1798 ligna
468 1725 534 1798 ipsa
552 1739 614 1780 uon
634 1722 724 1780 arulae
746 1735 799 1775 seu
812 1718 924 1788 torulo,
936 1735 1028 1792 quem
1071 1721 1121 1787 50,
1139 1719 1233 1778 altum
1246 1725 1278 1791 5,
1296 1727 1328 1780 ut
1344 1727 1425 1796 patet
1438 1739 1514 1780 vers.
1528 1729 1581 1796 ¹⁸3
1596 1726 1784 1800 cingebatur
1798 1743 1886 1783 sexa-
1897 1690 1968 1796 ,ζῇ

113 1809 221 1859 mascula
233 1813 290 1887 ipsi
305 1814 414 1884 negent
421 1853 431 1882 ,
442 1809 496 1867 sed
507 1806 592 1865 altari
605 1805 666 1862 siue
677 1804 823 1862 craticule
834 1817 962 1875 superne
972 1802 1028 1877 im·
1071 1802 1152 1872 ginta
1165 1804 1313 1862 columnis
1323 1808 1421 1877 eneis,
1433 1813 1506 1881 puta
1515 1809 1552 1865 20
1560 1825 1580 1866 a
1588 1809 1971 1880 htaeneridiano,tss1s

121 1872 215 1978 iffi*
233 1897 437 1973 poni,cisque
457 1903 559 1950 carnes
581 1889 707 1946 victime
728 1888 901 1946 cremandas
922 1903 1027 1961 super·
1071 1887 1884 1962 turbaquilonari,lttabOccidenteettttabOriente;
1912 1875 1960 1918 ¹⁸¹¹·

177 1945 210 1978 nr.
232 1980 306 2058 poni
317 1970 1026 2042 debuisse.Exdietismimconstntlignaiuisse
1071 1986 1132 2028 una
1150 1988 1222 2029 vcro
1244 1974 1386 2032 columna
1403 1975 1531 2034 distabat
1551 1977 1591 2034 ab
1614 1977 1674 2034 alia
1696 1976 1855 2034 beabitis
1874 1941 1969 2042 :pazt

232 2063 371 2140 imposita
383 2061 463 2134 igni,
476 2059 530 2134 qui
543 2061 604 2116 crat
617 2056 674 2114 sub
688 2055 772 2114 altari
785 2055 817 2112 in
833 2055 918 2112 arula
937 2071 945 2108 ε
965 2070 1028 2111 non
1071 2069 1163 2126 porro
1173 2056 1206 2112 in
1216 2055 1363 2116 columnis
1376 2059 1546 2118 eminebant
1555 2060 1671 2133 paxilli,
1682 2061 1716 2117 id
1726 2067 1779 2120 est
1790 2060 1887 2126 clad,

233 2153 331 2208 tamen
343 2161 420 2218 nego
434 2144 516 2217 ligna
528 2143 616 2200 ctiam
630 2140 688 2214 ipsi
702 2139 787 2196 uiuri
804 2138 867 2194 sive
880 2137 1028 2195 craticule
1071 2152 1087 2194 c
1101 2138 1212 2212 quibus
1230 2140 1370 2213 tentoria,
1382 2142 1415 2200 id
1434 2148 1478 2201 cst
1496 2144 1579 2215 vela,
1593 2145 1882 2218 suspendebantur,

232 2225 655 2307 impositaiuisse,praesertim
664 2224 689 2280 si
697 2223 1026 2294 victimaessetmagna
1071 2223 1114 2281 uti
1127 2223 1200 2281 diri.
1442 2287 1446 2294 ,
1946 2295 1947 2303 ¹

231 2313 569 2390 eaqueobvictimarum
577 2307 1027 2368 multitudiucmcitccremanda
1106 2303 1786 2384 0000000100)ὶηίηετεεευὴαὴοὴαιριιφιῆ
1796 2311 1882 2368 Philo
1899 2315 1966 2388 brt.

232 2404 261 2460 et
270 2396 472 2458 consumenda
483 2399 558 2454 essct
563 2409 637 2466 ;uec
645 2391 725 2450 eninr
739 2390 815 2464 ignis
828 2405 883 2462 per
892 2393 953 2447 rete
963 2406 1027 2447 cra·
1070 2390 1099 2445 et
1119 2387 1290 2460 abulensis,
1308 2393 1345 2449 50
1360 2391 1477 2450 cubitos
1492 2393 1687 2464 longitudinis
1710 2411 1816 2468 usque
1841 2397 1880 2453 ad
1902 2384 1962 2482 Τ

233 2483 329 2542 deniae
352 2481 494 2540 rotradus
520 2483 549 2535 et
566 2482 682 2534 retusus
702 2479 748 2534 sat
768 2472 899 2532 habebat
917 2471 1026 2530 virium
1069 2469 1313 2545 tabernaculum,
1327 2479 1356 2533 et
1369 2475 1492 2534 totidem
1504 2476 1689 2547 latitudinis,
1705 2483 1739 2534 ut
1753 2484 1881 2551 caperet
1892 2449 1970 2557 ‘pff

232 2567 273 2628 ed
290 2566 424 2624 metimus
444 2563 571 2636 majores
589 2559 688 2632 statim
707 2557 941 2628 comburendae
956 2559 1026 2616 satis
1069 2555 1227 2627 populum.
1243 2559 1311 2616 Erat
1322 2557 1403 2616 enim
1418 2557 1478 2618 hec
1495 2559 1604 2617 atrium
1623 2559 1708 2617 loeus
1726 2563 1879 2620 orationis
1900 2565 1960 2619 nat

232 2655 331 2711 auum
344 2648 453 2708 virium
465 2645 596 2706 habebat
608 2643 649 2702 ad
661 2643 869 2702 holocaustum
876 2641 949 2714 jngc
962 2657 1027 2698 ves·
1069 2639 1176 2710 populi
1185 2657 1193 2696 :
1201 2640 1283 2698 unde
1295 2639 1336 2700 ab
1349 2641 1576 2714 Evangelistiset
1585 2644 1741 2716 alosepho
1749 2652 1880 2704 voratur

231 2735 380 2809 pertinum
401 2730 638 2792 consumendum
654 2746 662 2785 ε
677 2727 734 2786 hoc
756 2725 837 2784 euim
857 2727 921 2784 tota
940 2729 1026 2784 noete
1069 2723 1224 2794 templum.
1239 2724 1518 2784 lubecenimatrio
1529 2731 1757 2786 samatusestct
1771 2730 1879 2786 docuit

231 2819 312 2877 lento
325 2818 394 2890 igne
404 2805 686 2882 cremari'debebat,
697 2810 740 2867 uti
753 2810 834 2883 patet
844 2811 930 2867 lenit.
940 2823 984 2876 vr,
996 2811 1024 2866 9.
1070 2805 1216 2876 Christus,
1232 2823 1269 2863 ex
1282 2821 1379 2882 eoque
1391 2811 1552 2868 vendentes
1570 2815 1599 2866 et
1613 2814 1745 2867 ementes
1763 2813 1854 2884 ejecit
1869 2831 1876 2868 :

269 2903 414 2978 Denique,
425 2901 504 2959 cuca
522 2897 614 2957 altare
631 2897 690 2954 hoc
707 2898 768 2954 erat
781 2893 913 2954 maxime
925 2893 1026 2952 multi·
1070 2890 1218 2946 necerim
1228 2889 1357 2949 Christus
1371 2907 1507 2967 uuquam
1518 2893 1670 2966 ingressus
1681 2895 1878 2953 esttaberna-

232 2987 306 3048 tudo
316 2985 504 3046 sacerdotum
517 2987 547 3040 et
559 2980 724 3039 levitarum
730 2975 916 3051 ,presertim
928 2976 960 3033 in
970 2977 1027 3034 tes·
1070 2971 1182 3043 culum,
1191 2974 1240 3031 vel
1251 2975 1390 3033 Sanctum
1397 2994 1407 3046 3
1421 2977 1480 3035 hoc
1491 2977 1571 3034 enim
1582 2978 1654 3035 solis
1663 2979 1876 3036 sacerdotibus

232 3075 285 3144 tis,
299 3087 369 3130 cum
381 3069 482 3128 multe
501 3064 693 3126 immolanda
706 3065 802 3120 essem
820 3060 955 3119 victime.
972 3061 1027 3120 atti
1069 3057 1220 3114 Aaronicis
1233 3057 1349 3128 ingredi
1362 3059 1478 3118 licebat.
1496 3063 1529 3117 ln
1545 3061 1604 3118 hoc
1621 3075 1692 3132 ergo
1712 3061 1793 3118 atrio
1808 3062 1876 3118 laici

232 3157 312 3216 enim
331 3171 381 3214 eas
400 3149 583 3220 mactabant,
597 3148 648 3206 alii
664 3144 869 3216 excoriabant,
884 3145 934 3203 alii
948 3161 1027 3202 saca·
1070 3141 1210 3212 orabant,
1234 3142 1398 3202 offerebant
1415 3145 1620 3203 sacerdotibus
1636 3161 1706 3202 sues
1724 3145 1874 3215 strumas,

232 3241 319 3308 bant,
333 3238 383 3296 alii
394 3233 550 3305 lavabant,
561 3237 628 3302 etc,
638 3229 692 3290 sed
704 3231 781 3288 miro
793 3243 899 3288 omues
909 3229 1026 3286 silentio
1070 3225 1243 3298 spectabant
1260 3225 1420 3298 sacdficia,
1440 3234 1469 3286 et
1483 3243 1520 3284 ex
1536 3228 1573 3284 iis
1591 3229 1809 3303 epulabantur,
1826 3247 1877 3288 00-

232 3331 261 3384 01
272 3322 442 3382 reverentia.
456 3319 533 3378 Audi
546 3318 714 3386 Aristaeum,
726 3315 780 3374 lib.
793 3317 833 3370 lle
844 3315 1027 3386 Septuaginta
1070 3310 1222 3368 medentes
1235 3310 1368 3368 victimas
1378 3311 1517 3384 pacificas
1525 3327 1628 3369 coram
1640 3311 1783 3382 bomine,
1791 3312 1825 3369 id
1834 3315 1876 3369 est

133 3415 202 3460 titen-
232 3409 427 3482 iuterpretatur
441 3426 450 3462 r
467 3403 645 3462 «Silentium
656 3417 730 3459 vero
740 3404 857 3458 mutum
869 3400 962 3471 inest,
973 3403 1007 3456 ut
1015 3440 1026 3470 ,
1071 3408 1173 3451 coram
1187 3393 1390 3464 tabernaculo,
1404 3397 1488 3468 quod
1502 3399 1565 3452 erat
1580 3396 1666 3469 quasi
1681 3396 1796 3453 domus
1810 3396 1875 3466 liei,

115 3477 171 3522 ‘¹⁰¹⁰
197 3479 220 3520 ‘i
233 3509 302 3551 cum
321 3489 496 3565 septingenti
516 3487 577 3544 tero
596 3484 801 3542 ministrorum
818 3483 961 3541 continuo
975 3482 1029 3540 ad·
1073 3479 1105 3532 ut
1116 3479 1315 3550 patetDeuter.
1328 3493 1377 3548 nn,
1393 3481 1420 3547 7,
1436 3483 1464 3535 01
1477 3473 1621 3552 caplru,
1634 3495 1713 3536 vers.
1728 3481 1782 3551 113
1799 3495 1876 3537 nun-

115 3547 221 3642 ᾖξ’ἷζῖῗῖ
233 3575 336 3644 sint,et
346 3571 535 3630 offerentium
544 3566 856 3625 libaminamultitudo
867 3565 1027 3637 attingens,
1071 3573 1164 3632 quam
1177 3560 1255 3616 enim
1268 3559 1334 3618 inici
1349 3560 1487 3618 accedere
1500 3566 1638 3635 poteraut
1649 3562 1691 3618 ad
1704 3563 1820 3619 atrium
1828 3579 1874 3620 sa·

137 3658 201 3702 acan·
233 3672 287 3716 nec
303 3671 399 3713 unum
412 3651 535 3727 quidem
547 3649 701 3708 hominem
717 3649 748 3706 in
767 3648 834 3706 1000
849 3651 960 3706 uersari
972 3665 1029 3722 pu.
1072 3642 1237 3712 cardetum,
1258 3659 1293 3700 ac
1307 3647 1520 3717 cousequenter
1539 3661 1594 3702 nce
1611 3645 1652 3703 ad
1669 3645 1763 3704 altare
1785 3646 1873 3706 holo·

134 3720 199 3763 ‘¹⁰³²'
233 3732 757 3808 tesrsummanamquevcneratione
768 3735 1029 3803 cunetactmagna
1071 3731 1243 3784 caustorum
1256 3727 1340 3800 quod
1357 3728 1436 3785 ineo
1455 3733 1527 3786 crat.
1550 3729 1683 3802 Denique
1700 3731 1742 3788 ad
1761 3731 1873 3788 ostium

116 3900 206 3950 W·
234 3818 1030 3964 Detiptlleatittiiriiiiiiiilctigivicres.-Utscilicetinhae
1072 3809 1872 3970 fflsssabffizrpetssegpgrirgcfimlletffios1nuqucmmund

234 3989 333 4050 altaris
346 3989 482 4057 multata,
495 3986 617 4044 interius
631 3984 668 4041 sit
680 3984 765 4043 locus
778 4001 834 4057 pro
848 3985 917 4056 igne
930 3989 958 4042 ct
976 3985 1030 4057 lig-
1108 3977 1225 4044 Quinto,
1237 3977 1270 4034 in
1282 3978 1357 4036 tirio
1371 3979 1429 4036 hoc
1449 3984 1512 4038 erat
1524 3981 1644 4040 labrum
1656 3998 1776 4041 ancum
1789 3989 1821 4042 et
1833 3983 1873 4041 al·
1884 3993 1955 4063 noem,

234 4074 296 4146 nis,
308 4073 349 4130 ad
361 4071 534 4130 mamardus
546 4084 648 4128 carnes
659 4069 805 4126 craticulae
817 4069 1028 4142 superpositas.
1072 4061 1506 4138 tarcholocaustornm,inquo
1516 4066 1902 4126 00100.)01011000101100-υι
1921 4058 1958 4156 ἰζ

233 4157 363 4230 intellige
383 4156 474 4214 altare
492 4154 551 4212 hcc
572 4151 662 4210 tuisse
683 4167 790 4210 cavum
813 4151 964 4224 usquead
984 4151 1030 4209 sui
1073 4143 1224 4204 labantur·
1879 4122 1958 4220 {2²:22⁸

234 4242 368 4300 medium
387 4258 394 4296 ε
416 4254 489 4297 nam
504 4237 575 4295 inde
588 4251 684 4308 nsque
697 4237 737 4293 ad
750 4237 1030 4309 pavimentumplc-
1107 4229 1204 4293 Sexto.
1229 4229 1455 4289 tabernaculum
1477 4248 1572 4290 unum
1602 4238 1719 4292 tentum
1740 4235 1873 4294 habebat
1895 4239 1946 4280 “aa

234 4341 308 4382 num
321 4328 383 4382 erat
395 4327 486 4391 terra,
499 4320 548 4377 vel
561 4319 660 4392 potitis
671 4317 770 4392 lapide
783 4320 905 4390 inserto,
916 4319 959 4377 uti
966 4319 1030 4392 jam
1073 4311 1193 4381 atrium,
1207 4310 1314 4387 inquo
1328 4317 1428 4374 umen
1439 4315 1596 4374 verisimile
1610 4321 1654 4374 est
1666 4320 1872 4377 sacerdotibus
1881 4298 1957 4404 iffi*

235 4407 306 4467 dm,
1073 4395 1212 4454 ethvitis
1220 4397 1356 4470 proprias
1364 4398 1782 4475 stationcstuisseassignatas,
1789 4405 1873 4475 iuxta
1893 4375 1948 4464 issu

116 4485 176 4558 terr,
199 4490 220 4530 ⁹·
270 4490 298 4544 9.
323 4487 423 4544 Ficus
447 4497 483 4540 nr
506 4497 613 4540 isurun
637 4496 841 4539 riennsacunr.
865 4511 901 4524 -
923 4483 996 4540 Nota
1020 4500 1028 4538 :
1073 4478 1163 4538 altere
1173 4478 1427 4538 holocaustorum.
1439 4482 1520 4540 Unde
1528 4483 1559 4539 in
1569 4482 1681 4556 templo
1693 4485 1872 4555 Salomonis,
1893 4481 1950 4525 'tlt'

117 4548 222 4654 12¹2ss
235 4571 348 4631 Atrium
367 4570 425 4626 hoc
444 4568 554 4624 lactum
567 4569 628 4635 est,
641 4571 675 4622 ut
687 4566 890 4639 undequaque
904 4564 1031 4625 ambiret
1073 4562 1128 4620 ubi
1136 4565 1199 4623 hec
1208 4564 1748 4640 omniapulchriustueruntordinata,
1760 4569 1873 4644 duplex
1881 4547 1954 4659 ὦ,

117 4668 134 4712 0
186 4651 459 4716 aetabernaculum
473 4654 501 4706 et
518 4649 608 4706 altare
626 4647 887 4718 holocaustorum,
900 4652 966 4706 tum
984 4665 1032 4706 or·
1073 4652 1135 4706 crat
1148 4647 1272 4717 atrium,
1291 4662 1387 4705 unum
1401 4649 1522 4706 interius
1532 4651 1619 4721 juxta
1633 4649 1954 4724 tubernmulumfflms

118 4731 214 4801 ereptio.
236 4743 408 4808 uetustum
420 4733 589 4792 reverentie
602 4747 701 4789 causa.
715 4731 946 4789 tabernaculum
960 4749 1030 4804 ergo
1073 4730 1127 4788 ubi
1141 4737 1204 4788 erat
1217 4731 1308 4788 altare
1326 4733 1586 4804 holocaustorum,
1606 4734 1727 4792 labrum
1744 4752 1873 4808 aenenm,
1886 4737 1941 4828 ”2⁰:¹3

130 4804 212 4896 ,ξξξζζ
236 4820 414 4882 consistebat
435 4820 466 4876 in
488 4816 587 4874 medio
610 4815 694 4886 atrii,
717 4814 802 4888 quasi
826 4815 1032 4875 habitaculum
1074 4819 1102 4872 ct
1122 4816 1208 4873 statio
1234 4816 1436 4888 sacerdotum3
1455 4818 1620 4874 secundum
1637 4820 1767 4876 exterius
1786 4821 1873 4877 laieo-
1896 4815 1948 4891 „l

118 4907 338 4980 mutemrglorjae
360 4906 411 4962 uei
433 4905 508 4960 inter
529 4901 666 4958 homines
685 4899 901 4971 conversantis,
920 4916 1030 4975 cosque
1072 4914 1157 4970 rum,
1177 4899 1261 4972 quod
1279 4916 1298 4956 a
1319 4901 1412 4972 priori
1429 4901 1504 4958 atrio
1524 4901 1714 4960 sacerdotnm
1732 4903 1873 4962 Salomon
1881 4905 1957 4956 assu
2001 4961 2002 4964 ,

119 4972 219 5081 iffi·
236 4989 419 5048 exaudientis
432 4991 461 5046 et
474 4985 636 5058 dirigentis,
647 4986 680 5040 ut
693 4984 749 5040 hac
760 4983 952 5057 praescntiaet
962 4999 1032 5058 pro-
1076 4983 1210 5040 disdnxit
1222 4998 1309 5040 muro
1324 4983 1384 5039 ulto
1394 4989 1452 5042 tres
1461 4983 1588 5054 cubitoS,
1600 4984 1641 5041 ita
1649 4989 1683 5041 ut
1691 4986 1761 5043 laici
1774 5004 1812 5044 cx
1821 5005 1873 5045 suo
1893 4979 1952 5016 ω
2000 4985 2002 5038 f

206 5065 212 5078 '
236 5073 306 5131 vida
320 5070 532 5143 gubernatione
552 5067 664 5125 invitati
683 5066 812 5138 llebraei,
826 5067 925 5124 solum
939 5071 1032 5126 Deum
1075 5066 1152 5124 atrio
1172 5065 1252 5124 ultra
1270 5067 1350 5124 hunc
1371 5084 1492 5125 murum
1514 5069 1681 5141 prospicere
1699 5078 1825 5142 possent
1845 5074 1872 5129 in

236 5171 341 5214 verum
354 5153 483 5211 colerent
493 5157 522 5209 et
533 5151 571 5208 ab
585 5151 755 5209 idololatria
766 5150 955 5208 abstinerent.
1076 5151 1185 5208 atrium
1198 5153 1396 5222 sacerdotum,
1411 5168 1446 5208 ac
1464 5153 1564 5209 videre
1579 5153 1724 5211 sacrificia
1742 5173 1812 5229 quac
1832 5157 1874 5214 ibi

120 5231 224 5284 museo,
271 5238 405 5300 Secundo,
420 5236 478 5292 hoc
490 5235 596 5292 atrium
612 5250 738 5308 superne
753 5250 814 5291 non
828 5239 890 5292 crat
902 5239 1011 5293 tectum
1019 5275 1030 5306 ,
1073 5235 1293 5309 peragebantur
1302 5235 1424 5294 inuitari
1435 5235 1686 5309 holocaustorum,
1700 5253 1765 5298 nen
1774 5245 1874 5301 mmeu

119 5297 165 5342 ⁸¹⁸⁸
183 5292 225 5342 ’ὼ
238 5322 292 5380 scd
305 5319 362 5379 sub
375 5319 444 5392 dio,
456 5317 543 5394 quale
558 5318 721 5378 ceramum
735 5323 820 5378 vocat
842 5320 940 5378 Daniel
958 5323 1030 5378 Bar·
1073 5319 1151 5380 illud
1165 5319 1289 5392 ingredi.
