4088 6032
254 353 291 418 tc
427 332 438 352 '
771 357 1013 434 cormarcus
1029 358 1065 418 rr
1081 357 1242 432 sermm,
1259 369 1323 420 aa.
1341 357 1365 416 r.

254 458 387 522 minibus
408 459 641 534 providentiam,
655 474 723 533 qua
736 459 767 517 in
790 461 905 520 culmos
925 477 1050 520 numero
1091 463 1219 522 fructum
1232 464 1364 537 ipsarum
1377 461 1487 534 grossis
1496 460 1559 518 istis
1570 458 1757 518 fulcientes.»
1774 458 1882 518 Deinde

254 562 342 622 pares
354 542 505 602 radicibus
518 544 947 616 emicant,sesequeattollunt.
961 547 1051 604 «Ger-
1091 543 1221 619 idipsum
1238 547 1373 602 moribus
1392 545 1565 618 applicans:
1582 563 1597 598 a
1617 543 1711 613 Quid,
1729 543 1784 610 ait,
1803 538 1884 598 istud

254 645 324 688 men
336 628 469 699 interim,
481 626 537 699 ait,
553 627 628 685 dum
645 627 828 685 continenter
848 630 949 703 tepelit
956 671 965 700 ,
980 644 1050 687 eum
1092 628 1148 686 sibi
1161 634 1273 686 naturae
1286 628 1350 685 vult
1362 629 1510 698 enigma?
1524 626 1611 695 Quod
1622 625 1678 700 ipsi
1692 642 1814 700 quoque
1828 642 1882 683 nos

253 715 411 773 humorem
424 729 515 786 quern
528 713 645 785 exsugit
657 729 711 787 per
724 713 886 784 radiculas,
899 713 930 771 vi
944 714 1050 772 caloris
1091 711 1130 770 ab
1143 712 1246 770 alienis
1258 728 1276 770 a
1298 711 1374 782 fide,
1393 727 1455 768 non
1474 727 1541 768 raro
1560 710 1703 768 debemus
1727 711 1882 768 desumere

254 797 352 872 ipsum
371 799 481 854 eterra
502 795 698 870 proficientis,
722 801 867 870 quantum
890 799 1050 856 moderatas
1090 793 1233 853 intentam
1247 793 1339 852 animi
1360 791 1567 864 acrimoniam,
1591 792 1712 866 uimque
1731 792 1881 852 bonorum

255 897 316 938 suta
329 879 477 938 abmonioe
491 878 561 938 satis
574 880 612 937 sit
630 879 785 951 adsciscit,
800 881 884 954 quod
899 881 1050 956 reliquum
1091 895 1215 953 opernm
1228 879 1392 950 efficacem,
1404 898 1419 934 a
1435 894 1466 934 r.
1479 894 1510 949 g.
1524 893 1594 935 cum
1604 875 1713 934 videris
1727 877 1882 948 gentilem,

254 965 317 1037 ejus
331 968 374 1020 est
383 963 534 1038 dispensat
546 979 581 1021 ac
596 963 766 1039 dispertitur
777 965 809 1021 in
822 964 955 1022 culmum
965 1007 973 1034 ‚
985 979 1050 1024 oor·
1090 963 1136 1020 vel
1143 963 1312 1020 haereticum
1319 967 1545 1036 temperantem,
1554 961 1881 1034 modestum,proBum,

254 1047 355 1118 licem,
369 1047 401 1104 in
411 1048 528 1118 thecas,
541 1048 600 1105 hoc
612 1053 655 1106 cst
666 1047 780 1104 loculos
791 1047 851 1106 sive
861 1047 1049 1118 valvulas‚in
1090 1047 1194 1104 acriter
1207 1047 1347 1116 excitare,
1362 1053 1395 1104 ut
1407 1046 1438 1104 in
1452 1047 1556 1104 iisdem
1569 1043 1727 1102 vlrtatibus
1740 1045 1882 1115 emineas,

254 1129 1048 1206 triticum,inipsasdeniquearistas.rBtmoxrallide
1089 1129 1188 1203 itaque
1208 1131 1288 1186 velut
1311 1130 1385 1186 ficus
1406 1147 1424 1186 a
1444 1128 1553 1202 grossis
1574 1132 1711 1198 exacuta,
1733 1129 1883 1186 fructuum

253 1216 409 1290 quomodo
420 1214 563 1288 geniculis
573 1216 790 1290 praecingantur
798 1212 1048 1287 culmifmmenti‚
1088 1216 1210 1271 tuorum
1232 1212 1367 1270 inhibeas
1390 1213 1570 1282 defluvium,
1589 1217 1619 1269 et
1640 1211 1805 1268 accuratius
1830 1227 1883 1267 eos

253 1302 286 1355 ut
299 1298 357 1355 illis
365 1297 447 1356 velut
453 1298 636 1373 quibusdam
645 1299 771 1356 vinculis
783 1297 979 1367 corroborati,
990 1296 1048 1370 spi·
1089 1299 1229 1355 enutrias.
1242 1299 1305 1354 llaec
1316 1301 1345 1354 et
1356 1297 1444 1372 plura
1458 1297 1486 1354 S.
1496 1295 1618 1353 Basilius
1627 1295 1777 1353 homiliatt
1788 1295 1882 1351 limc-

253 1397 355 1440 carum
375 1380 460 1439 facile
479 1383 600 1457 pondus
621 1379 717 1440 ferant
737 1386 767 1440 et
787 1383 965 1451 sustineant,
979 1395 1048 1437 cum
1088 1395 1189 1438 meran.

252 1465 349 1538 plenta
359 1465 423 1537 jam
435 1464 586 1522 fructuum
599 1465 788 1538 gravidaeque
800 1465 840 1522 ad
852 1465 979 1521 humum
991 1480 1047 1522 suo
1123 1465 1162 1520 Er
1173 1479 1328 1522 recrearas
1343 1479 1525 1536 snum,-q.
1537 1464 1566 1520 d.
1578 1461 1721 1519 Producat
1732 1461 1882 1519 terraher-

253 1549 385 1622 pondere
415 1549 566 1606 inclinant.
595 1550 779 1622 Quapropter
809 1563 903 1606 arena
924 1547 1047 1621 quidem
1087 1544 1173 1617 bam,
1188 1563 1256 1621 qum
1266 1549 1361 1622 possit
1374 1564 1474 1605 semen
1487 1547 1526 1604 ad
1541 1544 1648 1619 speciei
1661 1562 1721 1601 suae
1734 1560 1881 1619 propaga·

254 1631 349 1689 inanis
360 1635 449 1705 atque
469 1646 563 1688 vacua
578 1635 639 1689 tota
657 1635 718 1701 est,
733 1630 910 1705 quodnnllo
924 1646 1047 1703 prorsus
1087 1629 1198 1688 tionem
1212 1630 1306 1689 facere
1314 1673 1324 1702 ‚
1336 1632 1368 1690 id
1382 1636 1425 1688 est
1438 1631 1593 1688 seminare.

254 1715 391 1773 culminis
410 1715 543 1789 pondere
563 1714 728 1787 premitur:
746 1719 848 1772 contra
864 1713 1046 1774 frumentum
1123 1719 1276 1774 Eratonos
1291 1715 1548 1786 rorrrsnua,·-id
1561 1719 1618 1784 est,
1631 1713 1769 1770 arborem
1781 1712 1882 1770 fructi·
1900 1757 1904 1764 .

253 1804 359 1857 natura
372 1799 538 1870 geniculato
559 1800 677 1869 culmo,
691 1800 777 1872 quasi
789 1799 927 1870 vinculis,
940 1800 1047 1858 confir·
1086 1797 1194 1870 feram,
1208 1804 1241 1856 ut
1258 1799 1369 1856 habent
1384 1799 1514 1856 llebraea.
1531 1801 1655 1855 Pomum
1670 1812 1741 1868 ergo
1759 1796 1881 1870 ponitur

252 1898 348 1940 masse
361 1883 488 1940 videtur.
500 1885 532 1939 ln
546 1882 630 1938 theca
639 1898 711 1938 vero
724 1898 852 1953 granum
865 1884 1045 1954 recondidit,
1086 1897 1143 1955 pro
1156 1883 1264 1956 quouis
1272 1883 1415 1940 arborum
1429 1881 1537 1939 fructa.

252 1981 289 2022 ne
301 1967 337 2022 sit
351 1966 485 2038 exposita
504 1964 655 2036 frugilegis
674 1966 890 2040 avibuspraeda
905 1985 912 2022 :
925 1967 1046 2040 insuper
1122 1971 1209 2027 Cusus
1231 1986 1320 2028 sanna
1340 1987 1368 2027 ru
1383 1984 1534 2028 saurrrrso
1553 1969 1748 2043 su,—quod
1766 1969 1822 2026 sibi
1840 1968 1881 2025 si-

252 2053 280 2107 et
293 2048 448 2107 aristarum
466 2048 562 2118 vallo,
576 2048 658 2105 velut
671 2047 735 2104 telis
753 2048 875 2121 objectis
886 2049 1044 2108 animalcu·
1086 2053 1156 2110 mile
1170 2055 1310 2126 gignendi
1325 2055 1386 2112 vim
1400 2055 1522 2125 habeat,
1536 2069 1591 2126 per
1606 2069 1723 2123 semen,
1732 2054 1816 2127 quod
1828 2054 1880 2110 lra-

251 2133 350 2191 lorum
371 2147 482 2189 noxam
506 2131 634 2190 abarcet.
650 2150 664 2186 r
681 2131 767 2189 Plura
789 2131 895 2189 deinde
910 2133 994 2190 affert
1007 2136 1045 2192 da
1086 2135 1176 2194 belin
1190 2139 1303 2211 seipso,
1321 2143 1394 2212 puta
1416 2140 1447 2196 in
1460 2155 1515 2196 suo
1528 2140 1574 2195 vel
1595 2137 1707 2207 fructu,
1730 2138 1777 2194 rel
1788 2137 1880 2207 folio,

251 2218 324 2288 vite,
349 2219 472 2292 ejusque
507 2216 672 2286 claviculis,
703 2217 812 2290 quibus
832 2233 864 2275 sc
887 2218 1045 2276 arboribus
1086 2221 1134 2277 vel
1152 2223 1265 2292 radice,
1287 2223 1334 2280 vel
1356 2222 1456 2280 ramis.
1472 2225 1545 2279 Nam
1568 2222 1668 2278 multra
1689 2221 1797 2293 plantae
1818 2236 1880 2277 non

251 2302 356 2371 nectit,
367 2304 395 2356 et
405 2301 444 2357 ad
451 2315 554 2356 aarum
563 2298 683 2360 cnlmcn
693 2299 818 2356 scandit.
829 2305 870 2356 Ac
878 2303 1046 2376 paulopost
1086 2303 1197 2361 hdbcnt
1210 2322 1310 2362 semen
1320 2307 1440 2380 proprie
1455 2305 1587 2374 dictum,
1602 2309 1635 2360 ut
1644 2307 1722 2376 patet
1736 2303 1767 2360 in
1780 2303 1880 2372 salice,

251 2388 415 2463 symbolice
424 2387 578 2461 applicans
585 2387 818 2444 homini:Simili
827 2388 1044 2463 mcd0‚inquit,
1086 2389 1232 2458 gramine,
1246 2394 1359 2458 menta,
1375 2404 1481 2458 croco,
1495 2386 1581 2456 allio,
1598 2386 1757 2455 arundine,
1773 2387 1879 2459 ulmis,

252 2475 327 2530 llcua
343 2487 474 2528 «sensus
497 2474 614 2526 nostros
627 2469 659 2526 in
680 2468 807 2526 sublime
829 2471 935 2541 erexit,
947 2487 1044 2547 neque
1085 2472 1221 2544 populis,
1245 2478 1316 2543 efc.;
1330 2473 1384 2530 sed
1408 2473 1470 2529 haec
1492 2470 1604 2528 hahent
1620 2469 1734 2543 aliquid
1754 2470 1821 2528 loco
1833 2487 1880 2528 sa-

250 2555 383 2630 permisit
396 2555 426 2611 in
437 2554 564 2610 humum
578 2567 634 2609 nos
649 2568 711 2609 csse
726 2553 871 2624 deJectos‚
889 2571 923 2612 ac
937 2556 1044 2627 dignos
1086 2555 1191 2626 minis,
1208 2555 1319 2614 scilicet
1331 2557 1363 2612 in
1378 2555 1449 2629 ipsis
1464 2554 1615 2612 radicibus
1634 2554 1696 2609 vim
1715 2554 1880 2626 quamdam

251 2641 377 2712 assequi
397 2639 615 2696 conculcamur.
630 2639 698 2694 Vult
712 2638 800 2695 etiam
818 2655 873 2696 nos
886 2643 971 2714 quasi
986 2642 1045 2700 cla·
1085 2638 1328 2710 propagativam,
1354 2644 1386 2696 ut
1411 2644 1490 2713 patet
1510 2639 1539 2695 in
1567 2637 1727 2706 arundine,
1754 2641 1810 2695 etc.
1838 2640 1880 2697 lta

250 2724 371 2792 viculis,
390 2722 451 2779 siva
470 2721 615 2795 capreolis
637 2721 833 2794 quibusdam,
856 2722 1044 2796 amplexibus
1086 2723 1114 2779 S.
1131 2721 1303 2780 burhrosius
1313 2727 1341 2780 et
1352 2724 1484 2780 Basilius.
1495 2723 1588 2796 idque
1597 2722 1655 2778 hoc
1668 2720 1879 2791 fine,ut,cnm

251 2806 399 2864 charitatis
411 2804 557 2878 proximis
569 2803 654 2862 inniti
666 2808 694 2860 et
707 2805 874 2876 adhaerere,
888 2810 917 2862 et
930 2807 962 2863 in
972 2807 1044 2881 ipsis
1086 2805 1195 2878 plantae
1212 2806 1373 2862 individua
1395 2806 1555 2874 intereant,
1575 2808 1714 2861 maneant
1731 2807 1831 2860 tamen
1848 2803 1879 2861 in

251 2889 339 2946 etiam
348 2888 556 2962 conquiescere
564 2929 573 2958 ,
583 2887 688 2959 utiugi
700 2887 806 2944 affecta
815 2904 933 2944 sursum
941 2906 1044 2948 versus
1080 2888 1196 2945 semina
1212 2892 1240 2944 ct
1254 2889 1364 2960 fructu,
1378 2903 1469 2961 quem
1482 2903 1519 2944 ex
1533 2903 1564 2943 se
1581 2890 1749 2960 propagant
1754 2905 1763 2957 ;
1778 2887 1879 2960 itaque

250 2972 390 3043 feramur,
404 2976 433 3028 et
446 2971 531 3046 quasi
546 2969 704 3027 arbustivae
717 2970 789 3027 vites
804 2987 859 3028 nos
873 2971 954 3044 ipsos
968 2974 1044 3030 adra-
1086 2971 1250 3045 quamdam
1263 2971 1347 3045 quasi
1369 2970 1617 3028 immortalitatem
1632 2974 1659 3026 et
1673 2969 1878 3040 aeternitatem,

251 3075 377 3133 quemue
395 3057 569 3114 sublimium
588 3055 709 3128 fastigiis
722 3055 875 3114 arborum.
891 3058 968 3125 Quin
982 3063 1010 3116 et
1026 3075 1044 3116 a
1086 3069 1177 3128 quam
1188 3055 1358 3112 naturaliter
1372 3053 1521 3124 ambiunt,
1532 3057 1761 3126 consequantur,
1776 3055 1810 3109 ut
1823 3053 1879 3110 sci·

252 3142 338 3200 nobis
351 3139 798 3214 exposcit,utdumdcfodimur
808 3141 1040 3199 sustineamus.»
1085 3137 1154 3195 licet
1165 3152 1282 3211 semper
1291 3138 1359 3209 siut,
1370 3143 1521 3212 etsempcr
1529 3137 1690 3210 perdurent
1701 3135 1734 3192 in
1747 3150 1878 3210 suapro·

252 3230 283 3284 lit
297 3224 417 3282 inferius
433 3242 440 3280 :
458 3221 649 3293 «Arborum,
663 3223 704 3279 ait
713 3265 723 3294 ,
738 3238 866 3296 quarum
885 3225 960 3282 rami
971 3242 1043 3298 pro·
1085 3221 1205 3296 pagine.

252 3309 369 3368 lixiores
381 3311 464 3378 sunt,
478 3306 606 3380 porrecti
617 3306 673 3362 late
688 3308 716 3362 et
729 3305 851 3378 expansi
866 3322 920 3379 per
933 3323 1042 3380 aerem,
1121 3307 1166 3362 ta.
1181 3307 1324 3363 Proruurr
1335 3320 1436 3363 raras.
1445 3335 1480 3348 -
1491 3302 1562 3362 llino
1573 3303 1813 3378 patetboctertio
1830 3305 1878 3362 die
1891 3314 1957 3357 Vera
1971 3317 2004 3362 rt.

250 3408 352 3450 ararum
365 3395 395 3448 et
417 3389 531 3448 radices
551 3387 761 3461 profundiores
784 3392 867 3459 sunt,
878 3393 906 3446 et
920 3390 1043 3448 circum·
1085 3393 1192 3446 terram
1207 3403 1269 3446 non
1282 3391 1397 3445 tantum
1409 3387 1547 3444 virtutem
1561 3383 1747 3461 producendi
1760 3386 1877 3460 plantas

251 3490 370 3547 quaque
389 3473 447 3530 late
465 3472 553 3528 ctiam
571 3469 795 3541 diffunduntur,
813 3471 936 3542 perinde
956 3472 1042 3546 quasi
1085 3473 1245 3546 accepisse,
1259 3476 1293 3529 ut
1317 3471 1432 3529 videtur
1449 3471 1524 3527 velle
1537 3471 1564 3527 S.
1580 3469 1776 3541 augustinus,
1790 3469 1877 3528 lib.v

251 3556 553 3615 rratnrafundamanta
560 3553 714 3626 quaedam,
725 3555 914 3627 proportione
921 3571 1043 3628 respon·
1085 3557 1124 3611 De
1144 3556 1236 3612 denes.
1251 3555 1288 3611 ad
1303 3558 1360 3612 litt.
1377 3571 1444 3628 cap.
1457 3569 1485 3610 rr
1498 3557 1526 3610 et
1540 3567 1574 3624 η
1589 3553 1642 3610 sed
1654 3553 1707 3609 illo
1720 3553 1798 3625 ipso,
1813 3545 1875 3626 quo
1897 3563 1998 3610 Artem

251 3641 349 3697 clantio
371 3652 546 3712 superorum
565 3636 750 3708 ponderibus
770 3637 951 3707 subiecisset.
978 3643 1042 3697 tam
1084 3641 1160 3695 Deus
1172 3638 1272 3710 jussit,
1292 3643 1443 3694 momento
1463 3642 1570 3695 terram
1588 3638 1655 3693 actu
1668 3652 1772 3693 omnes
1791 3625 2006 3732 plaustffiff

249 3739 319 3781 vero
337 3723 523 3779 detruncatas
549 3719 686 3775 nonnulli
711 3718 816 3792 pinus,
838 3723 889 3776 aut
907 3721 1051 3779 incensas¹
1084 3726 1181 3779 tarum
1193 3721 1435 3794 species,easque
1450 3721 1580 3791 adultas,
1590 3717 1698 3777 multas
1711 3721 1797 3779 etiam
1807 3740 1875 3780 cum
1887 3698 1937 3790 ἷξε.
1947 3761 2007 3792 em-

249 3810 388 3879 astusque
401 3803 546 3872 flammis,
561 3803 592 3858 in
601 3805 738 3874 querceta
749 3801 944 3860 observarunt
956 3806 1040 3862 verti.
1084 3803 1180 3862 fructu
1203 3809 1319 3861 maturo
1341 3803 1517 3877 produxisse
1539 3821 1547 3860 ε
1567 3803 1616 3860 Bai
1643 3803 1722 3861 anim
1747 3805 1876 3878 perfecta
1888 3810 2006 3882 marcam

249 3891 321 3946 Sunt
335 3893 363 3945 et
377 3903 452 3961 quas
476 3901 537 3942 sna
557 3888 670 3941 naturae
688 3884 793 3941 vitium
814 3886 950 3957 agricola
970 3905 1041 3946 cura
1083 3893 1152 3946 sunt
1166 3903 1267 3962 opera.
1282 3891 1323 3945 lla
1337 3887 1364 3946 S.
1379 3888 1502 3946 Basilius
1515 3886 1739 3946 etbmbrosius.
1886 3871 2006 3971 {5⁸⁸³

249 3975 397 4044 deponere
412 3986 447 4026 ac
459 3969 614 4026 extrudere
632 3969 829 4040 novimus,ut
845 3971 969 4044 punicas
984 3972 1041 4030 aci·
1118 3973 1199 4029 ldem
1220 3971 1286 4029 dico
1307 3972 1344 4029 de
1363 3972 1540 4028 animalibus
1562 3976 1589 4029 et
1610 3973 1746 4042 homiae,
1772 3975 1874 4032 creatis

248 4058 317 4126 das,
340 4053 575 4126 amygdalasque
595 4068 721 4109 amaras.
743 4055 817 4110 Cum
836 4053 914 4110 enim
931 4055 992 4113 ima
1008 4057 1040 4114 in
1084 4055 1131 4115 die
1143 4059 1240 4120 sexto,
1261 4055 1396 4112 videlicet
1417 4057 1518 4113 omnia
1530 4063 1627 4113 creata
1644 4073 1705 4112 esse
1717 4058 1749 4114 in
1762 4061 1875 4130 magai-

247 4143 330 4213 parte
343 4137 435 4195 radici
448 4137 619 4212 propinqua
629 4136 724 4210 stipite
733 4137 888 4210 perforatae
894 4180 903 4209 ,
912 4156 1040 4198 cuneum
1082 4139 1201 4209 tudine,
1213 4139 1314 4211 vigore
1324 4144 1352 4196 et
1360 4139 1467 4197 robora
1479 4139 1608 4212 perlecto
1615 4183 1625 4212 ,
1638 4145 1670 4196 ut
1679 4141 1787 4198 docent
1796 4159 1876 4199 com-

247 4239 284 4280 ex
294 4223 365 4296 pino
373 4221 514 4294 pinguem
528 4236 581 4293 per
591 4220 721 4276 mediam
729 4221 866 4277 adactum
875 4222 1041 4280 medullam
1082 4223 1210 4280 maniter
1230 4225 1286 4279 llll.
1309 4225 1352 4278 Ex
1372 4224 1457 4280 dictis
1482 4223 1614 4296 sequitur
1637 4223 1767 4281 hoodie
1790 4226 1874 4283 fertio
1889 4229 1939 4275 Hos
1968 4233 2008 4278 die

247 4305 437 4379 susceperint,
445 4304 559 4376 saporis
572 4306 635 4358 turn
650 4303 769 4360 fastidio
782 4303 813 4360 in
825 4310 1036 4376 gratumusum
1082 4305 1171 4365 etiam
1193 4307 1366 4380 paradisum
1390 4324 1451 4365 esse
1473 4308 1654 4381 plantatum,
1677 4314 1874 4384 ornatumque
1888 4293 2008 4398 mm·

246 4393 359 4448 mutato
365 4429 375 4460 ,
397 4387 609 4446 dulcescunt.»
633 4385 737 4444 Subdit
759 4386 874 4460 palmas
890 4389 962 4446 alias
976 4406 1038 4449 esse
1083 4391 1159 4450 mira
1168 4391 1312 4450 arborum
1323 4391 1460 4450 varietate
1475 4397 1502 4449 et
1516 4393 1751 4466 pulchritudine,
1762 4395 1800 4451 de
1811 4412 1873 4468 quo
1898 4414 1994 4468 prauu-

246 4489 359 4544 mares,
387 4471 459 4528 alias
482 4469 621 4540 feminas,
640 4474 668 4526 et
686 4470 827 4526 feminam
851 4470 909 4527 ain
925 4487 1038 4529 marem
1082 4491 1188 4547 capu.
1922 4479 1972 4519 tus-

245 4572 372 4633 pronam
391 4554 602 4612 blandioribus
622 4552 712 4610 ramis
732 4557 851 4623 nutare,
869 4557 955 4627 quasi
975 4572 1038 4627 ges-
1116 4561 1202 4630 Nota,
1217 4559 1275 4616 hoc
1286 4561 1334 4617 die
1347 4560 1432 4618 tertio
1443 4563 1551 4617 terram
1563 4576 1684 4634 quoque
1695 4560 1872 4634 produxisse
1903 4561 1991 4607 uerae

245 4643 364 4699 tientem
377 4643 404 4695 et
417 4637 590 4710 amplexum
608 4636 697 4692 maris
717 4637 958 4709 percupientem,
973 4639 1038 4696 slir-
1081 4640 1188 4698 herbas
1211 4647 1385 4718 uenenatas,
1403 4641 1474 4699 item
1491 4660 1591 4702 rosam
1610 4661 1679 4701 cum
1698 4644 1811 4718 spinis:
1826 4647 1873 4703 ha
1885 4634 2008 4734 ζῗζζ

244 4725 404 4799 piumvero
415 4720 541 4777 cultores
552 4721 626 4776 inter
636 4735 736 4776 ramos
747 4723 817 4775 tunc
830 4721 915 4792 quasi
924 4723 1038 4779 semina
1082 4723 1159 4780 enirn
1174 4725 1260 4797 quasi
1280 4725 1485 4783 connaturales
1504 4743 1593 4790 rosae,
1609 4727 1696 4799 eique
1710 4727 1873 4797 congenita
1886 4755 1942 4789 enm
1962 4749 2009 4802 eps.

244 4805 402 4878 quadam,
423 4803 513 4859 maris
533 4802 637 4858 florem
657 4817 708 4857 saa
720 4801 848 4858 fructum
863 4803 1019 4860 immittere
1027 4847 1036 4876 ‚
1080 4811 1159 4864 aunt.
1174 4811 1263 4879 Negat
1275 4809 1332 4869 ho'c
1350 4810 1496 4882 posterius
1510 4808 1546 4865 de
1560 4826 1628 4867 rosa
1642 4813 1669 4867 S.
1685 4812 1806 4868 Basilius
1819 4811 1873 4868 110-
1886 4806 1924 4878 ¹¹¹?
1963 4806 2009 4878 'aa

244 4888 382 4962 atqueita
396 4885 477 4942 illam
492 4885 579 4958 quasi
596 4884 778 4956 voluptatem
791 4885 861 4941 inde
871 4887 1036 4958 percipere,
1080 4890 1143 4947 mil.
1160 4893 1310 4958 tilianam„
1320 4896 1347 4949 et
1366 4895 1393 4949 S.
1404 4892 1576 4948 Ambrosius
1590 4893 1685 4950 lib.lll
1702 4897 1817 4952 lienam.
1832 4913 1870 4952 xl.
1887 4869 2008 4972 stiffi:

243 4985 366 5043 seseque
377 4984 496 5024 rursum
509 4968 637 5038 erigere,
650 4971 679 5022 et
692 4966 731 5022 ad
744 4966 872 5022 formam
883 4967 1037 5040 propriam
1080 4974 1162 5030 Prius
1185 4980 1293 5046 negant
1313 4975 1406 5047 Bada,
1433 4981 1592 5049 Rupertus,
1617 4978 1755 5036 Rabnnus
1779 4984 1807 5037 et
1825 4982 1872 5036 lll-
1912 4988 1983 5031 sicet

243 5069 311 5110 suas
324 5052 475 5111 restituere
493 5067 604 5109 comas.
620 5052 684 5106 llaec
705 5051 809 5107 eadem
821 5051 858 5108 de
872 5051 935 5108 ficis
948 5052 1036 5110 etiam
1079 5057 1201 5129 cuinus,
1226 5064 1389 5133 putantque
1410 5061 1495 5133 quod
1512 5067 1578 5118 ante
1603 5063 1732 5120 hominis
1752 5065 1872 5139 lapsum
1887 5050 1996 5150 smil*

242 5138 387 5193 asserunt.
410 5135 612 5204 Quamobrem
622 5133 672 5190 alii
688 5134 773 5204 jnxta
785 5133 870 5190 ficeta
880 5135 1036 5208 caprificos
1078 5144 1155 5198 terra
1169 5142 1243 5200 nihil
1265 5145 1403 5216 noxiam,
1418 5151 1490 5218 puta
1511 5147 1625 5204 nullam
1640 5149 1764 5206 herbam
1786 5168 1873 5208 vene·
1898 5111 2008 5155 “m

242 5225 358 5292 serunt,
375 5221 425 5278 alii
443 5221 572 5295 caprifici
594 5237 713 5292 grossos
731 5221 807 5277 inter
830 5239 860 5277 se
880 5223 1035 5294 colligatos
1078 5229 1194 5296 natam,
1214 5244 1276 5284 non
1298 5228 1416 5302 spinas,
1433 5246 1494 5286 non
1517 5231 1658 5302 tribulos,
1678 5233 1738 5289 imo
1761 5251 1872 5291 necar-

241 5303 374 5378 injiciunt
386 5303 466 5375 ficis,
485 5310 571 5378 atque
584 5305 642 5361 hoc
658 5309 746 5377 pacto
764 5305 890 5363 ficorum
903 5306 1035 5366 imbecil-
1078 5307 1183 5365 boram
1206 5312 1334 5368 sterilem
1353 5314 1507 5384 protulerit
1521 5332 1527 5371 ι
1539 5315 1601 5371 hrrc
1624 5316 1702 5372 enirn
1726 5325 1793 5390 post
1805 5335 1873 5390 pec·

241 5387 313 5446 litati
348 5387 518 5458 medentur,
545 5380 720 5444 delidbutam
741 5387 802 5462 jam
822 5388 1034 5468 labentemque
1078 5395 1175 5448 catum
1201 5393 1231 5450 in
1260 5396 1321 5464 ejus
1348 5411 1466 5468 poenam
1492 5414 1553 5451 asse
1582 5400 1736 5472 producta.
1766 5403 1872 5458 Verum
