4042 6032
232 366 312 429 olm

234 475 404 548 quuntur.»
420 471 533 544 Quibus
546 471 646 545 addo,
667 471 756 531 etlam
769 488 856 533 voees
869 490 935 550 cap.
948 491 975 547 r,
989 475 1027 534 st·
1069 477 1154 536 modi
1167 478 1298 553 system
1311 479 1400 550 nohis
1413 477 1569 550 obtulisse,
1583 479 1615 537 ln
1628 493 1690 554 quo
1705 496 1720 532 a
1733 478 1866 554 discipli·

234 558 375 630 gnificare
394 557 511 632 plantas
532 558 685 614 nascentes
699 573 737 614 ex
745 558 915 631 ρτοοίάοοοο
927 563 1027 616 semiue
1068 574 1116 619 nra
1130 562 1227 620 omnis
1237 562 1367 635 physica
1378 567 1408 621 et
1421 563 1626 621 astronomicae
1640 561 1786 620 tutantia»
1802 579 1868 620 sese

235 645 264 699 et
275 658 311 698 ex
320 641 505 715 praecidanea
513 638 774 714 radice3pluviam
784 640 1026 716 (sivequidaliud
1069 645 1184 720 prodat.
1214 649 1278 703 Non
1303 647 1444 721 equidem
1469 663 1611 716 asseram,
1631 648 1868 704 versatissimum

234 724 424 800 equivalens)
435 722 546 796 requiri
559 723 649 780 etiam
658 738 714 796 pro
725 723 846 798 plantis,
856 739 924 797 quus
937 724 1027 781 unul·
1070 731 1169 787 ltcsen
1183 731 1215 787 in
1225 730 1357 804 physicis
1370 729 1499 788 scientiis
1512 734 1562 788 aut
1575 729 1718 788 eximium
1732 730 1867 804 aliquem

234 808 271 865 lis
293 807 449 866 hominum
470 805 664 878 cogentibus,
682 806 754 882 ipsu
776 809 881 880 sponte
901 822 955 865 sua
976 823 1026 864 ve·
1070 815 1276 870 astronomum
1297 812 1386 870 fuisse
1401 832 1408 869 ε
1423 827 1529 871 verum
1541 813 1566 870 si
1579 813 1628 870 ille
1648 829 1712 871 non
1724 813 1796 871 alias
1817 829 1867 870 res

234 891 359 961 ninnt3»
374 893 403 947 et
416 888 537 946 tandem
546 888 645 946 nullas
654 889 777 946 omnino
785 888 928 948 exstitisse
939 890 1025 966 plan·
1070 899 1121 954 aut
1134 896 1231 969 potuit
1244 900 1295 954 aut
1307 895 1403 954 voluit
1412 896 1500 954 nobis
1516 913 1677 971 exponere,
1691 897 1748 954 nisi
1759 897 1867 970 vulga-

233 977 290 1046 tas,
302 973 424 1048 quando
437 970 546 1030 creavit
559 973 635 1028 Deus
648 971 755 1028 coelum
765 976 793 1028 et
798 975 917 1044 terram,
924 973 1025 1048 proin·
1070 993 1117 1036 res
1130 978 1256 1038 indoctae
1266 979 1363 1054 plebis
1376 979 1544 1052 opiniones,
1555 996 1619 1052 eur,
1628 996 1742 1053 quaeso,
1753 979 1865 1051 lucem,

234 1057 272 1116 de
289 1054 474 1131 superfluum
496 1057 573 1111 esset
593 1068 713 1112 monere
726 1069 804 1126 nos,
819 1057 903 1129 quod
916 1057 1025 1130 planta
1070 1077 1138 1136 qual
1157 1064 1316 1138 splendore
1339 1081 1394 1122 suo
1408 1064 1488 1121 diem
1501 1062 1608 1136 faeiat,
1622 1063 1718 1122 biduo
1735 1069 1803 1122 anto
1816 1080 1866 1121 so-

232 1156 270 1198 ex
282 1139 492 1212 agricolatione
506 1144 576 1196 orta
586 1141 656 1196 tunc
669 1152 731 1196 nou
748 1139 927 1198 exsistebant
941 1157 948 1196 :
963 1156 1026 1214 qua
1068 1144 1128 1203 lem
1137 1145 1272 1204 induxitt
1281 1149 1346 1217 Qua
1355 1148 1393 1206 de
1402 1148 1558 1205 causahoc
1572 1149 1664 1205 ttoses
1674 1148 1864 1221 paradoxum

233 1225 271 1284 da
290 1240 323 1282 re
337 1222 456 1282 nullum
475 1225 591 1296 poterat
603 1236 666 1280 esse
680 1222 825 1294 dubium,
840 1238 909 1280 cum
931 1223 1024 1282 homo
1068 1231 1186 1300 statuat,
1196 1245 1252 1288 ncs
1263 1230 1383 1288 tandem
1395 1228 1461 1287 lucc
1470 1229 1642 1288 recentioris
1653 1231 1782 1288 scientia
1795 1230 1865 1288 illu-

231 1309 401 1368 adltuouon
415 1310 500 1365 esset·
563 1376 567 1388 ¹
1069 1313 1191 1386 minati,
1205 1315 1352 1390 explicare
1372 1315 1571 1390 possumus,§
1594 1317 1639 1372 at.
1660 1317 1696 1372 nt
1709 1320 1786 1372 certe
1799 1329 1863 1372 non

265 1396 410 1458 sudatur
430 1395 536 1454 iterum
558 1395 781 1453 Rosenmuller:
799 1399 901 1454 «Loco
914 1395 1024 1470 pluviae
1069 1402 1132 1456 erat
1143 1399 1276 1458 hertam
1289 1399 1380 1458 obvia
1392 1399 1566 1473 aovulgaris
1576 1398 1864 1471 cogitatic,utmen-

230 1480 447 1554 etirn'gationis
458 1483 624 1553 eratrapor
634 1480 678 1547 ed,
689 1495 751 1554 quo
765 1479 903 1537 universa
910 1479 1024 1538 telluris
1070 1479 1231 1540 tihcminis
1245 1483 1298 1556 qui
1311 1489 1386 1540 esset
1398 1483 1589 1557 physicarum
1602 1499 1702 1540 rerum
1721 1483 1863 1554 ignarus,

232 1565 401 1640 superficies
421 1562 603 1622 humetlebat
621 1577 658 1620 eo
681 1566 833 1638 tempore,
857 1578 918 1638 quo
941 1566 1024 1620 tenu
1067 1566 1119 1622 aut
1130 1567 1199 1623 rudi
1210 1567 1429 1641 mancipiorum
1445 1567 1548 1639 vulgo,
1567 1566 1630 1624 sine
1648 1566 1721 1624 lucis
1736 1566 1863 1624 caelestis

230 1652 375 1708 terrarum
386 1647 467 1705 orbis
479 1647 612 1722 primum
624 1649 846 1705 concreverat...
863 1650 1023 1720 uunquam
1067 1647 1227 1720 adiutorio,
1240 1665 1333 1724 perse
1344 1649 1430 1708 facile
1443 1649 1584 1723 affulgere
1593 1653 1768 1726 possetcur
1777 1650 1864 1724 plan·

232 1733 294 1791 sole
308 1747 386 1790 noro
399 1732 563 1788 lucescente
574 1732 743 1788 crearentur
758 1729 888 1803 pluvia,
902 1729 941 1786 ad
954 1744 1025 1802 pro-
1066 1731 1181 1804 teipso
1195 1737 1313 1790 auctore
1327 1737 1487 1808 anuqrmm
1500 1737 1579 1792 astra
1589 1734 1765 1807 adparerent
1777 1750 1864 1792 exor-

230 1815 372 1876 creandas
381 1818 410 1873 et
422 1814 640 1872 conservandas
652 1814 779 1888 plantas.
795 1831 809 1864 r
825 1811 913 1870 Addit
925 1826 998 1869 vero
1013 1829 1021 1867 :
1066 1816 1103 1870 ta
1114 1816 1205 1870 sunt?
1216 1818 1301 1874 Estne
1312 1816 1379 1874 talis
1393 1817 1528 1876 doctrina
1537 1817 1609 1884 brec,
1623 1832 1691 1891 quus
1704 1817 1736 1874 in
1748 1817 1864 1874 indocti

233 1896 729 1972 «Quodsupracap.r,tt,plantas
739 1895 1023 1967 divinoJ'ussuexor-
1065 1895 1195 1955 hominis
1214 1900 1308 1973 capita
1331 1904 1436 1974 sponte
1453 1917 1509 1958 sua
1528 1899 1664 1958 trutinare
1682 1906 1791 1975 queat,
1804 1901 1864 1958 nisi

229 1987 275 2041 tas
289 1981 374 2052 dixit,
386 1996 449 2039 non
460 1980 590 2038 excludit
602 1994 706 2037 causas
719 1977 885 2048 naturales,
899 1977 1020 2052 quibus,
1068 1981 1181 2054 «pluat
1199 1982 1339 2042 [lominus
1359 1985 1434 2040 [leus
1459 1984 1497 2042 de
1514 1984 1589 2041 coelo
1607 1999 1696 2058 super
1714 1983 1864 2041 »aridam

229 2069 373 2139 tanquam
385 2062 586 2122 instrumentis
599 2077 670 2119 usus
684 2061 721 2121 sit
731 2063 818 2120 neus.
832 2065 931 2136 Neque
945 2075 1022 2135 opus
1065 2063 1130 2135 ejus
1143 2068 1272 2122 menum
1286 2071 1315 2122 et
1328 2066 1430 2138 irriget
1446 2065 1551 2124 illamt
1564 2066 1600 2124 tis
1618 2065 1743 2139 quidem
1760 2066 1862 2123 verbis

229 2154 273 2208 est
290 2149 329 2207 ad
346 2148 435 2221 huius
451 2163 555 2205 versus
572 2148 590 2204 6
608 2145 755 2206 initiume
773 2145 917 2222 superiori
934 2159 1022 2218 repe·
1064 2145 1160 2221 iisque
1173 2147 1354 2220 imaginibus
1367 2153 1460 2208 ttoses
1479 2149 1589 2220 utitur,
1614 2165 1682 2223 quae
1703 2154 1799 2206 esseut
1820 2149 1862 2206 ad

228 2237 289 2292 tere
302 2231 432 2304 negandi
444 2229 631 2306 particulam.
644 2249 660 2286 a
675 2233 811 2287 tumverc
827 2229 850 2284 si
865 2229 949 2300 juxte
962 2229 1022 2285 lto-
1064 2229 1147 2300 vulgi
1161 2234 1282 2304 captum
1294 2233 1541 2302 accommodate,
1554 2235 1587 2289 ut
1600 2232 1705 2290 saltem
1717 2232 1863 2288 narratio-

228 2333 282 2376 sen
294 2318 389 2375 soluit
401 2319 496 2386 heus,
509 2321 543 2373 ul
555 2331 609 2388 per
621 2313 771 2372 naturales
785 2327 889 2370 causas
906 2315 957 2369 aut
977 2327 1021 2370 se·
1064 2310 1111 2368 nis
1125 2327 1187 2369 suaa
1199 2315 1337 2372 corticem
1350 2315 1458 2388 vulgus
1464 2320 1562 2374 lenem
1571 2331 1607 2372 ac
1616 2319 1733 2387 gustare
1741 2321 1860 2390 posset:

229 2399 311 2460 mina
331 2399 532 2474 germinarent
550 2401 601 2455 aut
623 2395 748 2454 surculis
770 2395 1019 2468 grandescerent:
1063 2409 1169 2454 vuum
1183 2396 1333 2469 medulla,
1348 2414 1415 2472 quae
1429 2398 1486 2457 sub
1509 2413 1544 2456 ec
1566 2399 1672 2456 cortice
1686 2397 1774 2469 latet,
1798 2402 1861 2456 tam

170 2537 174 2544 .
227 2500 311 2544 moer
323 2483 479 2543 historicus
493 2481 637 2539 dicendm
647 2483 690 2537 est
703 2495 764 2539 non
772 2477 897 2540 0²:lure
910 2477 1020 2538 indica·
1063 2477 1153 2551 longe
1166 2479 1250 2539 abest
1266 2485 1300 2539 ut
1318 2482 1432 2540 erudis
1446 2481 1528 2555 vulgi
1542 2498 1631 2539 sensu
1644 2484 1781 2541 haustam
1794 2499 1861 2540 sese

227 2584 272 2640 re,
286 2567 403 2626 tertium
413 2565 583 2624 huncdiem
596 2579 658 2622 non
666 2564 825 2639 periodum
833 2561 938 2636 viginti
948 2578 1020 2637 qua·
1063 2563 1192 2638 prodat,
1213 2579 1305 2638 quam
1325 2581 1345 2622 a
1364 2565 1614 2641 philosophorum
1628 2565 1707 2624 filius
1719 2565 1775 2622 oevi
1788 2566 1861 2624 doo-

227 2657 297 2710 tuor
309 2651 461 2720 horarum,
476 2649 530 2708 sed
548 2647 742 2722 longitudinis
758 2646 846 2704 ratde
858 2645 978 2718 maioris
991 2651 1021 2705 et
1062 2647 1147 2705 trinis
1160 2647 1311 2708 abhorret.

228 2736 316 2794 nobis
329 2736 437 2806 ignota
445 2733 544 2791 tuisse.
554 2730 711 2804 Quomodo
722 2729 811 2800 igitur
820 2728 901 2788 idem
910 2731 1020 2788 Rosen·
1099 2731 1198 2790 Obiter
1210 2731 1260 2790 hic
1268 2731 1435 2792 heeumihi
1444 2732 1687 2804 animadvertere,
1697 2748 1759 2792 non
1768 2749 1860 2808 posse

227 2819 337 2878 muller
348 2817 495 2877 affirmare
508 2816 618 2894 potuit,
629 2816 707 2875 hano
720 2813 837 2872 dierum
850 2812 1020 2885 genesiaca·
1062 2819 1125 2874 tam
1136 2815 1222 2873 tacite
1235 2816 1282 2876 his
1295 2816 1404 2874 nostris
1418 2817 1602 2890 temporibus
1616 2818 1720 2875 doctos
1732 2815 1814 2874 viros
1826 2817 1860 2876 in

226 2916 296 2962 rum
309 2902 578 2978 interpretationem
593 2915 655 2957 esse
668 2902 761 2956 matre
780 2913 868 2954 amaea
887 2901 1019 2970 interpre-
1062 2899 1162 2956 medio
1176 2900 1346 2971 consistere,
1361 2904 1395 2955 ut
1411 2915 1465 2959 nec
1485 2901 1559 2958 inter
1572 2899 1710 2974 physicas
1723 2899 1862 2958 scientiae

228 2985 307 3043 tardi
320 2987 388 3057 leues
406 2990 540 3060 totiusque
553 2986 722 3043 mannate
734 2983 867 3049 indolem,
884 2982 1020 3054 quidquid
1062 2987 1092 3040 et
1104 2982 1268 3042 mosaicam
1279 2983 1480 3042 mnasonem
1490 3025 1499 3055 ,
1521 2983 1653 3058 aliquam
1667 2983 1746 3041 viam
1760 2983 1861 3040 conci-

227 3069 301 3126 dleet
314 3071 481 3127 Bructerus?
503 3073 588 3127 ltstna
609 3072 712 3127 eontm
729 3065 820 3124 totius
842 3065 1018 3138 narrationis
1062 3063 1191 3124 hadonis
1201 3067 1279 3124 ultro
1292 3066 1459 3144 admittant,
1469 3080 1567 3140 nequo
1581 3066 1674 3137 illam,
1683 3063 1770 3140 quasi
1782 3065 1862 3124 anti·

226 3153 360 3211 indolem
368 3151 420 3211 illa
428 3153 637 3227 interpretatio,
648 3165 764 3226 qureex
775 3150 841 3224 ipsc
851 3149 1018 3207 narratione
1062 3163 1193 3223 quorum
1205 3153 1374 3224 temporum
1389 3149 1588 3221 ignorantiam
1604 3148 1768 3218 redoleret,
1788 3164 1861 3206 con·

226 3235 410 3295 deducitur?
428 3237 585 3308 Concedo,
604 3238 704 3294 ltoseu
722 3233 869 3294 inculcare
889 3231 1019 3291 soluisse
1061 3234 1203 3292 temnant.

229 3335 303 3378 «sex
311 3320 417 3379 dicbus
422 3321 632 3391 laborandum,
640 3318 766 3392 septimo
776 3314 1017 3392 quiescendum»
1097 3317 1263 3376 Redmmus
1276 3316 1317 3376 ad
1327 3331 1393 3391 cap.
1407 3318 1672 3395 1,utrinm,qua
1683 3321 1858 3392 remanent,

226 3405 445 3462 unonmhoo
457 3404 615 3473 deducam,
627 3399 847 3473 emussitata
859 3398 927 3458 loco
943 3400 1020 3471 ejus·
1063 3398 1519 3476 dierumoperapersequamur.

660 3709 738 3796 nn
772 3709 967 3796 ornan
1001 3706 1252 3810 ournrn
1287 3709 1422 3796 nrnr
1541 3687 1549 3708 '

796 3923 923 3986 (vm-
944 3921 1186 3978 11.15.18.
1207 3919 1287 3984 n.)

259 4123 314 4180 tv.
330 4118 496 4192 Deusjuhet
505 4121 539 4175 ut
548 4117 627 4175 «sint
640 4117 800 4175 luminaria
809 4116 841 4173 in
849 4114 1017 4172 extensione
1059 4116 1137 4183 pleat,
1150 4115 1184 4168 ut
1194 4116 1238 4169 est
1249 4111 1281 4169 in
1293 4111 1427 4184 Vulgata,
1439 4111 1500 4184 vel,
1512 4115 1547 4170 ut
1558 4111 1800 4187 lnllshrreo,elnt
1808 4117 1860 4194 (st.

225 4199 896 4278 coeli(veleoelorum),utdividantinlerdiem
908 4202 937 4257 et
948 4213 1018 4256 noo-
1059 4201 1214 4270 eutquum
1227 4195 1265 4254 de
1280 4196 1457 4255 luceaotum
1470 4201 1513 4254 est
1530 4197 1626 4256 dixit:
1640 4201 1691 4256 lue
1709 4198 1769 4275 sill.
1784 4202 1859 4260 llam

225 4293 298 4358 tem,
310 4292 339 4344 et
350 4288 409 4344 sint
419 4287 451 4344 in
463 4286 547 4359 sigua
558 4288 737 4359 temporum,
750 4285 867 4343 dicrum
880 4288 909 4340 et
925 4297 1017 4340 anno-
1059 4297 1135 4338 vers.
1150 4282 1185 4338 rc
1196 4295 1258 4337 non
1272 4280 1378 4338 dicitur
1392 4284 1503 4346 uomit,
1517 4282 1569 4340 sed
1582 4285 1650 4351 lectt
1664 4285 1735 4340 llere
1746 4285 1801 4342 due
1816 4288 1860 4342 lu-

225 4385 293 4430 rum
304 4371 360 4445 (rel
373 4371 405 4428 in
418 4369 503 4443 signa
512 4373 541 4426 et
551 4368 742 4442 tempora)...,
752 4367 955 4424 etilluminent
966 4383 1016 4423 su·
1059 4367 1180 4424 mlacriu
1191 4381 1290 4436 mgna
1303 4363 1361 4439 (vel
1375 4363 1511 4438 majora),
1521 4373 1547 4422 el
1558 4369 1653 4438 pontit
1663 4370 1694 4424 ln
1703 4371 1859 4428 colonione

224 4471 278 4530 par
289 4459 408 4512 terram.
420 4455 454 4510 Et
464 4453 506 4510 ila
516 4452 604 4509 tuit.»
616 4451 810 4509 Exteusiovel
820 4454 1017 4522 nemusculum
1059 4457 1129 4522 cult,
1148 4459 1180 4510 ut
1193 4455 1382 4509 illuminarent
1398 4467 1479 4526 super
1499 4457 1608 4511 τοποο..
1623 4457 1694 4524 Qua
1710 4458 1858 4532 loquendi

225 4556 302 4599 vars.
317 4543 335 4597 6
347 4544 376 4598 ct
388 4542 416 4608 l,
431 4539 567 4597 dividens
579 4551 673 4610 aquas
686 4534 725 4592 ab
745 4537 830 4609 aquis
843 4549 910 4591 aere
930 4549 1016 4590 oceu-
1058 4539 1134 4595 ratio
1145 4551 1209 4596 non
1223 4537 1316 4594 modo
1326 4552 1389 4594 non
1397 4535 1521 4612 impedit
1529 4538 1690 4610 quominus
1702 4541 1858 4600 materiam

225 4631 330 4698 patur,
342 4640 431 4696 super
442 4624 520 4679 hauc
533 4619 735 4678 extensionem
755 4619 898 4692 adparent
916 4621 1014 4674 astra:
1058 4620 1166 4678 horum
1180 4623 1328 4678 asnorum
1344 4620 1409 4691 jam
1428 4635 1448 4676 a
1467 4619 1613 4694 principio
1634 4627 1763 4680 creatam
1777 4625 1860 4682 dica-

224 4711 329 4753 vet'um
341 4694 473 4753 extensio
486 4691 551 4749 ssfflli
567 4697 675 4779 0ῗὲΐὲζῖ
688 4697 761 4786 W}
774 4689 823 4745 V⁰¹
835 4690 942 4746 0oel¹²¹1¹
956 4705 1014 4746 ⁰⁰²⁴·
1058 4719 1137 4776 mus,
1151 4704 1205 4762 sed
1214 4703 1303 4760 etiam
1312 4702 1570 4776 videturitaposse
1578 4704 1711 4778 intelligi,
1724 4711 1756 4763 ut
1767 4709 1857 4766 etiam

225 4791 334 4862 lorum,
346 4791 399 4848 ubi
410 4793 488 4847 astra
502 4793 580 4858 sunt,
594 4789 701 4846 aelhere
714 4789 830 4843 tantum
840 4785 979 4858 repletur.
1058 4796 1125 4848 ante
1139 4793 1278 4865 quartum
1292 4789 1373 4848 diem
1383 4793 1461 4847 astra
1474 4792 1540 4864 ipsa
1548 4793 1612 4862 jam
1622 4799 1719 4850 essent
1728 4793 1859 4854 formata

259 4877 289 4934 sl
301 4889 428 4950 corpora
440 4872 568 4931 coelestie
582 4875 689 4946 quarta
712 4870 760 4929 die
782 4877 873 4926 aeolo
893 4867 1016 4926 luissent
1058 4878 1147 4948 alque
1160 4873 1360 4947 perfecta,sed
1371 4888 1433 4930 non
1446 4879 1513 4932 ante
1527 4876 1608 4933 hunc
1621 4876 1701 4934 diem
1710 4879 1859 4952 adparue·

224 4959 490 5029 mandanarum
500 4971 562 5014 non
572 4959 657 5026 esset,
669 4954 1015 5032 inprincipiotemporis,
1058 4956 1117 5015 rint
1130 4958 1161 5014 in
1174 4956 1374 5027 firmamento,
1390 4973 1445 5014 nec
1459 4963 1526 5015 ante
1545 4974 1668 5018 munere
1687 4978 1706 5018 a
1724 4969 1857 5023 montore

225 5047 293 5101 ante
306 5059 425 5102 ornnem
447 5042 527 5100 diem
547 5042 640 5098 oretum
653 5039 711 5114 (vel
731 5037 830 5112 coelos)
845 5043 873 5096 et
890 5043 1015 5109 terram,
1059 5038 1116 5097 sibi
1127 5040 1271 5112 injuncto,
1284 5044 1317 5099 ut
1326 5045 1410 5098 terroe
1422 5039 1581 5099 luminaria
1594 5048 1703 5115 essent,
1717 5047 1858 5120 perfungi

225 5124 777 5193 ecihcetrerumuniversitatem,creata
783 5121 1016 5182 essealleotmi·
1058 5123 1209 5198 coeperint.
1223 5123 1252 5182 si
1263 5124 1327 5183 hmo
1338 5123 1497 5201 accipiatur
1508 5127 1684 5202 explicatio,
1699 5127 1776 5187 illud
1789 5134 1858 5200 tecit

225 5210 306 5268 nima
328 5211 408 5268 enim
422 5209 528 5267 mundi
541 5224 575 5266 uc
588 5206 717 5264 mutarim
730 5205 855 5264 coelestis
872 5205 971 5279 portio
984 5205 1016 5262 in
1057 5226 1114 5288 pro
1133 5216 1234 5282 feruet
1248 5217 1426 5286 usurpatum
1446 5211 1542 5271 dicere
1563 5214 1739 5275 deberemus
1744 5239 1753 5290 ;
1772 5223 1858 5292 quod

224 5295 370 5370 principio
385 5299 482 5352 creata
493 5293 605 5350 luisset.
619 5294 653 5349 Et
675 5307 706 5348 re
719 5290 842 5365 quidem
864 5305 934 5348 vera
954 5305 1016 5348 non
1058 5295 1223 5354 absurdum
1236 5301 1361 5367 nonest,
1373 5295 1551 5369 cumplures
1563 5301 1701 5372 praeteriti
1714 5305 1858 5378 temporis

225 5377 382 5438 adhibetur
390 5376 563 5436 hucinloco
576 5373 703 5436 verbum
713 5373 1017 5446 annuntiaturus
1056 5379 1169 5440 formas
1183 5379 1296 5439 llebreei
1309 5380 1342 5436 in
1357 5393 1412 5436 sua
1423 5379 1526 5451 lingua
1539 5397 1601 5438 nou
1613 5383 1753 5442 habeant.
