4088 6032
270 289 308 348 aa
789 279 1032 337 contumulant
1048 279 1082 335 ru
1099 273 1261 343 sususnl,
1278 291 1342 334 aaa.
1361 266 1383 332 l.

271 393 316 454 illi
329 411 361 452 sc
374 393 528 452 includens
549 388 727 456 immoritur,
747 400 783 442 ao
799 401 837 441 eo
850 384 971 442 evoluto
991 384 1065 442 revi-
1106 385 1143 442 do
1157 397 1263 438 somno
1275 381 1389 438 excitet.
1408 381 1448 436 lia
1461 379 1541 436 enim
1555 378 1619 436 avis
1638 376 1805 449 siguificare
1828 367 1904 434 solet

272 477 373 546 alsait,
387 473 595 546 conceptisquo
609 470 664 528 alis
677 469 711 525 iit
732 467 864 542 papilio,
877 469 907 524 et
919 467 1021 524 relicto
1033 466 1065 523 in
1107 466 1165 525 diei
1185 465 1330 536 surgentis
1354 467 1506 533 exortum,
1526 465 1555 518 et
1578 461 1749 518 effusiorem
1769 460 1904 517 diluculo

272 559 374 633 giorno
395 555 506 612 semine
525 553 634 612 avolat.
655 554 721 608 llaec
742 550 874 608 Basilius.
893 549 976 608 adde
996 565 1066 608 aves
1108 548 1221 608 deferre
1234 548 1506 618 latitiam;»idem,
1516 561 1583 619 cap.
1595 561 1613 600 v
1626 563 1633 602 :
1646 563 1661 598 a
1673 545 1832 613 Quomodo
1842 545 1905 614 ,ait,

271 641 346 700 mire
365 651 505 707 canoras,
529 636 704 710 psittacum,
724 633 888 704 merulam,
912 632 1066 704 regulum,
1107 633 1220 704 tuliore,
1233 649 1302 706 quae
1315 629 1627 689 marinodelectamiai
1641 629 1813 703 protunda,
1827 628 1907 685 reiu-

271 729 302 782 at
316 722 445 780 maxime
469 720 681 794 philomelam,
697 735 766 794 qum
781 719 892 793 pusilla
904 733 967 776 non
985 717 1068 776 aliud
1109 719 1218 788 gientes
1231 732 1324 791 quam
1335 714 1545 789 presenseritis
1560 714 1793 772 commotionem
1802 711 1905 783 maris,

271 821 336 864 esse
358 804 475 860 videtur
495 818 589 876 quum
612 819 691 873 vox,
718 804 779 861 imo
806 801 921 860 musica
947 802 986 860 de
1007 817 1069 874 qua
1109 802 1140 858 in
1153 800 1232 858 vado
1244 799 1365 858 luditisi
1378 801 1445 872 lpse
1459 799 1551 856 ardea
1560 812 1628 870 qum
1641 795 1805 869 paludibus
1815 795 1907 852 inlare-

271 889 300 946 S.
309 885 712 956 ambrosius,lib.v11eanm.
722 902 789 960 cap.
798 884 1068 955 xrrrallndemihi,
1109 899 1173 942 raro
1185 882 1351 952 cousuevit,
1372 886 1459 941 notas
1478 881 1585 940 deserit
1607 881 1709 952 sedes,
1734 879 1906 954 imbresque

271 970 328 1042 eit,
340 983 446 1028 vocem
457 968 585 1042 psittaci,
601 969 851 1044 dulcedinemque
865 967 1070 1026 merularum?
1109 966 1289 1036 tormldans,
1301 981 1393 1039 supra
1412 965 1508 1024 nubes
1528 965 1624 1037 volat,
1637 967 1672 1024 ut
1691 963 1837 1039 procellas
1851 979 1909 1020 nu·

272 1051 386 1110 Utinam
403 1051 507 1110 rutam
521 1050 656 1111 luscinia
666 1055 769 1124 oanat,
783 1067 852 1128 qua
873 1052 1071 1112 dormientem
1111 1049 1197 1107 bium
1210 1049 1320 1108 sentire
1332 1063 1395 1110 nou
1407 1049 1537 1123 possit.»

795 1289 856 1360 DE
882 1285 1042 1360 OPERE
1069 1286 1240 1361 SEXTAE
1265 1289 1379 1363 bllil.

155 1495 264 1544 smm·
309 1484 392 1539 Sexta
417 1479 480 1536 dies
501 1477 584 1535 dedit
605 1476 717 1534 incolas
739 1480 841 1547 terre,
865 1475 941 1534 slent
962 1475 1069 1550 quinta
1109 1477 1213 1534 creatae
1233 1475 1303 1532 suat
1317 1491 1325 1531 r
1340 1473 1405 1532 hec
1423 1473 1504 1531 enim
1518 1473 1680 1550 antipathia
1699 1479 1744 1534 est
1763 1477 1805 1534 eis
1822 1481 1910 1536 natu·

154 1557 217 1604 ⁶³¹³
239 1557 357 1628 ¹⁰dedit
370 1561 482 1622 incolas
495 1559 702 1636 aquaeetaeri.
717 1558 1068 1632 igniveronulliiueolae
1109 1558 1190 1617 ralis.
1203 1559 1385 1633 ltaqucaate
1398 1561 1552 1630 peceatum
1565 1557 1635 1617 lide
1648 1562 1754 1618 natura
1767 1559 1832 1634 lupi
1846 1565 1911 1620 erat

154 1622 206 1728 ’,ᾖ
231 1618 345 1726 {aaut
366 1646 427 1706 dati
448 1663 456 1702 a
477 1658 548 1702 nam
569 1657 624 1701 nec
646 1642 882 1712 salamandram,
905 1655 961 1701 nec
984 1641 1067 1701 aliud
1109 1640 1309 1714 imminuam,
1327 1642 1415 1716 eique
1438 1657 1542 1700 necem
1562 1641 1729 1701 intulisset:
1745 1643 1910 1702 lleitamen

155 1712 218 1788 rui
274 1732 428 1794 animalia
439 1729 509 1802 igne
520 1727 617 1786 vivere
631 1731 683 1784 aut
695 1727 803 1784 durare
815 1739 905 1800 posse
917 1725 1004 1784 docet
1015 1727 1069 1784 Ga·
1109 1725 1297 1799 providentia
1319 1726 1463 1800 cavisset,
1477 1740 1515 1782 aa
1536 1725 1569 1784 id
1592 1725 1675 1785 lieret
1692 1731 1759 1786 ante
1778 1729 1910 1801 speciem

273 1818 376 1888 lenna,
389 1814 444 1875 lib.
458 1815 491 1872 lll
511 1813 552 1870 lla
566 1813 806 1882 temperamentis,
820 1812 850 1868 et
868 1809 1067 1882 Dioscorides,
1110 1808 1180 1866 satis
1200 1813 1414 1884 propagatam,
1436 1811 1471 1866 ut
1493 1809 1546 1867 illa
1567 1825 1630 1868 non
1653 1811 1846 1870 intercideret.
1866 1815 1912 1871 lta

272 1901 327 1960 lib.
351 1902 392 1971 ll,
410 1913 477 1972 cap.
499 1910 563 1966 avr,
585 1893 641 1952 ubi
660 1894 815 1953 blathiolus
838 1893 880 1952 ait
892 1909 924 1953 se
936 1895 1068 1968 idipsum
1110 1894 1144 1950 ll.
1157 1893 1295 1959 ihomas,
1310 1895 1422 1964 laura,
1438 1893 1540 1960 Quasi.
1555 1896 1646 1965 billi,
1659 1899 1714 1952 art.
1734 1899 1764 1966 l,
1777 1896 1818 1953 ad
1829 1897 1866 1966 ι,
1880 1901 1912 1954 et

272 1989 427 2060 expertum
439 1995 518 2053 esse,
530 1993 565 2038 ac
578 1978 687 2036 multas
700 1977 904 2036 salamandras
918 1978 949 2034 in
967 1978 1068 2049 iguem
1110 1977 1138 2034 S.
1153 1977 1346 2048 Augustinus,
1362 1976 1414 2034 lib.
1429 1979 1461 2035 lll
1474 1979 1514 2034 lle
1528 1978 1621 2035 denes.
1642 1979 1680 2035 ad
1692 1981 1749 2036 litt.
1767 1993 1832 2054 cap.
1848 1995 1910 2052 avr,

272 2067 448 2143 conjecisse,
469 2078 538 2139 que
558 2062 643 2122 brevi
664 2065 846 2136 consumptae
859 2065 938 2119 suat.
953 2061 999 2120 Sic
1009 2077 1068 2136 py-
1110 2059 1177 2118 licet
1194 2059 1257 2134 ipse
1273 2061 1306 2118 id
1322 2061 1423 2134 ipsum
1439 2063 1593 2120 retractare
1610 2062 1745 2120 videatur
1757 2061 1811 2121 lib.
1831 2065 1911 2120 lite-

271 2155 379 2214 rausi-:e
399 2151 460 2208 sire
478 2147 658 2222 lamprides,
673 2162 741 2222 qua
752 2145 845 2220 paulo
857 2146 986 2218 majores
999 2147 1069 2203 sunt
1111 2149 1194 2201 tract.
1207 2159 1273 2217 oap.
1285 2159 1319 2213 x,
1334 2147 1424 2216 atrpre
1439 2160 1582 2214 asserere,
1596 2146 1637 2203 ad
1650 2146 1815 2204 naturalem
1829 2148 1912 2204 iasti-

272 2235 397 2306 muscis,
411 2237 527 2292 tantum
539 2231 580 2289 ad
592 2229 682 2288 breve
694 2233 813 2303 tempus
825 2229 930 2285 vivuat
937 2228 970 2286 in
982 2229 1050 2300 igne
1055 2246 1066 2300 3
1110 2226 1255 2284 tutionem
1272 2228 1436 2302 pertinere,
1448 2233 1483 2286 ut
1498 2227 1599 2286 herbis
1613 2245 1718 2287 omues
1731 2229 1831 2288 bestiae
1844 2245 1913 2288 ves-

271 2335 345 2380 nam
366 2319 399 2376 in
420 2314 592 2375 iornaoibus
606 2313 717 2372 erariis
730 2315 892 2370 nascuntur
904 2312 937 2369 in
949 2314 1068 2386 Cypro,
1111 2315 1225 2380 cantur,
1237 2311 1323 2381 J'uxta
1334 2309 1365 2367 id
1379 2311 1464 2386 quod
1475 2311 1583 2370 dicitur
1598 2312 1691 2372 denes.
1703 2331 1731 2386 1,
1741 2317 1792 2386 30;
1807 2331 1844 2373 ex
1855 2315 1912 2374 ho-

272 2405 305 2463 ia
317 2404 413 2475 iisque
425 2415 480 2475 per
490 2400 591 2470 ignem
603 2396 714 2456 saliunt
725 2400 755 2455 et
767 2393 941 2460 ambulant,
955 2400 984 2452 et
996 2409 1069 2453 mox
1111 2394 1200 2450 minis
1219 2399 1318 2451 autem
1341 2395 1543 2454 inobedientia
1563 2395 1675 2455 iactum
1697 2413 1760 2456 esse
1767 2440 1777 2471 ‚
1799 2403 1832 2456 ut
1845 2399 1913 2458 alim

272 2485 426 2545 aflamma
438 2479 589 2541 avolantes
599 2481 784 2540 emoriuntur
789 2521 799 2552 ‚
810 2477 855 2538 uti
863 2481 984 2539 testatur
992 2478 1069 2537 Aris·
1111 2476 1178 2536 aliis
1192 2478 1294 2536 sintin
1308 2479 1420 2537 eibum.
1433 2481 1515 2539 idem
1528 2486 1626 2540 censet
1640 2484 1783 2554 Pererius,
1792 2487 1821 2542 et
1831 2484 1910 2541 Abu·

274 2567 392 2639 tutelas,
406 2565 459 2624 lib.
474 2566 497 2621 v
510 2567 585 2622 litet.
600 2567 685 2622 onim.
700 2577 767 2638 cap.
778 2577 838 2622 xix.
1111 2561 1215 2634 tensis,
1228 2564 1261 2620 in
1271 2579 1337 2637 eap.
1352 2579 1421 2636 xru,
1435 2565 1489 2623 uhi
1498 2566 1563 2625 lusa
1573 2567 1636 2626 haee
1648 2573 1815 2644 pertractat.
1828 2569 1911 2630 idem

156 2665 215 2717 rea
227 2669 262 2712 n.
309 2654 356 2709 ιι.
380 2654 532 2709 Pronumr
552 2661 645 2708 aaran
665 2661 776 2706 suman
788 2661 944 2719 crusnam,
958 2645 1070 2705 -aai-
1110 2645 1228 2704 videtur
1249 2648 1357 2706 sentire
1379 2649 1536 2721 Gregorius
1558 2653 1722 2724 Nyssenus‚
1743 2657 1817 2712 orat.
1838 2656 1913 2711 ulle

274 2734 365 2795 maiia
385 2733 527 2804 viventla;
546 2735 591 2790 est
603 2731 797 2806 synecdoche.
811 2732 955 2804 Rursum,
972 2745 1071 2805 apro·
1111 2733 1301 2789 Procrectione
1311 2732 1437 2790 bominis.
1451 2734 1532 2792 ldem
1541 2735 1648 2794 diserte
1661 2737 1748 2796 docet
1761 2739 1910 2796 Juailius:

275 2820 364 2878 ducat
376 2821 496 2887 terra,n
520 2829 584 2873 nou
606 2815 692 2890 quasi
715 2829 804 2873 eausa
825 2815 954 2872 efficiens
977 2832 986 2871 r
1006 2815 1070 2872 haee
1115 2817 1186 2872 nEx
1198 2831 1235 2874 eo
1241 2857 1251 2887 ,
1274 2816 1329 2888 ait,
1354 2817 1440 2890 quod
1453 2817 1528 2876 dixit
1542 2821 1617 2877 lleus
1634 2823 1727 2880 :Ecce
1741 2821 1912 2882 dedicabis

275 2901 355 2958 enim
372 2898 428 2958 fuit
448 2897 531 2956 solus
544 2900 636 2970 Deua,
651 2898 704 2957 sed
716 2901 860 2972 tanquam
874 2913 964 2957 causa
977 2901 1070 2956 mate·
1113 2915 1233 2960 omnem
1255 2901 1396 2973 herbam,
1415 2906 1497 2978 patet
1510 2907 1594 2978 quod
1608 2907 1683 2964 nihil
1696 2907 1821 2966 noxium
1832 2913 1914 2967 terra

274 2983 372 3054 rialh,
392 2981 479 3057 quasi
495 2981 574 3040 dicat
588 2999 595 3038 :
610 2981 800 3053 moriantur,
815 2985 971 3053 emanant,
983 2996 1070 3040 exur·
1112 2985 1250 3060 protulit,
1274 2989 1302 3044 el
1322 2987 1438 3046 nullam
1457 2987 1582 3047 herbam
1595 2997 1786 3062 venenatam,
1800 2997 1828 3050 et
1841 2993 1914 3050 nul·

276 3071 361 3142 gant,
373 3067 520 3140 prodeant
532 3065 672 3125 animalia
681 3081 718 3124 ex
731 3071 808 3124 terra
822 3067 870 3139 (l).
1112 3069 1174 3129 lam
1193 3070 1332 3128 arborem
1351 3071 1489 3131 sterilem.
1505 3075 1640 3142 Secundo,
1666 3076 1751 3150 quod
1766 3091 1820 3134 nec
1839 3077 1914 3150 ipsse

156 3173 192 3219 Δ,
217 3181 264 3215 om·
314 3151 445 3222 Quaeres,
460 3165 500 3210 an
521 3165 625 3208 omnes
638 3151 762 3211 omnino
781 3150 956 3209 animalium
968 3153 1073 3209 terres·
1114 3155 1746 3231 avesraptuinllrruorumalitumvivebant,
1758 3161 1913 3235 neclupus

156 3226 266 3337 ”ghffi'
277 3234 368 3376 trigas
382 3235 493 3376 spegies
505 3235 564 3293 hoo
577 3240 659 3295 sexto
673 3235 722 3293 die
734 3251 754 3294 a
765 3237 825 3293 lleo
839 3235 897 3292 siat
909 3234 1037 3373 ereatssi
1114 3237 1236 3296 insidias
1255 3237 1430 3312 explorabat
1452 3241 1542 3300 ovilia
1564 3241 1676 3299 circum
1683 3285 1693 3315 ,
1715 3259 1770 3300 nec
1784 3245 1913 3320 serpenti

220 3323 557 3375 -eson'
836 3319 1865 3357 '''‘'·'·''

156 3333 1074 3477 arn.assiamipiiiididistiiiliii'lili
1114 3323 1914 3470 llll}diuturnitatiiiiiii.llli‘iti

169 3467 261 3522 Μ’
278 3497 398 3555 genae,
411 3484 444 3540 id
457 3489 516 3555 est,
540 3499 607 3559 quae
620 3499 674 3558 per
687 3484 930 3543 commixtionem
941 3485 1033 3542 maris
1045 3487 1074 3542 et
1115 3503 1184 3549 rum
1206 3489 1305 3561 prius,
1329 3491 1414 3565 quod
1435 3491 1512 3564 dixi,
1537 3497 1581 3551 est
1602 3494 1710 3553 verius.
1726 3499 1845 3570 musae,
1860 3515 1915 3556 eur

277 3566 395 3624 lemine
408 3582 445 3624 ex
457 3583 519 3625 uua
531 3571 647 3626 tantum
660 3568 756 3641 specie
767 3568 849 3626 nasci
861 3573 1002 3642 possunt,
1016 3568 1074 3625 hoo
1115 3577 1261 3630 venenata
1281 3575 1386 3633 crearit
1404 3577 1494 3648 Deus,
1517 3582 1586 3636 sunt
1602 3597 1609 3636 :
1625 3583 1731 3651 prima
1745 3585 1778 3638 ut
1796 3583 1916 3639 univer·

278 3652 327 3709 die
346 3665 409 3708 essa
424 3655 536 3708 creatas
555 3670 563 3709 r
584 3651 625 3712 ita
644 3653 755 3725 passim
775 3653 883 3711 docent
902 3655 1074 3728 interpretes
1117 3671 1184 3715 sum
1206 3658 1347 3716 omnihus
1366 3675 1467 3717 rerum
1480 3662 1638 3734 generibus
1658 3669 1733 3721 esset
1746 3666 1913 3738 integrum3

277 3738 308 3792 et
319 3733 500 3793 Scholastioi.
514 3735 549 3792 ut
565 3734 727 3809 probatur,
741 3735 812 3808 quia
829 3735 887 3794 hoe
904 3734 1076 3810 requirebat
1116 3742 1250 3814 secunda,
1268 3747 1302 3800 ut
1319 3757 1358 3800 ex
1370 3743 1407 3799 iis
1428 3743 1603 3804 elucesceret
1624 3747 1753 3805 aliorum
1770 3747 1912 3808 bouitas:

276 3817 418 3894 perientio
441 3818 582 3876 universi.
611 3820 687 3877 lieus
707 3821 788 3878 euim
809 3818 889 3877 hisee
904 3833 955 3876 sex
968 3818 1075 3878 diebus
1117 3822 1234 3882 bonum
1252 3827 1332 3884 euim
1352 3826 1434 3884 malo
1452 3829 1625 3902 oppositum
1639 3833 1794 3904 elucescit3
1810 3839 1913 3901 terlio,

277 3903 451 3961 uuiversum
475 3902 532 3960 boo
553 3900 679 3976 perlecta
701 3902 835 3962 condidit
855 3906 885 3962 et
902 3903 1074 3974 exornavit3
1117 3909 1310 3984 quiaipsaad
1318 3910 1515 3968 medicinaset
1524 3913 1563 3971 ad
1573 3914 1647 3971 alios
1655 3931 1727 3972 usus
1738 3917 1821 3974 utilia
1833 3925 1913 3976 suat.

278 3987 360 4046 undo
377 3986 509 4058 sequitur
527 3999 596 4043 eum
610 3985 691 4044 hisee
709 4001 762 4046 sex
783 3985 889 4045 diebus
910 3987 1029 4060 omnia,
1043 3988 1077 4046 id
1118 3993 1164 4052 Slo
1176 3995 1256 4052 enim
1269 4009 1307 4051 ex
1317 3994 1421 4068 vipera
1440 3993 1474 4054 fit
1495 3995 1634 4056 theriaca.
1650 3999 1691 4057 lta
1705 4003 1913 4078 damascenus,

279 4074 322 4128 est
345 4069 481 4160 omnium
501 4081 601 4126 rerum
613 4069 740 4144 species,
754 4084 877 4128 creasse.
897 4075 990 4146 litque
1007 4072 1077 4130 hinc
1118 4077 1172 4136 lib.
1188 4080 1211 4135 ll
1225 4081 1264 4135 lle
1284 4079 1368 4146 Fide,
1391 4095 1456 4154 cap.
1480 4095 1546 4138 xxv.
1566 4083 1637 4141 vide
1650 4085 1678 4142 S.
1697 4089 1912 4162 angustinum,

279 4152 388 4248 dicitur
406 4155 532 4224 sapnmo
551 4151 600 4248 die
622 4167 765 4226 cessasse,
778 4153 887 4213 scilieet
899 4170 1076 4216 annuarum
1119 4161 1173 4220 lib.
1189 4163 1200 4219 l
1215 4163 1255 4218 De
1269 4161 1364 4220 Genesi
1376 4171 1471 4221 contra
1485 4165 1667 4240 Manicloeos,
1682 4184 1740 4228 avr.

280 4234 660 4330 specremmproduclrone.
1156 4246 1224 4303 ilice
1248 4250 1346 4316 tertio,
1366 4247 1482 4306 minuta
1503 4250 1642 4308 animalia
1655 4269 1724 4327 quae
1736 4272 1774 4314 es
1788 4257 1898 4317 sudore

177 4334 253 4382 assata
317 4321 386 4376 llrco
408 4317 537 4414 secando,
552 4325 765 4394 consequenter
776 4323 835 4382 hoc
848 4326 931 4382 sexto
951 4325 999 4382 die
1013 4341 1078 4384 om.
1120 4329 1305 4388 exhalatione
1318 4333 1369 4386 aut
1381 4331 1592 4403 putrefactione
1610 4342 1787 4413 nascuntur,
1801 4343 1845 4399 uli
1858 4305 1913 4418 pui
1930 4293 2041 4410 galiaeae:

159 4397 269 4501 anag
280 4418 334 4461 nes
345 4403 446 4460 besua
457 4407 616 4473 venenatae,
629 4410 662 4462 ut
670 4414 830 4481 serpentes,
840 4411 869 4466 et
881 4407 938 4465 sibi
951 4407 1078 4470 invicem
1119 4413 1205 4484 lices,
1220 4429 1318 4472 mures
1335 4414 1444 4488 aliique
1458 4417 1626 4494 vermiculi,
1641 4437 1703 4480 non
1720 4423 1840 4483 luerunt
1857 4429 1913 4486 lrcc
1928 4415 2040 4462 ²i⁰¹¹0¹¹³

173 4469 257 4568 ὣ,
281 4486 409 4546 inimice
429 4499 465 4544 ao
486 4488 661 4559 carnivorae,
682 4493 715 4547 ut
736 4491 826 4564 lupus
839 4495 868 4550 el
881 4491 959 4562 ovis,
975 4499 1078 4551 ereata
1120 4503 1202 4555 sexto
1220 4498 1268 4555 die
1290 4502 1387 4556 creata
1399 4499 1578 4575 formaliter,
1592 4505 1645 4563 sed
1659 4511 1872 4586 potentialiter,
1886 4519 1914 4572 ct
1932 4489 1994 4583 13¹1?
1996 4483 2040 4583 Ἡ

279 4576 367 4642 suut,
389 4569 525 4643 adeoque
544 4585 612 4627 cum
634 4571 690 4630 hac
707 4574 861 4634 inimicitia
874 4581 903 4633 et
915 4577 1078 4652 antipathia
1121 4582 1206 4655 quasi
1228 4581 1260 4638 in
1281 4581 1416 4640 seminali
1436 4585 1984 4662 rationa3quiescillcetillaani-1100
2027 4601 2040 4646 ι

1120 4667 1209 4724 malla
1219 4666 1277 4723 hoc
1291 4666 1339 4724 die
1352 4671 1449 4726 creata
1461 4675 1540 4742 sunt,
1549 4687 1586 4730 ex
1597 4690 1728 4748 quorum
1741 4685 1819 4738 certa
1830 4683 1916 4742 affec·
1955 4668 2040 4710 “⁸⁸²¹

312 4773 349 4840 (ll
362 4769 410 4824 liic
421 4771 551 4824 terrestria
565 4773 684 4826 animalia
694 4773 722 4826 in
740 4781 793 4828 tres
808 4775 958 4830 dividuntur
974 4781 1078 4848 claues,
1119 4751 1214 4847 ϋοῃθ)
1227 4751 1291 4810 hae⁰
1304 4753 1476 4811 naturaliter
1489 4761 1573 4813 emm
1583 4760 1732 4818 ⁰¹⁰¹'stum
1744 4781 1751 4818 ²
1763 4763 1805 4822 “a
1817 4767 1844 4822 S·
1860 4774 1918 4825 Au·

281 4855 390 4908 quarnm
401 4843 594 4906 primanemlne
605 4855 697 4910 mm
709 4849 858 4914 appellatur,
868 4865 928 4916 quc,
942 4851 986 4903 ubi
996 4854 1077 4904 solum
1121 4839 1271 4908 ssUStfflllSs
1285 4836 1339 4893 lib·
1354 4837 1387 4893 ¹¹1
1410 4841 1450 4894 9²
1462 4839 1554 4897 Geni&
1571 4841 1607 4898 ad
1622 4845 1680 4901 Im·
1695 4861 1759 4919 eal)-
1776 4864 1835 4921 W,
1852 4851 1920 4912 Ῑῑθθῐ

280 4914 387 4978 leprae,
411 4913 508 4966 emtam
531 4917 688 4980 signiacum
714 4920 833 4983 quodvis,
854 4929 883 4971 aa
911 4929 1078 4976 arteriasue
1121 4922 1560 4984 contrariumdoceravideatur
1570 4929 1597 4985 S.
1608 4929 1789 4990 Basiliusbie
1804 4937 1874 4996 ion.
1890 4942 1917 4996 7.

279 4985 424 5048 quadrupes
446 4986 499 5037 vivi
516 5001 605 5053 parum
625 4990 759 5054 aliquanta
777 4993 868 5054 molis3
884 5000 911 5044 at
927 4996 1028 5058 quando
1044 5005 1078 5068 :p
1120 5008 1201 5065 Certe
1214 5008 1328 5083 pulices
1350 5013 1378 5066 ep
1396 5009 1718 5090 simp1osv0rm05‚qui
1734 5019 1797 5089 jam
1816 5021 1847 5078 in
1866 5023 1921 5080 ho-

278 5060 1079 5199 ffgffiwffig'r‘ohsffij(jn‘ffggffzysfjeffgflzzzssal‘fssffffi
1121 5091 1253 5150 minibus
1267 5097 1354 5164 sunt,
1368 5098 1436 5152 tunc
1451 5096 1558 5167 creari,
1571 5103 1751 5158 contrarium
1765 5103 1868 5162 luisset
1879 5106 1922 5164 ie·

275 5203 362 5276 'qenais
374 5204 411 5249 est
424 5209 507 5271 arpa,
519 5216 584 5267 quc,
605 5203 760 5256 discriminis
772 5219 861 5270 causa,
881 5207 981 5272 reptilia
1003 5209 1078 5260 intel·
1121 5175 1263 5234 licissmm
1279 5177 1454 5236 mmmm
1468 5182 1565 5239 smmi·

281 5266 442 5346 llpl'deieut.
461 5273 533 5332 Quod
553 5275 675 5326 vocabulo
691 5283 748 5335 nvn
769 5277 894 5327 adnexum
916 5285 953 5327 est
965 5285 994 5350 r,
1008 5289 1079 5346 para·
1158 5263 1246 5331 Nom>
1260 5261 1292 5317 5¹¹
1313 5264 1412 5334 Pfll'l'is
1434 5267 1613 5324 animalibus
1634 5285 1738 5344 ae‘lues
1752 5276 1780 5328 οἳ
1793 5273 1925 5333 SUblssdfl

280 5349 402 5406 engrano
419 5348 469 5408 est,
481 5343 529 5396 nist
542 5345 610 5410 quod
622 5359 694 5396 mora
711 5347 813 5410 sariaco
827 5347 960 5399 redundat.
1123 5344 1218 5416 magis
1231 5345 1343 5404 claruere
1359 5352 1609 5421 magnificentiam
1621 5355 1680 5426 liei,
1691 5359 1780 5429 atque
1795 5358 1826 5414 in
1840 5373 1928 5431 map-
