4194 6034
278 327 332 385 66
433 297 437 309 “
751 329 995 390 comparante
1012 329 1221 400 66666661,
1240 331 1422 391 1611661.

277 447 347 491 cum
360 432 461 493 laban
479 445 583 491 socero
593 446 668 504 666,
688 429 769 491 unde
791 433 889 492 eidem
910 449 949 491 ex
960 434 1066 494 iisdem
1110 437 1187 494 11666
1208 452 1275 496 6616
1292 439 1493 510 conservaret,
1510 437 1642 498 11616161
1659 443 1688 498 61
1706 441 1900 516 perpetuaret

276 515 447 578 cenuvium
455 516 602 575 instruxit.
624 515 707 575 Hisce
719 531 791 590 ergo
811 515 937 575 victimis
957 519 1066 589 gratias
1145 524 1191 580 111.
1205 523 1365 592 61116611,
1379 538 1547 581 -summo
1560 537 1658 582 mane.
1914 535 2007 582 vesu

277 599 437 673 6311166611
450 602 509 662 nco
521 615 578 674 pro
589 615 663 674 pace
675 599 763 672 inita,
776 600 926 676 simulque
937 600 1021 675 petiit
1032 607 1067 660 ut
1145 605 1176 664 ln
1188 617 1283 664 166611
1293 619 1382 677 saur,
1390 635 1427 650 -
1436 605 1468 664 in
1478 607 1584 666 116166.
1659 633 1664 645 ·

571 937 776 1046 CAPUT
819 939 1219 1048 TRIGDDIMDM
1259 943 1606 1052 SECUNDUM.

885 1175 1092 1240 SYNOPSIS
1111 1175 1290 1240 ctrlris.

273 1361 353 1420 16161
365 1359 437 1420 cidit
450 1362 529 1418 11661
541 1359 698 1433 coactorum
710 1361 800 1428 66166,
813 1360 868 1416 sibi
879 1361 911 1414 16
924 1360 1038 1418 artetum
1050 1377 1070 1418 6
1079 1362 1136 1419 lico
1147 1360 1304 1421 6116111661.
1318 1363 1452 1431 Secundo,
1466 1381 1537 1424 cers.
1548 1369 1581 1437 3,
1591 1371 1711 1425 metum
1723 1369 1904 1437 1161161661

427 1475 488 1518 666
498 1473 613 1518 macae
621 1459 722 1516 mittit.
735 1458 924 1528 1661166616.
938 1457 991 1525 tt,
1004 1473 1066 1514 cum
1079 1459 1174 1531 666616
1186 1460 1316 1518 luctando
1326 1463 1459 1533 prevalet
1463 1501 1474 1533 ,
1487 1468 1515 1520 ct
1527 1467 1640 1520 6666116
1652 1464 1750 1522 iuuet.
1830 1511 1834 1518 .

318 1659 351 1727 1.
370 1657 471 1728 Jacob
483 1679 617 1750 666666
629 1655 709 1726 abiit
721 1654 839 1724 itinera
855 1676 924 1746 quo
939 1662 1103 1747 coeperat:
1124 1656 1326 1748 fueruntque
1345 1657 1377 1724 ei
1395 1656 1526 1726 obviam
1539 1659 1649 1747 angeli
1661 1659 1733 1728 Dei.
1756 1662 1790 1730 2.
1810 1663 1901 1744 Quos

272 1787 350 1836 cum
361 1765 517 1849 vidisset,
531 1764 601 1833 ait:
620 1761 734 1832 Castra
745 1761 806 1830 Dei
817 1771 896 1830 sunt
908 1761 999 1848 baec,
1018 1770 1051 1832 et
1067 1762 1246 1854 appellavit
1257 1783 1379 1832 nomen
1390 1761 1456 1830 loci
1468 1762 1561 1832 illius
1571 1762 1780 1853 Mabaneim,
1801 1766 1837 1836 id
1854 1777 1902 1838 661

273 1871 396 1944 Castra.
416 1873 449 1944 3.
464 1871 554 1940 Misit
565 1878 676 1940 autem
689 1878 724 1940 et
734 1869 870 1940 6661166
886 1877 963 1938 6616
978 1892 1014 1938 66
1029 1868 1072 1939 ad
1090 1869 1177 1938 Esau
1194 1869 1329 1939 fratrem
1346 1869 1497 1938 suumin
1510 1877 1630 1938 terram
1644 1869 1729 1957 Scir,
1745 1872 1782 1942 in
1794 1875 1901 1964 regio·

273 2006 349 2053 nem
360 1983 487 2054 Edom:
503 1981 537 2048 1.
551 1977 771 2072 praecepitque
783 1975 842 2060 eis,
856 1973 1389 2066 116666181616661161611661166
1403 1996 1476 2043 meo
1490 1975 1577 2044 Fsau
1592 2000 1599 2042 :
1615 1976 1694 2044 Haec
1707 1977 1787 2046 dicit
1799 1977 1900 2047 irater

272 2099 351 2160 tuus
362 2089 473 2158 Jacob.
494 2085 595 2178 Apud
615 2081 727 2153 Laban
746 2083 975 2184 peregrinatus
990 2102 1087 2166 sum,
1107 2081 1208 2149 61161
1225 2103 1329 2172 usquc
1346 2081 1382 2148 16
1399 2089 1591 2172 praesentem
1609 2081 1709 2150 diem.
1730 2083 1763 2152 5.
1786 2083 1899 2153 Habeo

271 2195 390 2281 boves,
404 2202 438 2263 et
449 2192 579 2276 asinos,
598 2198 632 2260 et
648 2211 745 2273 oves,
758 2196 793 2257 et
803 2209 935 2272 servos,
950 2194 985 2257 et
996 2187 1131 2255 ancillas
1147 2211 1155 2253 :
1177 2185 1338 2278 mittoque
1355 2179 1445 2255 nunc
1461 2185 1658 2275 legationem
1671 2187 1713 2256 ad
1725 2187 1898 2257 dominum

271 2325 396 2386 meum,
410 2308 450 2370 ut
460 2299 628 2369 inveniam
640 2296 780 2386 gratiam
794 2295 830 2362 in
842 2302 1015 2383 conspectu
1028 2302 1098 2362 tuo.
1120 2292 1154 2362 6.
1170 2291 1371 2383 Reversique
1388 2300 1466 2362 eunt
1486 2292 1597 2361 nuntii
1608 2293 1651 2362 ad
1662 2291 1775 2379 Jacob,
1789 2293 1900 2363 dicen·

271 2418 320 2480 tes
334 2435 343 2477 2
357 2407 521 2478 Venimus
532 2405 573 2473 ad
586 2405 673 2472 Esau
686 2402 820 2471 11611616
833 2409 943 2485 16616,
958 2407 991 2466 61
1002 2421 1073 2467 ecce
1087 2406 1240 2491 properat
1254 2399 1313 2467 tibi
1327 2398 1363 2466 in
1376 2419 1549 2466 occursum
1561 2419 1638 2467 cum
1650 2399 1899 2490 quadringentis

271 2513 363 2584 viris.
380 2515 412 2581 7.
428 2510 555 2580 Timuit
564 2509 664 2578 Jacob
677 2507 785 2592 valde,
799 2513 832 2576 61
843 2505 1036 2596 perterritus
1046 2503 1160 2574 divisit
1172 2503 1334 2596 populum
1347 2504 1407 2597 qui
1419 2527 1530 2574 secum
1542 2513 1623 2591 erat,
1638 2527 1753 2595 greges
1765 2529 1898 2598 quoque

271 2627 304 2690 et
316 2639 406 2703 oves,
420 2626 453 2688 et
464 2618 577 2702 boves,
591 2624 624 2684 ct
636 2613 776 2683 camelos
787 2612 824 2681 in
836 2611 919 2680 duas
930 2619 1070 2698 turmas,
1083 2611 1116 2681 8.
1132 2609 1261 2679 dicens:
1280 2610 1318 2680 Si
1330 2611 1457 2680 venerit
1469 2611 1555 2680 Esau
1568 2610 1610 2679 sd
1623 2633 1724 2680 unam
1737 2621 1893 2698 turmam,

270 2733 304 2794 et
314 2722 510 2816 percusserit
522 2743 614 2806 eam,
628 2721 695 2790 alia
705 2726 836 2803 turma,
855 2739 931 2810 quse
945 2715 1074 2808 reliqua
1087 2723 1155 2802 est,
1169 2715 1362 2785 salvabitur.
1382 2716 1416 2784 9.
1432 2715 1588 2808 Dixitque
1599 2717 1699 2785 Jacob
1716 2742 1723 2785 :
1739 2717 1827 2788 Deus
1838 2743 1896 2812 pa-

270 2830 330 2900 tris
343 2829 409 2898 mei
421 2827 610 2911 Abrabam,
625 2834 658 2894 et
669 2825 756 2892 Deus
768 2823 870 2915 patris
883 2822 947 2892 mei
959 2823 1070 2891 lsaac:
1090 2822 1247 2906 Domine,
1268 2823 1327 2914 qui
1340 2821 1451 2890 dixisti
1464 2821 1547 2890 mibi
1564 2847 1572 2890 :
1594 2821 1768 2893 Revertens
1782 2824 1820 2894 in
1831 2834 1896 2895 ter·

270 2958 342 3006 ram
354 2944 463 3020 tuam,
478 2933 559 3002 etin
571 2932 681 3000 locum
693 2930 873 3000 nativitatis
886 2936 970 3013 1616,
985 2937 1019 2996 61
1030 2929 1231 2996 benefaciam
1244 2929 1304 2998 tihi
1319 2953 1327 2996 ε
1345 2929 1399 2997 16.
1416 2927 1525 2996 611661
1537 2951 1612 2998 sum
1624 2932 1750 3000 cunct'ts
1762 2933 1896 3005 misera·

268 3041 415 3112 tionibus
427 3037 512 3123 tuis‚
527 3046 561 3108 et
572 3037 709 3106 veritate
722 3043 780 3103 tua
792 3056 894 3127 quam
907 3033 1079 3125 explevisti
1092 3055 1187 3103 servo
1200 3041 1270 3104 166.
1285 3035 1324 3102 16
1337 3035 1454 3102 baculo
1468 3057 1541 3104 meo
1558 3037 1697 3105 transivi
1716 3037 1894 3110 Jordanem

269 3147 390 3231 istum,
408 3153 442 3216 et
459 3165 549 3214 nunc
564 3163 642 3212 cum
658 3141 789 3210 duabus
804 3139 926 3208 turmis
944 3139 1124 3230 regredior.
1147 3141 1200 3208 ll.
1223 3139 1311 3208 Erue
1329 3163 1381 3208 me
1398 3137 1439 3208 de
1457 3162 1559 3208 manu
1575 3141 1686 3210 fratris
1705 3145 1769 3213 mei
1784 3145 1893 3234 Esau,

268 3253 348 3346 quic
364 3253 460 3322 valde
480 3272 558 3320 eum
576 3249 701 3319 timeo:
723 3269 766 3316 ne
785 3246 869 3314 forta
886 3244 1023 3314 veniens
1035 3244 1196 3336 percutiat
1214 3253 1351 3314 matrem
1369 3267 1445 3312 cum
1463 3244 1553 3314 filiis.
1576 3247 1628 3314 11.
1645 3247 1697 3316 Tu
1714 3248 1843 3320 locutus
1859 3275 1894 3322 es

267 3357 356 3451 quod
367 3349 573 3427 benefaceres
585 3354 668 3424 mihi
681 3361 715 3422 et
726 3353 880 3422 dilatares
891 3373 1003 3420 semen
1017 3373 1129 3420 meum
1142 3351 1227 3420 sicut
1240 3373 1373 3420 arenam
1384 3350 1496 3436 166116,
1510 3373 1586 3442 quae
1598 3373 1667 3442 prae
1680 3354 1893 3427 multitudine

267 3463 436 3533 numerari
450 3485 517 3532 non
531 3469 647 3552 potest.
668 3459 721 3528 13.
737 3459 889 3550 Cumque
900 3457 1073 3526 dormisset
1084 3457 1133 3525 ibi
1146 3465 1240 3526 nocte
1253 3456 1331 3541 illa,
1350 3456 1513 3548 separavit
1524 3455 1566 3524 de
1578 3457 1630 3524 his
1642 3481 1717 3549 quae
1731 3459 1890 3549 babebat,

266 3589 406 3636 munera
421 3567 509 3636 Esau
526 3564 622 3635 116111
638 3584 723 3632 suo:
747 3561 801 3630 11.
823 3584 938 3654 capras
955 3562 1133 3646 ducentas,
1152 3562 1260 3631 hircus
1276 3561 1416 3650 viginti,
1437 3581 1514 3631 oves
1532 3561 1707 3649 ducentes,
1728 3574 1761 3634 et
1776 3569 1892 3638 6116166

266 3671 406 3760 viginti,
422 3671 476 3740 15.
499 3667 640 3739 camelos
651 3666 745 3736 foetas
757 3687 834 3733 eum
848 3666 949 3757 pullis
961 3668 1031 3735 suis
1044 3667 1201 3756 triginta,
1216 3689 1329 3736 vaccas
1342 3667 1576 3759 quadraginta,
1591 3677 1623 3737 61
1637 3678 1747 3741 tauros
1759 3674 1891 3763 viginti,

266 3777 373 3845 asinas
385 3773 521 3864 viginti,
535 3782 569 3843 61
580 3771 691 3864 pullos
701 3791 816 3840 earum
830 3770 953 3840 decem.
977 3771 1030 3840 16.
1051 3772 1094 3841 Ε1
1107 3772 1197 3841 misit
1208 3795 1268 3865 per
1280 3797 1399 3842 manus
1411 3796 1582 3844 servorum
1595 3797 1733 3845 suorum
1745 3779 1893 3869 singulos

265 3903 411 3950 seorsum
424 3902 558 3969 greges,
575 3876 726 3968 dixitque
738 3875 850 3968 pueris
861 3875 930 3945 suis
945 3898 954 3944 ι
974 3877 1165 3946 Antecedite
1179 3900 1253 3963 ma,
1276 3885 1309 3946 et
1321 3878 1363 3947 sit
1375 3879 1518 3970 spatium
1531 3879 1617 3948 inter
1628 3903 1762 3970 gregem
1774 3893 1808 3954 et
1818 3907 1892 3974 gre-

264 4009 351 4076 gem.
369 3987 422 4054 17.
438 3985 480 4054 lit
492 3981 646 4078 praecepit
658 3981 779 4075 priori,
793 3981 927 4052 dicens:
946 3981 985 4052 Si
996 3983 1131 4052 obvium
1145 3983 1301 4053 habueris
1314 3985 1448 4054 11611661
1461 4008 1573 4054 166616
1587 3985 1692 4073 Esau,
1708 3989 1892 4061 611616116-

263 4091 454 4180 geraritica
468 4089 572 4182 Cujus
584 4093 638 4160 661
652 4096 723 4175 661,
737 4087 812 4170 066
824 4087 937 4157 vadis?
949 4095 1024 4174 aut,
1038 4087 1143 4179 Cujus
1154 4098 1233 4159 sunt
1246 4089 1391 4181 istaquae
1400 4091 1567 4182 sequeris?
1583 4092 1637 4159 18.
1654 4096 1863 4184 respondebis
1880 4123 1888 4164 :

264 4196 359 4266 Servi
372 4196 423 4266 tui
434 4195 554 4283 Jacob,
571 4192 1169 4266 1666616161611116161666166116661
1190 4195 1259 4287 ipse
1271 4219 1406 4288 quoque
1417 4204 1492 4286 post
1503 4217 1564 4266 nos
1576 4199 1679 4267 venit.
1696 4199 1749 4268 19.
1766 4199 1892 4270 Simili·

263 4312 314 4372 ter
326 4302 415 4373 dedit
427 4299 755 4382 6166661666666116,
773 4307 807 4368 61
825 4299 939 4385 161116,
956 4293 991 4370 61
1008 4299 1135 4369 6666116
1153 4301 1213 4391 661
1225 4302 1447 4393 sequebantur
1464 4325 1595 4393 greges,
1616 4304 1751 4374 dicens:
1770 4305 1890 4378 Iisdem

262 4409 372 4478 verbis
384 4405 561 4500 loquimini
574 4405 615 4474 ad
628 4405 737 4489 Ε666,
751 4426 828 4473 cum
841 4405 1034 4473 inveneritis
1046 4427 1136 4474 eum.
1156 4407 1211 4474 10.
1232 4407 1273 4475 Et
1284 4406 1409 4477 addetis
1425 4433 1433 4476 :
1453 4409 1526 4501 Ipse
1538 4433 1671 4502 quoquc
1684 4422 1891 4483 6611661666

261 4511 361 4582 Jacob
373 4513 437 4582 iter
447 4519 597 4582 nostrum
610 4509 816 4600 insequitur3
835 4508 921 4580 dixit
931 4509 1045 4578 enim:
1066 4509 1207 4579 Placabo
1220 4511 1318 4582 illum
1333 4513 1528 4582 muneribus
1545 4537 1622 4606 quae
1633 4517 1842 4608 praecedunt,
1857 4530 1890 4588 et

261 4629 372 4710 postea
387 4617 506 4710 videbo
522 4615 642 4702 illum,
666 4615 802 4684 forsitan
820 4613 1051 4706 propitiabitur
1067 4615 1162 4685 mibi.
1185 4617 1240 4686 11.
1259 4617 1500 4688 Praeccsserunt
1519 4620 1631 4711 116666
1654 4644 1793 4692 1666616
1812 4633 1889 4693 6616

261 4746 358 4810 eum,
378 4724 447 4816 ipse
464 4744 543 4792 vero
563 4721 684 4791 mansit
698 4728 792 4788 66616
808 4720 868 4788 1116
883 4721 920 4790 16
937 4718 1061 4790 6661116.
1083 4721 1138 4790 11.
1162 4721 1314 4814 Cumque
1332 4731 1460 4792 mature
1478 4726 1691 4815 surrexisset,
1713 4728 1791 4796 tulit
1806 4730 1889 4798 duas

261 4851 381 4899 uxores
394 4851 489 4914 suas,
511 4835 543 4896 et
560 4825 696 4896 totidem
709 4825 868 4911 famulas,
885 4847 962 4893 cum
976 4825 1130 4894 undecim
1143 4825 1241 4912 filiis,
1260 4835 1293 4895 61
1304 4829 1458 4898 transivit
1470 4829 1593 4899 vadum
1605 4830 1717 4900 Jacob.
1738 4833 1793 4903 13.
1808 4835 1888 4903 Τ16-

260 4934 432 5030 (166116666
446 4933 600 5004 omnibus
613 4953 688 5023 6661
702 4930 744 5000 ad
755 4953 790 5000 se
804 4930 1025 5022 pertinebant,
1047 4931 1102 4999 11.
1128 4933 1248 5002 1666611
1267 4933 1357 5002 solus
1372 4958 1380 5001 :
1403 4942 1437 5002 et
1454 4955 1525 5003 ecce
1539 4935 1592 5002 vir
1608 4935 1795 5006 luctabatur
1809 4962 1887 5008 cum

260 5063 298 5109 66
311 5063 417 5132 66666
429 5062 537 5110 mane.
553 5037 608 5106 15.
622 5036 689 5119 Qui
701 5058 777 5104 cum
790 5035 916 5104 videret
927 5035 1016 5126 quod
1030 5057 1107 5104 eum
1121 5059 1274 5129 superare
1287 5061 1355 5108 non
1369 5048 1494 5132 posset,
1510 5039 1617 5130 tetigit
1630 5063 1770 5110 nervum
1784 5044 1887 5113 lemo-

259 5145 305 5213 ris
316 5146 404 5236 ejus,
419 5153 452 5214 et
463 5144 573 5214 statim
586 5143 756 5214 emarcuit.
771 5141 826 5210 16.
842 5141 998 5230 Dixitque
1010 5141 1051 5209 ad
1065 5164 1163 5212 eum:
1179 5144 1315 5213 Dimitte
1328 5168 1398 5233 me,
1410 5147 1480 5238 jam
1493 5147 1582 5215 enim
1595 5148 1739 5216 ascendit
1751 5171 1884 5218 aurora.

259 5249 461 5341 Respondit:
478 5249 555 5318 Non
567 5247 731 5316 dimittam
743 5256 775 5315 tc
783 5300 794 5334 ,
812 5246 877 5315 6161
890 5245 1094 5316 benedixeris
1112 5248 1206 5317 mihi.
1223 5249 1277 5317 17.
1292 5251 1351 5319 Ait
1369 5274 1470 5340 ergo:
1491 5251 1587 5334 Quod
1603 5276 1725 5322 nomen
1737 5255 1884 5323 esttibi?

260 5355 425 5448 respondit
440 5382 449 5422 ε
464 5354 574 5426 Jacob.
590 5353 645 5425 18.
661 5355 706 5422 At
718 5352 775 5424 ille
792 5378 799 5420 :
815 5351 1051 5445 Nequaquam,
1069 5353 1197 5446 inquit,
1217 5357 1315 5425 tacob
1328 5357 1548 5449 appellabitur
1561 5381 1682 5430 nomen
1696 5367 1792 5430 tuum
1804 5410 1814 5444 ,
1828 5361 1885 5431 sed
