4182 6044
710 337 954 396 conservatus
971 339 1005 396 ΙΝ
1024 339 1181 410 EXODUM,
1198 353 1263 398 car.
1282 342 1315 398 V.
1779 342 1835 402 475

193 439 348 518 possibile.
370 443 477 500 Senam
489 457 560 515 ergo
572 446 632 515 est,
653 443 783 517 praeiecti
803 444 992 502 llehraeorum
1034 449 1129 501 morte
1148 446 1293 518 imperas,
1311 447 1427 504 facilius
1445 447 1533 504 nohis
1552 448 1608 506 erit
1628 446 1715 506 mori.
1729 465 1744 502 a
1760 446 1832 504 ilinc

193 529 263 601 post
278 541 365 584 suam
374 526 526 600 querelam
540 527 722 598 egredientes
735 543 754 582 a
764 527 927 597 Pharaone,
944 543 993 584 cc-
1035 529 1109 584 Laco
1133 528 1328 600 interrogatus
1346 532 1421 604 quid
1442 531 1546 601 sciret,
1570 531 1610 587 ait
1625 548 1633 587 :
1649 530 1736 588 «scio
1755 529 1832 586 liber

194 609 433 667 currerunt-llosi
446 614 475 666 et
487 614 593 676 aaron,
610 609 663 682 qui
674 609 791 668 stabant
804 627 842 668 ex
855 611 992 681 adverso,
1034 625 1098 666 esse
1111 629 1118 666 ε
1132 631 1146 664 n
1163 611 1203 667 ita
1216 612 1388 668 Plutarchus
1401 613 1432 670 in
1445 616 1543 670 lacon.

193 697 227 748 ut
237 697 330 750 totam
341 707 404 749 rem
418 695 583 764 spectarent
598 696 627 748 et
640 700 861 764 cognoscerent.
1069 693 1115 748 tt.
1126 695 1326 761 Reversusous
1337 711 1386 751 nsr
1395 699 1507 752 llovsas
1517 711 1554 752 au
1563 699 1708 755 bourona.
1718 700 1831 771 -Sep-
1843 703 1901 748 ven.
1912 706 1949 754 tt.

74 783 180 830 verear.
229 777 536 832 timenutensium
550 790 724 833 srrnnverr.
738 777 926 835 -llehraiee
940 778 993 834 ad·
1034 775 1309 846 tuagintavcrtunt,
1325 786 1516 837 caneersasest
1531 781 1568 836 ad
1582 783 1745 850 Dumium,-
1759 781 1831 854 quia

195 858 398 930 ditur:Super
412 874 472 928 cos,
485 859 589 930 idest,
604 860 765 917 vindictam
779 865 876 918 sumat
890 861 927 916 de
941 877 992 916 vo-
1034 857 1114 912 enim
1135 861 1228 916 lloses
1249 861 1403 932 praefectos
1424 862 1612 919 llehraeorum
1628 864 1701 920 dure
1720 880 1738 920 a
1758 864 1831 920 Pha·

193 939 251 998 bis.
264 943 305 999 lta
312 941 477 1000 Chaldaeus.
493 941 605 998 Hebraei
616 941 696 997 enim
707 959 784 1016 saepe
795 959 848 1015 per
858 946 992 1014 metony-
1033 955 1124 996 raone
1139 947 1294 1013 exceptos,
1310 943 1434 1001 afflictos
1456 949 1485 1001 et
1503 947 1640 1018 passione
1657 948 1749 1004 nimia
1770 948 1832 1019 agi·

194 1025 298 1094 miam,
306 1023 453 1096 judicium
466 1027 589 1082 sumunt
602 1041 658 1098 pro
671 1025 797 1082 termino
809 1029 837 1082 et
847 1025 906 1082 fine
913 1025 992 1096 judi·
1033 1027 1124 1094 totos,
1139 1025 1267 1100 ideoque
1282 1029 1475 1100 correptionis
1490 1030 1643 1102 incapaces
1656 1030 1746 1095 vidit,
1760 1030 1830 1086 hinc

195 1107 247 1177 cii,
263 1112 296 1163 ut
307 1107 439 1179 judicare
453 1107 533 1164 idem
547 1107 583 1163 sit
597 1107 681 1179 quod
694 1107 859 1176 vindicare,
875 1112 903 1163 ct
913 1107 992 1178 judi·
1033 1107 1137 1176 tacuit,
1155 1113 1184 1164 et
1204 1109 1235 1164 in
1254 1115 1397 1166 secretum
1415 1128 1503 1167 sunm
1524 1128 1586 1167 sese
1601 1112 1724 1186 recepit,
1740 1115 1830 1186 atque

194 1192 275 1249 cium
288 1191 368 1248 idem
382 1192 418 1247 sit
430 1192 514 1264 quod
529 1191 667 1248 vindicta.
683 1187 884 1248 Eninfirmam
894 1193 991 1263 ingra—
1034 1187 1073 1242 ad
1089 1191 1179 1245 Deum
1194 1191 1316 1248 unicum
1329 1193 1361 1248 in
1374 1195 1460 1249 arctis
1471 1196 1660 1267 presidium,
1675 1211 1730 1252 suo
1745 1213 1829 1253 more

196 1277 315 1347 tamque
327 1274 434 1347 populi
448 1273 540 1330 fidem
555 1291 563 1329 ς
578 1277 676 1330 Mosen
690 1278 896 1344 erratorem,
913 1290 990 1347 quos
1034 1285 1064 1324 se
1084 1273 1198 1328 orando
1213 1275 1365 1331 convertit.
1379 1276 1450 1332 ilinc
1468 1277 1631 1349 prudenter
1647 1281 1674 1335 S.
1689 1277 1828 1350 Basilina,
1871 1279 1948 1323 uacua

1841 1340 1947 1383 consolan-

194 1357 286 1428 paulo
299 1361 367 1414 ante
380 1355 551 1414 liberatores
565 1356 739 1427 crediderat,
751 1357 814 1427 jam
826 1357 991 1414 homicidas
1034 1367 1126 1410 serm:
1138 1357 1176 1410 De
1192 1356 1297 1412 Gratiis
1311 1359 1365 1414 Deo
1377 1360 1500 1428 apetldt'S,
1515 1361 1640 1416 modum
1655 1361 1829 1418 consolandi
1841 1400 1863 1444 di
1887 1401 1948 1446 ami&

195 1439 403 1496 calumniatur.
1033 1434 1158 1492 afflictos
1171 1439 1349 1510 praescribit,
1365 1441 1466 1498 dicens
1482 1459 1488 1498 :
1505 1445 1603 1498 «Eum
1618 1459 1709 1516 quem
1722 1460 1829 1502 conso·
1841 1465 1882 1504 οι.

229 1526 356 1582 roceam
375 1538 496 1580 vrcrsrvs
513 1537 627 1580 ououau
650 1539 781 1580 vosrnmr
801 1539 896 1582 cosan
920 1527 992 1580 Pur·
1033 1517 1087 1572 lari
1103 1521 1204 1592 cupis,
1224 1523 1308 1593 prius
1325 1540 1485 1598 parumper
1508 1525 1592 1598 queri
1611 1527 1699 1582 sinas.
1720 1527 1829 1586 Deinde

194 1621 303 1676 mour,
326 1605 493 1662 -invisos
516 1609 544 1662 et
563 1605 781 1662 abominabiles
804 1622 860 1662 nos
882 1606 991 1662 fecistis
1033 1601 1137 1658 dolore
1155 1604 1312 1676 paululum
1332 1622 1386 1678 per
1404 1607 1551 1680 lacrymas
1569 1609 1771 1683 ejulatumque
1785 1627 1829 1667 sc·
1941 1661 1944 1666 .

194 1690 355 1750 Pharaoni:
370 1693 413 1747 est
430 1690 615 1760 metaphora.
630 1689 740 1745 Eadem
753 1690 869 1762 phrasis
884 1693 926 1746 est
943 1689 991 1746 Ge·
1033 1683 1120 1749 dcto,
1135 1689 1206 1741 tunc
1226 1686 1328 1744 leniter
1348 1693 1376 1745 et
1395 1689 1562 1747 humaniter
1582 1692 1756 1763 castigabis,
1775 1693 1829 1750 ita-

194 1779 265 1832 acsis
275 1789 373 1845 xxxiv,
387 1775 441 1844 3⁰,
456 1773 488 1830 in
498 1772 637 1843 liebrae03
652 1773 673 1828 ll
691 1772 752 1828 Gor.
765 1787 796 1842 rr,
812 1777 847 1829 rs
862 1787 870 1828 ι
888 1773 991 1829 «Chri—
1032 1783 1091 1839 que
1105 1769 1144 1824 ad
1157 1770 1330 1842 patientiam
1350 1777 1378 1829 at
1395 1774 1487 1830 animi
1501 1777 1744 1848 tranquillitatem
1763 1793 1829 1834 sen·

195 1859 248 1930 ati,
260 1858 357 1932 inquit
363 1899 374 1928 ,
386 1857 486 1916 bonus
504 1856 580 1912 odor
601 1871 751 1925 sumus,n
767 1856 839 1928 quia
855 1855 992 1912 videlieet
1032 1852 1089 1906 sim
1101 1853 1264 1911 revocabis.
1275 1857 1346 1912 Nam
1361 1861 1388 1913 et
1399 1873 1546 1930 equorum
1559 1860 1720 1918 domitores
1734 1877 1828 1935 equos

193 1943 307 2000 bonam
316 1941 421 2000 Christi
430 1945 457 1998 et
469 1939 677 1997 christianismi
686 1938 798 1995 lamam
807 1938 990 2012 spargimus,
1030 1932 1124 1992 fraeno
1148 1937 1269 1994 minime
1296 1941 1462 2011 audientes,
1489 1958 1550 1999 non
1578 1945 1675 2000 statim
1703 1943 1828 2002 habenis

194 2030 228 2083 ut
240 2025 376 2084 homines
389 2025 465 2080 bene
478 2023 615 2080 danobis
629 2023 725 2096 deque
737 2022 850 2078 Christo
865 2023 992 2079 sentiant
1032 2026 1237 2092 compescunt,
1252 2027 1302 2079 aut
1316 2023 1480 2081 calcarihus
1497 2026 1654 2098 impellunt
1669 2044 1677 2082 :
1693 2027 1735 2083 sic
1749 2028 1829 2085 euim

93 2125 163 2170 norea
195 2109 407 2182 etloqnantur.
423 2127 437 2160 u
451 2105 654 2163 Habentenim
670 2120 767 2160 mores
781 2121 851 2161 suos
865 2105 990 2176 colores,
1033 2117 1160 2162 sessores
1169 2108 1315 2178 exagitare
1325 2114 1352 2165 et
1361 2113 1495 2166 excutere
1510 2110 1706 2180 discunt3sed
1718 2111 1760 2168 eis
1775 2112 1829 2169 ob-

91 2186 169 2230 l¹b⁶¹²⁸
194 2191 305 2249 habent
318 2194 346 2247 et
361 2190 485 2259 odores3
501 2188 633 2246 colorem
650 2187 682 2243 in
703 2188 896 2258 conscientia,
917 2189 992 2244 odo·
1031 2191 1271 2263 temperandonb
1283 2193 1379 2262 initio,
1389 2209 1423 2250 ac
1435 2194 1556 2252 minime
1568 2194 1741 2266 resistendo,
1749 2201 1829 2269 post·

75 2247 182 2358 ,fflffi
194 2291 258 2332 rem
270 2273 302 2331 in
316 2274 437 2346 lamma
453 2273 551 2346 inquit
564 2273 592 2329 S.
608 2270 775 2328 Bernartius
781 2312 791 2342 ,
806 2286 895 2328 serm.
911 2275 942 2327 'tl
960 2276 991 2328 ta
1032 2288 1125 2345 qnam
1146 2273 1221 2330 irem
1240 2277 1269 2331 et
1291 2277 1436 2348 impetum
1455 2277 1600 2350 paulatim
1618 2283 1828 2352 consumptum

82 2370 174 2412 erasm
197 2359 321 2414 Cantica.
1033 2354 1157 2412 deficere
1170 2357 1307 2428 viderint,
1319 2363 1390 2416 tnnc
1404 2364 1465 2417 arte
1477 2360 1610 2434 quadam
1623 2360 1829 2434 obtemperan-

74 2432 99 2474 ’ὓ
134 2442 182 2502 ⁰¹3⁰·
229 2443 268 2498 Er
284 2453 450 2498 rnmursrrs
463 2455 504 2498 rr.
521 2432 647 2497 carnion
662 2453 698 2496 ur
711 2451 868 2496 crevecuer
881 2453 991 2496 ros-
1031 2441 1075 2504 tes
1089 2443 1117 2494 et
1129 2440 1169 2495 ad
1182 2441 1283 2497 omnia
1296 2441 1408 2498 dociles
1420 2443 1589 2500 reddunt.»

81 2493 176 2536 'mm'
195 2524 385 2582 Occasionem
404 2525 432 2580 ei
449 2523 586 2594 dedistis,
600 2525 634 2579 ut
654 2537 710 2580 nos
731 2521 872 2578 oneribus
892 2523 993 2596 oppri-
1069 2525 1195 2578 Rursum
1208 2524 1277 2580 vide
1289 2525 1338 2580 hic
1352 2541 1444 2598 quam
1462 2525 1548 2583 llosis
1561 2526 1703 2599 patientia
1716 2531 1745 2584 et
1758 2543 1829 2585 con·

194 2612 296 2678 meret,
306 2625 376 2666 cam
389 2623 459 2664 eum
470 2607 617 2664 furentem
631 2606 663 2663 in
675 2621 732 2663 nos
746 2605 922 2663 concitastis.
940 2605 993 2662 Ubi
1032 2606 1139 2662 stantia
1151 2605 1261 2664 invicta
1271 2607 1373 2664 vicerit
1385 2608 1575 2666 llebroeorum
1587 2625 1753 2679 murmura,
1764 2627 1829 2669 eos-

82 2705 173 2750 nracan
193 2697 265 2750 nota
280 2691 421 2750 :Gladius
437 2692 470 2748 in
490 2691 638 2764 Scriptura
655 2693 777 2747 vocatdr
797 2704 886 2744 omne
907 2689 992 2762 quod
1032 2689 1162 2762 quesibi
1176 2689 1373 2763 obsequentes
1391 2693 1562 2750 reddiderit.
1580 2694 1709 2750 audiant
1725 2693 1828 2752 fideles

75 2770 98 2812 ¹⁰
108 2767 181 2824 scrip-
193 2775 320 2849 pungit,
346 2775 472 2852 percutit
480 2816 490 2846 ‚
519 2779 638 2848 torquet
665 2778 716 2830 aut
743 2773 868 2843 cruciat,
894 2769 992 2845 inquit
1032 2772 1179 2830 monitum
1189 2775 1217 2831 S.
1232 2775 1401 2846 Augustini,
1413 2791 1551 2833 sermone
1564 2778 1600 2832 t8
1615 2779 1653 2832 lle
1670 2777 1763 2832 Verbis
1775 2779 1829 2833 llo·

74 2831 182 2930 cume
193 2860 222 2915 S.
241 2859 435 2932 Hieronymus
455 2859 486 2915 in
500 2856 581 2914 lsuioe
600 2871 675 2916 axvi.
695 2858 766 2914 ilinc
780 2859 863 2914 Amos
881 2869 925 2926 rx,
939 2858 991 2927 tlt,
1032 2859 1102 2912 mina·
1116 2875 1125 2911 .·
1141 2858 1828 2933 uCumquisqne,inquit,t1hristiannscoepe-

95 2949 155 3005 quod
194 2941 301 3000 dicitur
316 2961 324 2999 a
342 2941 398 2999 uIn
411 2942 511 3014 gladio
525 2941 690 2998 morientur
705 2955 809 2997 omnes
821 2945 991 3013 peccatores
1032 2939 1070 2995 rit
1086 2938 1164 2996 bene
1182 2939 1296 3010 vivere,
1314 2940 1426 2999 fervere
1447 2941 1536 2999 bonis
1558 2942 1713 3015 operibus,
1738 2957 1827 2999 mun-

79 3011 173 3055 arceat.
193 3026 301 3100 populi
312 3026 382 3084 mei.
396 3045 411 3081 a
426 3028 460 3082 Et
472 3027 574 3082 Psotm.
589 3039 644 3094 vu,
658 3040 736 3080 vers.
751 3025 807 3080 13:
826 3023 908 3080 aNisi
921 3038 992 3079 con·
1032 3022 1166 3097 dumque
1187 3025 1391 3095 contemnere3
1413 3025 1445 3081 in
1468 3027 1533 3099 ipsa
1552 3025 1680 3082 novitate
1701 3040 1827 3096 operum

193 3111 270 3167 versi
283 3109 412 3180 fueritis,
427 3108 562 3181 gladium
577 3123 666 3165 suum
680 3106 820 3164 vibrabit.
835 3126 850 3160 v
1031 3122 1155 3164 suorum
1175 3107 1284 3181 patitur
1302 3110 1529 3181 reprehensores
1550 3111 1577 3164 et
1597 3107 1826 3164 contradictores

228 3194 310 3252 bisce
323 3193 381 3250 hoc
394 3194 488 3267 capite
503 3208 596 3268 quam
608 3193 684 3248 dura
697 3189 786 3246 fuerit
800 3185 924 3246 servitus
939 3191 992 3246 lla-
1030 3188 1155 3261 frigidos
1169 3191 1359 3249 Christianos.
1374 3192 1401 3250 Si
1421 3194 1521 3248 autem
1538 3190 1783 3264 perseveraverit,
1799 3193 1827 3247 et

192 3277 343 3336 braeorum
362 3277 393 3334 iu
404 3281 547 3352 AEgypto,
562 3293 596 3333 ac
610 3277 823 3348 consequenter
844 3278 990 3346 quantum
1032 3289 1083 3329 eos
1102 3276 1282 3348 superaverit
1296 3275 1508 3349 perduranda,
1522 3278 1551 3330 et
1569 3289 1631 3330 non
1652 3271 1789 3330 deiecerit
1808 3289 1827 3330 a

192 3361 372 3422 beneficium
384 3361 425 3418 eis
437 3361 536 3419 lecerit
548 3363 635 3430 licus,
645 3373 714 3415 cum
726 3373 777 3414 eos
791 3357 860 3413 inde
872 3356 975 3412 eduxit
980 3375 989 3426 ;
1030 3355 1120 3412 bonis
1139 3357 1295 3431 operibus,
1315 3358 1407 3416 iidem
1424 3357 1481 3431 ipsi
1500 3357 1587 3414 nobis
1605 3356 1826 3430 obsequentur,

193 3447 278 3520 quod
294 3444 420 3519 proinde
437 3445 549 3520 passim
567 3443 608 3500 eis
621 3441 764 3510 inculcat,
786 3443 818 3496 ut
839 3439 916 3510 grati
933 3437 991 3496 sint
1031 3440 1163 3512 quiante
1175 3441 1411 3513 prohibebant.»

125 3589 127 3593 ,
193 3533 270 3600 Dec,
285 3544 413 3602 eumque
431 3533 530 3588 ament
547 3531 576 3584 et
594 3526 692 3582 colant
712 3543 719 3581 :
745 3542 760 3576 c
774 3525 851 3594 Ego,
872 3521 990 3596 inquit,
1068 3525 1188 3595 Dentre,
1203 3539 1257 3581 cun
1271 3540 1425 3582 arrrrxrsrr
1439 3539 1570 3582 roratur
1584 3527 1788 3582 isram-Cur
1800 3525 1827 3582 ei

193 3613 337 3671 Dominus
360 3615 435 3668 Deus
457 3615 565 3681 vester,
591 3608 644 3683 qui
666 3607 756 3664 eduxi
779 3621 833 3662 vos
856 3605 990 3662 deterre
1031 3607 1217 3664 occasionem
1237 3607 1404 3664 afflictionis
1424 3607 1548 3677 dedisti,
1562 3607 1706 3664 mittendo
1721 3624 1768 3664 me
1787 3607 1826 3665 ad

193 3695 409 3769 AEgyptiorum,
422 3711 461 3752 ne
471 3693 615 3751 serviretis
625 3693 679 3763 eis,
689 3694 718 3748 et
731 3689 784 3768 qui
798 3689 930 3761 confregi
943 3706 991 3748 cc·
1031 3691 1231 3761 Pharaonem,
1245 3705 1300 3747 nac
1320 3696 1420 3747 tamen
1438 3690 1476 3747 ah
1498 3705 1533 3747 eo
1553 3689 1709 3747 liberando
1730 3705 1828 3763 popu-

193 3786 276 3837 tenas
287 3781 434 3837 cervicum
448 3782 622 3848 vestrarum,
634 3781 668 3834 ut
680 3775 853 3834 incederetis
864 3774 988 3845 erecti»
1030 3775 1104 3847 lum,
1112 3776 1165 3832 sed
1175 3775 1273 3848 potius
1281 3775 1479 3849 permittendo
1489 3790 1558 3831 eum
1565 3775 1684 3844 gravius
1691 3773 1828 3830 onerari?

193 3865 280 3922 lecit.
295 3878 374 3934 xxvi,
388 3866 433 3922 t3.
448 3865 496 3920 Est
509 3862 588 3918 enim
603 3860 729 3918 servitus
743 3875 824 3916 mors
838 3859 989 3933 quaedam,
1067 3861 1165 3927 Quina
1178 3874 1281 3916 rrsrsrr
1293 3860 1352 3914 ua?
1363 3889 1398 3900 -
1407 3858 1547 3914 Calvinus
1561 3861 1660 3914 llosen
1670 3857 1719 3913 hic
1731 3858 1827 3927 gravi-

193 3952 266 4024 pnta
279 3946 398 4004 amissio
413 3947 477 4004 vitae
490 3945 599 4014 civilis,
615 3943 723 4000 scilicet
741 3943 884 4000 libertatis
900 3961 907 3998 :
921 3942 990 4000 hinc
1031 3946 1074 4000 ter
1088 3941 1203 4016 culpat,
1216 3943 1303 4015 quasi
1317 3941 1356 3998 ab
1371 3939 1469 3997 officio
1484 3941 1651 4009 desciverit,
1663 3943 1692 3997 et
1709 3957 1827 3998 amaru-

192 4047 249 4105 pro
268 4046 302 4088 ea
322 4033 456 4103 pugnant
473 4032 590 4099 gentes,
605 4025 782 4097 maluntque
801 4023 879 4082 mori
896 4041 990 4096 quam
1029 4025 1111 4082 lento
1125 4025 1213 4082 taedio
1224 4024 1396 4080 missionem
1407 4023 1662 4080 etahsolutionem
1677 4023 1715 4080 ab
1728 4023 1826 4082 officio

193 4115 312 4171 servire.
327 4113 479 4187 Philippus
493 4127 545 4168 rex
558 4112 725 4182 irrumpens
739 4109 770 4164 in
784 4121 890 4180 agrum
904 4109 990 4180 Spar·
1030 4106 1155 4180 petierit.
1170 4110 1266 4163 [turus
1279 4107 1382 4178 utique
1396 4106 1514 4163 criticus
1527 4123 1535 4162 :
1550 4106 1651 4163 mitior
1664 4123 1768 4164 censor
1782 4113 1826 4165 est

193 4203 310 4264 tanum,
321 4195 396 4254 dixit
409 4195 530 4254 cuidam
543 4195 705 4266 Spartano:
719 4191 797 4259 Quid
807 4207 888 4246 nunc
901 4189 989 4247 facie·
1031 4193 1058 4248 S.
1073 4191 1267 4262 augustiam,
1283 4191 1385 4258 Qatoest.
1402 4193 1474 4261 lllV,
1490 4191 1564 4248 dum
1578 4192 1619 4248 ait
1633 4209 1641 4248 ε
1658 4194 1749 4248 ullaec
1763 4209 1825 4250 non

192 4281 245 4351 tis,
258 4281 408 4338 Lacones?
420 4277 573 4352 respondit
587 4275 646 4333 eis:
665 4295 679 4327 a
687 4274 764 4344 Quid
784 4273 881 4343 aliud,
895 4289 989 4346 quam
1031 4274 1222 4332 contumacia
1234 4273 1325 4330 verba
1338 4278 1407 4330 sunt
1417 4274 1465 4332 vel
1476 4274 1702 4346 indignationis,
1718 4275 1771 4331 sed
1782 4277 1826 4332 in-

192 4361 491 4421 moriemurlortiter?
501 4361 556 4416 soli
566 4360 647 4416 enim
659 4359 827 4415 Graecorum
837 4355 988 4412 nosliheri
1031 4359 1196 4434 quisitionis
1212 4362 1239 4415 et
1258 4357 1409 4415 orationis.
1423 4379 1438 4413 n
1454 4358 1547 4431 ldquc
1563 4357 1603 4414 ita
1617 4373 1679 4414 esse
1694 4361 1775 4431 patet
1788 4376 1824 4418 cx

193 4461 267 4517 esse,
280 4450 308 4503 et
326 4461 388 4503 non
401 4445 524 4502 obedire
537 4444 602 4501 aliis
617 4441 813 4499 didicimus.»
952 4467 961 4495 t
1030 4442 1369 4516 responsohomini,qni
1379 4457 1441 4499 non
1450 4443 1547 4514 arguit
1553 4441 1757 4498 infidelitatem
1766 4443 1821 4500 llo

227 4536 296 4591 Post
315 4533 430 4589 cladem
448 4532 523 4588 duce
537 4529 628 4601 rigide
643 4533 809 4602 acceptam,
826 4543 896 4584 cnm
907 4528 989 4584 liuti-
1030 4526 1086 4595 sis,
1099 4526 1152 4581 sed
1166 4541 1234 4582 cnm
1248 4525 1323 4598 quid
1337 4524 1431 4581 lacere
1446 4525 1595 4599 oporteat,
1609 4524 1737 4583 instruit.
1751 4527 1825 4584 Scie-

190 4621 275 4691 pater
289 4614 431 4670 obsidum
443 4613 510 4670 loco
522 4615 656 4687 posceret
669 4615 704 4669 ὅθ
717 4628 845 4684 pueros:
858 4611 988 4667 Eteocles
1030 4609 1082 4666 bat
1094 4610 1186 4666 lloses
1195 4610 1258 4679 jam
1268 4612 1334 4665 ante
1346 4623 1363 4666 a
1375 4610 1434 4664 Deo
1446 4609 1562 4677 dectus,
1572 4609 1756 4666 Pharaonem
1768 4610 1824 4667 ob-
1859 4665 1862 4670 .

190 4705 256 4758 tum
270 4697 405 4769 Ephorus
425 4712 457 4752 sa
474 4711 526 4752 eos
544 4696 684 4752 daturum
703 4695 837 4765 negavit,
853 4709 890 4750 nc
909 4693 988 4750 male
1031 4694 1206 4749 duraturum
1218 4707 1279 4760 cor,
1290 4707 1386 4764 neque
1399 4691 1593 4748 dimissurum
1605 4690 1753 4764 populum
1759 4711 1769 4763 3
1780 4697 1824 4750 tu·

191 4781 445 4850 educarentur,'et
463 4775 502 4836 ab
520 4777 656 4836 institutis
673 4779 774 4851 patriae
795 4777 988 4834 desciscentes
1030 4775 1207 4832 mendehac
1217 4773 1373 4831 afflictione
1382 4773 1489 4848 populi
1500 4773 1824 4847 nihilalleocognove·

191 4861 300 4922 civitati
319 4861 504 4919 incommodi
526 4861 631 4919 fierent
653 4879 660 4916 ε
681 4877 786 4918 senum
811 4865 911 4916 cutem
936 4864 989 4917 aut
1030 4858 1297 4930 rat,sperabatque
1313 4858 1495 4913 Pharaonem
1507 4857 1667 4928 monitum,
1680 4858 1747 4915 licet
1762 4876 1825 4918 non

191 4947 352 5004 mulierum
370 4945 517 5018 duplum,
531 4944 557 5001 si
573 4944 676 5013 vellet,
691 4959 850 5000 numerum
867 4941 985 5000 obtulit.
1032 4942 1188 4998 dimitteret
1201 4941 1363 5014 populum,
1380 4939 1481 4997 mitius
1498 4945 1598 4997 tamen
1612 4957 1681 4999 cum
1695 4957 1731 4999 ao
1745 4947 1825 5002 actu-

191 5031 325 5103 Cumque
338 5028 487 5103 Antipater
499 5027 610 5086 atrocia
623 5027 795 5096 minaretur,
809 5026 866 5082 nisi
880 5026 987 5082 daren—
1029 5041 1113 5093 rum;
1132 5028 1234 5080 contra
1253 5039 1323 5080 vero
1334 5024 1398 5095 jam
1411 5023 1551 5082 accidisse
1568 5024 1666 5098 ridet,
1679 5027 1760 5086 unde
1775 5029 1824 5104 pia

157 5165 162 5174 .
191 5112 393 5186 tur,publice
414 5113 535 5172 nomine
553 5109 707 5186 respondit
722 5128 729 5166 :
747 5109 801 5166 «Si
821 5107 987 5168 difficiliora
1029 5124 1100 5165 cum
1113 5111 1172 5166 Deo
1186 5107 1365 5181 expostulat.
