4182 6044
664 355 908 414 cottuhxthttth
927 355 961 412 tu
979 355 1135 426 uxobuu,
1153 366 1216 414 chr.
1236 355 1291 414 Xll.
1742 354 1795 416 hah

160 469 233 528 ltus,
248 471 283 516 sr
296 457 396 532 (idest
409 459 487 532 puto)
500 473 825 520 nsmsrecrrnrrnnm
840 465 957 520 AEsrrrr
999 460 1058 536 ipsi
1078 459 1190 519 hebrei
1210 458 1387 536 posteriores
1408 472 1466 536 pro
1485 459 1538 534 phe
1556 459 1640 522 initio
1657 459 1794 524 dictioms
1807 471 1858 522 ent
1889 475 1914 522 a

159 553 250 600 socru
264 557 342 614 rum,
357 559 569 611 rnrouruuoun
582 559 658 603 onus
677 560 906 616 rnruossrurnn,
920 573 957 590 ·-
1000 558 1118 618 semper
1137 547 1284 618 usurpant
1303 559 1337 616 pe
1360 563 1369 599 ε
1392 557 1509 619 semper
1534 544 1614 604 enim
1637 563 1672 620 pe
1691 549 1796 608 initiali
1818 534 1904 596 Μ*

160 642 188 700 p.
204 626 233 682 d.
246 626 412 684 comedetis
423 644 535 699 agnum
548 628 731 700 festinanter,
745 630 817 703 quia
830 629 877 686 hic
889 641 958 686 esus
999 623 1129 697 infigunt
1141 627 1256 698 dagesch
1264 627 1386 700 durum,
1398 629 1431 684 ur
1441 631 1523 704 patet
1535 644 1572 690 ex
1582 645 1687 692 eorum
1695 634 1796 694 Gram-

161 709 230 781 agni
238 709 385 782 significet
397 711 556 768 celeremet
566 727 790 786 praeproperum
801 713 958 770 transitum
1000 709 1118 768 metica.

161 794 281 866 hugeli,
296 797 329 852 ut
342 794 485 868 percutiat
497 795 695 868 primogenita
708 795 835 870 AEgypti.
1036 795 1110 850 Note
1131 796 1213 851 tertie
1226 793 1351 868 :triplex
1367 795 1416 854 hic
1432 795 1489 855 luit
1506 800 1671 862 transitus:
1687 810 1795 878 primo,
1820 811 1907 871 rupta

53 881 140 935 recem
197 881 270 934 Nota
288 883 404 950 primo:
428 881 483 936 Pro
504 881 589 952 phase
606 880 743 938 hebraice
766 885 823 952 est,
844 881 958 953 pesach3
1001 876 1104 948 Angeli
1112 877 1415 948 vastatoris3secnodo,
1425 880 1615 944 hebreorum
1624 902 1661 944 ex
1669 890 1796 964 AEgypto
1810 875 1912 918 ''mm''

62 945 136 1052 iffi·
162 961 346 1020 theodotion
364 962 465 1033 vertit,
484 967 577 1034 paoem
592 963 657 1036 Syri
677 967 705 1020 et
724 964 853 1022 ctreldei
875 979 958 1020 ruore
1001 961 1033 1018 in
1054 960 1193 1018 Chanaan
1205 979 1214 1030 3
1239 965 1339 1029 tertio,
1361 965 1536 1024 eorumdem
1558 983 1612 1042 per
1632 985 1715 1028 mare
1737 973 1796 1030 liu·
1820 935 1906 1041 pram

56 1020 141 1126 {apg}
164 1061 219 1102 suo
233 1046 375 1104 addentes
395 1048 490 1118 aleph,
509 1051 627 1104 vertunt
639 1049 751 1120 pirche,
771 1047 819 1104 vel
832 1047 958 1119 pascha:
1000 1042 1091 1100 brum
1102 1062 1108 1100 :
1120 1044 1494 1117 hunctertiumsignilicari
1505 1051 1799 1130 nomineposmopu-

66 1130 137 1202 perne
163 1129 221 1185 hoc
234 1127 324 1186 secuti
342 1132 411 1186 sunt
423 1130 613 1202 Septuaginta
624 1134 768 1188 vertentes
781 1132 896 1202 pasche,
912 1129 959 1186 vel
1000 1131 1042 1184 tat
1055 1129 1084 1185 S.
1094 1127 1283 1198 Augustinus
1294 1131 1377 1186 tract.
1390 1132 1550 1190 bitulona.
1562 1134 1692 1205 Secundo,
1704 1139 1797 1213 Philo,

70 1193 124 1296 222¹?
163 1217 196 1270 ut
209 1211 321 1270 ltebraei
332 1213 446 1270 nomini
456 1215 586 1271 Graecam
596 1215 834 1272 terminationem
844 1216 958 1282 darent,
1002 1210 1161 1283 losephns,
1179 1209 1233 1266 lib.
1250 1211 1316 1267 xvtt
1331 1213 1442 1284 Antip„
1457 1217 1485 1271 et
1497 1217 1694 1278 Nazianzenus
1707 1237 1799 1298 supra

121 1284 126 1296 '
163 1295 210 1353 vel
229 1295 301 1370 quia
321 1296 453 1370 populus
476 1295 636 1369 Babylone·
648 1297 765 1355 rediens
787 1299 959 1358 Chaldaeum
1002 1297 1109 1367 putaui
1124 1293 1235 1366 pascha
1252 1292 1418 1364 significare
1436 1299 1592 1358 transitum
1609 1302 1798 1365 Hebraeorum

163 1395 273 1437 nomen
287 1382 404 1451 pascha,
424 1394 487 1453 prm
501 1380 622 1438 hebraeo
634 1384 747 1453 pesach,
768 1399 825 1440 usu
846 1381 960 1451 vulgari
1004 1391 1041 1434 ex
1058 1378 1199 1449 AEgypto,
1214 1375 1307 1450 idque
1325 1376 1458 1436 innuitur
1471 1381 1581 1440 Uento.
1598 1399 1662 1456 zu,
1676 1402 1752 1446 vers.
1768 1393 1796 1450 t.

162 1461 284 1520 terebat.
300 1460 402 1520 Noster
414 1463 498 1520 vertit
509 1465 606 1536 phase,
621 1466 692 1538 quia
710 1465 815 1523 ultima
829 1468 961 1532 guttura·
1003 1463 1110 1518 Verum
1125 1459 1203 1531 dico,
1217 1460 1328 1533 pasche
1339 1461 1476 1534 primoet
1487 1465 1622 1539 proxime
1633 1469 1799 1542 significare

163 1543 199 1602 lis
222 1547 280 1602 chet
303 1546 334 1604 in
357 1545 477 1604 Hebraeo
499 1549 614 1618 pesach,
636 1564 704 1606 oum
727 1549 763 1605 sit
786 1547 961 1606 difficilioris
1002 1543 1159 1602 transitum
1172 1543 1274 1615 angeli
1287 1545 1442 1603 vastatoris
1457 1565 1465 1604 ε
1480 1548 1512 1606 id
1526 1550 1604 1608 enim
1618 1553 1667 1610 hio
1680 1555 1798 1630 dicitur,

162 1629 425 1701 pronuntiationis,
435 1631 518 1704 apud
529 1633 643 1688 Graecos
653 1637 680 1687 et
689 1631 805 1688 Latmos
816 1631 961 1705 supprimi
1004 1627 1132 1683 mediate
1152 1630 1250 1684 tamen
1269 1630 1297 1684 et
1318 1627 1444 1687 finaliter
1461 1630 1626 1704 significare
1644 1639 1799 1698 transitum

163 1712 248 1768 solet.
269 1713 351 1770 Unde
372 1714 578 1787 Septuaginta,
598 1717 714 1786 Noster,
734 1718 763 1771 et
780 1715 829 1771 ulii
850 1716 908 1770 chet
931 1714 961 1772 in
1004 1709 1193 1768 Hebraeorum
1209 1727 1245 1795 ex
1259 1713 1385 1786 AEgypto
1402 1715 1461 1771 :nd
1474 1714 1555 1774 hunc
1568 1719 1648 1778 enim
1661 1725 1748 1796 quasi
1760 1725 1798 1783 ad

164 1797 335 1870 dissyllabis
355 1799 386 1855 in
407 1813 420 1854 e
440 1801 573 1869 vertunt,
594 1800 627 1855 ut
645 1815 702 1871 pro
724 1797 844 1856 ltebroeo
858 1800 962 1870 Nooch,
1004 1795 1095 1854 finem
1109 1795 1290 1866 dirigebatur
1302 1797 1351 1854 hic
1363 1799 1501 1856 transitus
1514 1803 1629 1876 Angeli.
1643 1808 1686 1865 lta
1696 1809 1724 1868 S.
1737 1809 1800 1868 iiie-

163 1885 279 1938 vertant
304 1883 382 1953 Noe:
411 1897 467 1955 pro
494 1882 613 1948 Cornch,
634 1883 726 1954 Core3
751 1897 807 1956 pro
835 1884 961 1948 Thornch,
1004 1895 1150 1955 ronymus
1163 1887 1192 1937 et
1204 1883 1348 1955 Iosephus
1361 1882 1426 1954 bic,
1440 1883 1494 1942 lib.
1509 1887 1542 1945 ll.

164 1965 272 2036 Thare3
295 1979 351 2040 pro
369 1965 518 2037 tephtech,
539 1966 657 2039 lephte3
677 1966 719 2022 sic
736 1968 764 2022 et
781 1981 837 2040 pro
854 1967 962 2038 pesach,
1040 1967 1114 2022 Nota
1127 1969 1245 2036 quarto:
1259 1965 1352 2024 Phase
1365 1966 1413 2025 vel
1426 1969 1538 2042 pascha
1550 1973 1672 2048 proprie
1689 1975 1802 2052 signifi·
1827 1987 1905 2034 mane

164 2049 267 2124 phase.
685 2119 691 2128 ι
1005 2052 1052 2108 cat
1071 2047 1242 2119 transitum,
1261 2048 1310 2106 vel
1329 2050 1429 2124 potius
1450 2055 1645 2129 transultum;
1668 2059 1739 2120 inde
1760 2078 1801 2120 se·
1823 2049 1907 2105 pune.

47 2137 152 2187 rheam
201 2135 274 2190 Nota
294 2134 408 2192 seeundo
427 2153 436 2189 ε
457 2135 570 2200 Pesnch,
590 2135 691 2206 pascha
714 2139 739 2192 et
756 2133 853 2207 phase,
874 2134 964 2206 signi·
1006 2131 1107 2202 cundo,
1119 2131 1264 2204 significat
1277 2134 1597 2208 metonymiceagnum
1612 2140 1801 2202 immolatum
1813 2114 1920 2215 “stiffi

47 2205 82 2244 ‘⁸²
97 2205 234 2272 ²¹³⁰·flcat
250 2218 421 2288 transitum,
442 2217 490 2274 vel
511 2217 605 2288 magis
628 2217 749 2290 proprie
769 2217 961 2289 transultum;
1006 2231 1061 2289 pro
1081 2216 1139 2273 hoc
1159 2215 1283 2274 transitu
1305 2234 1314 2273 r
1335 2216 1378 2274 sic
1395 2233 1473 2292 saepe
1488 2220 1520 2277 in
1533 2223 1682 2298 Scriptura
1694 2205 1919 2286 dicituraeum'o.

67 2261 134 2308 situs.

47 2321 85 2366 vu
119 2299 344 2377 paradixenim
367 2307 433 2364 noh
450 2302 552 2372 pesach
572 2299 718 2372 significat
736 2301 898 2370 transilire,
920 2301 963 2358 uli
1006 2299 1154 2356 immolari
1163 2298 1210 2356 vel
1219 2299 1335 2358 comedi
1346 2302 1466 2374 pascha,
1480 2303 1512 2362 id
1522 2309 1566 2364 est
1575 2313 1801 2384 agnuspascha.
1833 2305 1902 2348 agnus

47 2383 155 2428 nestrae·
166 2383 252 2440 vertit
265 2389 363 2441 noster
376 2387 535 2459 interpres,
547 2401 625 2442 vers.
640 2385 691 2453 23,
705 2387 735 2441 et
748 2385 780 2440 tll
794 2385 896 2455 Nepam
916 2399 964 2442 ca·
1006 2380 1052 2439 lis.
1065 2383 1166 2448 Tertio,
1176 2381 1246 2439 inde
1257 2385 1424 2442 traductum
1433 2390 1476 2444 est
1486 2387 1799 2466 aelfestumpaschale:
1813 2359 1919 2466 ¹³21?

58 2443 144 2552 3¹1¹&
166 2467 219 2541 pit.
235 2483 319 2539 xrrrr,
332 2483 407 2524 vers.
422 2470 468 2525 26.
484 2468 566 2524 Unde
580 2471 609 2524 ct
623 2475 690 2531 noh
706 2469 829 2538 asseram
841 2471 965 2526 vocatur
1005 2464 1212 2536 iestumenim,
1225 2482 1287 2539 quo
1296 2467 1508 2528 immolabatur
1516 2469 1668 2545 hic'agnus
1678 2480 1815 2553 pascha-¹
1834 2478 1909 2531 ustio,

66 2567 145 2622 angers
167 2551 303 2622 claudus,
317 2567 353 2608 eo
367 2551 451 2624 quod
465 2550 551 2624 qnasi
565 2550 697 2608 saltitans
711 2549 837 2608 incedat.
852 2550 924 2608 ilinc
935 2554 964 2608 et
1005 2548 1058 2619 lis,
1071 2552 1196 2606 vocatur
1208 2551 1319 2623 pascha
1334 2569 1342 2606 ε
1358 2550 1419 2609 imo
1433 2556 1462 2610 et
1481 2559 1593 2628 septem
1607 2557 1670 2616 dies
1683 2575 1803 2634 azymo-
1824 2539 1911 2583 ‘mm‘

66 2641 140 2702 perea-
167 2635 361 2708 Symmachus
373 2651 409 2694 nc
421 2635 566 2708 Iosephus
579 2633 690 2708 pascha
700 2637 816 2692 vertunt
828 2633 963 2706 eriptam,
1006 2647 1074 2690 rum
1088 2631 1132 2690 illi
1150 2633 1295 2705 contigui,
1315 2639 1460 2693 vocentur
1476 2639 1604 2711 pascha,
1622 2642 1718 2701 Actor.
1732 2659 1799 2720 cap.

60 2695 142 2736 mm·
166 2719 199 2776 id
212 2725 255 2776 est
268 2723 485 2788 transcensum,
499 2723 528 2775 et
541 2719 569 2776 S.
584 2719 781 2790 Hieronymus
795 2717 826 2773 in
840 2719 965 2776 Nomini-
1006 2730 1065 2786 xu,
1078 2731 1155 2773 vers.
1168 2719 1201 2786 t,
1215 2717 1287 2790 quia
1300 2718 1471 2778 solemnitas
1484 2721 1548 2780 haec
1561 2726 1673 2797 septem
1687 2727 1802 2786 dierum

167 2803 216 2858 hos
229 2805 349 2860 Hebraeis
366 2806 598 2874 transgressum,
616 2801 876 2860 transcensionem.
894 2805 965 2860 Nos·
1007 2815 1074 2858 oum
1089 2800 1227 2874 paschate
1240 2800 1413 2875 incipiebat,
1431 2808 1553 2880 eratque
1568 2813 1690 2883 propter
1702 2811 1802 2885 ipsum

166 2885 212 2942 ter
224 2885 272 2943 hic
286 2885 451 2958 generalius
464 2884 621 2943 transitum
632 2883 733 2952 vertit,
746 2887 781 2940 ut
793 2883 895 2955 angeli
908 2885 966 2942 du·
1006 2884 1126 2960 pasche.
1150 2884 1267 2952 Quarto,
1285 2887 1396 2958 pascha
1410 2887 1554 2958 significat
1567 2892 1701 2951 victimas
1714 2910 1802 2970 quas-
1822 2905 1915 2957 onera.
1934 2895 1939 2902 '
1995 2927 2001 2934 ·

167 2967 277 3042 plicem'
290 2969 460 3038 transitum,
474 2971 595 3040 primum
608 2983 661 3040 per
674 2966 811 3024 llebraecs
818 3007 828 3036 ,
844 2967 886 3024 eis
895 2983 965 3042 par·
1006 2968 1079 3031 libet
1092 2968 1194 3026 ovium
1203 2971 1232 3025 et
1245 2967 1348 3039 boum,
1360 2986 1428 3044 que
1439 2970 1498 3026 illis
1509 2975 1621 3044 septem
1630 2976 1735 3040 diebus
1746 2979 1802 3037 im·
1822 2965 1911 3036 stersus

167 3053 274 3124 cendo,
286 3053 431 3109 secundum
444 3068 497 3126 per
512 3049 679 3124 AEgyptics,
694 3066 745 3109 eos
759 3051 964 3124 percutiendo,
1005 3052 1210 3123 molebantur,
1225 3053 1262 3110 de
1277 3053 1387 3127 quibus
1402 3055 1514 3112 Numer.
1529 3071 1595 3129 cap.
1611 3073 1700 3116 xxrru
1715 3078 1723 3116 r
1738 3061 1801 3120 brec
1814 3025 1916 3144 ‘ffffl

168 3135 354 3207 signiticaret.
370 3132 479 3192 Dicitur
490 3151 560 3207 ergo
571 3136 685 3206 pascha,
699 3134 730 3190 id
741 3133 964 3207 esttransultus,
1007 3138 1087 3198 enim
1101 3137 1240 3210 apraevio
1254 3139 1391 3212 paschate
1403 3137 1511 3211 phase,
1526 3139 1587 3196 sire
1600 3142 1712 3213 pascha
1724 3144 1802 3202 dice·
1848 3145 1885 3190 ἢ*

167 3220 239 3292 quia
257 3221 368 3294 pascha
388 3217 587 3292 significabat,
609 3218 694 3291 quod
714 3217 842 3288 Angelus
862 3219 966 3276 transi·
1006 3220 1127 3291 bantur;
1141 3235 1208 3294 quae
1219 3219 1311 3277 ludaei
1322 3219 1353 3275 in
1367 3219 1504 3292 passione
1517 3220 1621 3279 Christi
1631 3228 1800 3294 comesturi,

167 3301 346 3360 liretdomos
356 3303 557 3374 hebreorum,
567 3302 747 3360 ensintactas
756 3300 964 3375 relinquendo,
1006 3303 1122 3376 ingredi
1142 3301 1300 3361 noluerunt
1318 3301 1399 3359 Pilati
1418 3303 1534 3374 [utpote
1548 3305 1674 3379 Ethnici)
1694 3313 1802 3381 preto·
1912 3297 1916 3304 ¹

168 3391 196 3444 et
209 3387 331 3444 insiliret
344 3388 375 3443 lu
390 3388 497 3446 domos
508 3385 725 3460 AEgyptiorum,
739 3399 844 3442 eorum
853 3385 965 3457 primo-
1007 3388 1101 3460 rium,
1116 3403 1154 3445 ne
1167 3385 1449 3457 contaminarentur,
1463 3389 1496 3444 ut
1509 3391 1589 3460 patet
1601 3392 1715 3448 loannis
1733 3408 1799 3466 cap.

168 3470 266 3542 genita
281 3471 457 3528 occidendo.
662 3479 668 3492 “
1008 3487 1093 3542 ¹l111,
1106 3487 1182 3528 Veli·
1197 3473 1244 3528 93·

55 3563 147 3612 reau-
204 3553 521 3624 Diceszlertullianns,
536 3551 589 3610 lib.
604 3553 706 3609 Contra
718 3552 834 3619 Judaeos,
848 3551 966 3614 videtur
1043 3557 1219 3630 hllegorice,
1237 3567 1331 3624 eguus
1350 3556 1394 3610 est
1411 3553 1557 3627 Christus,
1577 3558 1630 3632 qui
1650 3558 1687 3616 de
1707 3564 1802 3620 morte

66 3627 142 3705 ΜΨ
169 3637 265 3695 dicere
277 3639 388 3710 pascha
406 3651 468 3694 non
487 3651 549 3693 esse
569 3635 740 3705 tlebraeum,
761 3635 814 3692 scd
832 3637 965 3693 Graecum
1006 3638 1310 3707 transmeantem,
1329 3637 1367 3694 <10
1385 3642 1462 3696 Uria
1476 3639 1507 3696 5¹1
1520 3640 1647 3713 mlum,
1668 3648 1700 3707 ut
1713 3659 1803 3704 ¹10⁸&

41 3687 156 3792 Ρῗξζξξ
169 3719 966 3792 nomemruuuentmsarsenatae-r,suestapauenuo,
1006 3729 1126 3800 peceato
1139 3721 1178 3778 ad
1192 3719 1378 3792 gratiarnm
1398 3721 1513 3780 inferno
1532 3724 1571 3780 aa
1585 3725 1694 3782 aarum
1707 3730 1801 3784 trans

45 3807 152 3882 erispa
169 3807 303 3879 deductu
320 3812 348 3865 et
361 3809 445 3882 quod
458 3807 506 3863 hio
521 3806 626 3864 dicitur
642 3824 649 3862 ε
668 3808 740 3862 «Est
760 3805 839 3862 enim
854 3808 966 3878 pascha
1006 3809 1125 3866 iremus.
1148 3803 1228 3860 Unde
1247 3803 1446 3876 tropologice,
1467 3805 1574 3878 phase,
1591 3805 1624 3862 id
1641 3812 1684 3863 est
1705 3812 1802 3868 trans-

40 3873 156 3978 ndepdeuscessa'
169 3891 261 3962 tjuxtn
280 3890 488 3968 Septuaginta)⁸
502 3890 618 3946 Domini
629 3909 664 3959 ,o
688 3893 773 3962 putat
795 3890 966 3962 prophetice
1006 3893 1091 3959 itum,
1108 3885 1361 3956 celebratanima,
1379 3903 1447 3942 cum
1464 3888 1641 3960 egreditura
1653 3893 1804 3964 cogitatio·

39 3948 104 4040 gfff„
125 3995 157 4038 ,a
169 3989 232 4030 esse
246 3975 374 4042 dictum,
394 3971 480 4044 quasi
495 3972 596 4028 dicat:
615 3975 687 4028 «Est
700 3972 779 4028 enim
797 3973 897 4044 passio
913 3977 966 4031 tio-
1006 3972 1094 4031 nibus
1109 3968 1242 4040 AEgypti,
1260 3969 1290 4024 id
1305 3973 1380 4024 csta
1399 3969 1550 4026 molimine
1564 3972 1688 4044 peccati,
1706 3975 1804 4048 inquit

65 4057 130 4128 qliae
170 4056 276 4127 ming„
294 4056 365 4129 quta
379 4055 488 4110 seilicet
500 4055 606 4110 eodem
620 4055 677 4110 hoc
690 4055 737 4109 die
750 4053 966 4125 patieturchri·
1005 4057 1033 4112 S.
1050 4052 1229 4120 Augustinus
1249 4053 1331 4107 tract.
1345 4053 1381 4106 stt
1398 4054 1428 4106 e'n
1446 4053 1525 4110 Jonn.
1544 4054 1695 4127 sl‘ascha,
1708 4057 1804 4132 inquit

44 4129 138 4226 effi
169 4143 242 4196 stus.
257 4139 338 4195 ldem
351 4137 483 4194 indicant
500 4137 644 4206 lrenaeus,
658 4135 711 4192 lib.
732 4137 782 4206 lv,
796 4151 861 4205 cap¹
875 4148 964 4204 xsrrr,
1005 4136 1033 4192 S.
1051 4132 1238 4202 ambrosius,
1254 4131 1306 4188 lib.
1322 4133 1332 4189 l
1347 4135 1385 4189 De
1400 4133 1483 4204 Unio,
1503 4151 1569 4208 cup.
1584 4153 1651 4208 uu,
1664 4141 1803 4198 transitus

140 4210 145 4222 ’
169 4227 197 4282 et
209 4222 417 4291 Nazianzenus,
433 4219 594 4278 oratiouei
609 4223 647 4276 lle
662 4219 778 4292 pascha,-
791 4217 882 4290 idque
896 4232 966 4290 pro·
1005 4223 1047 4276 est
1059 4235 1077 4274 a
1088 4215 1276 4290 passionibus
1288 4216 1327 4274 ad
1340 4218 1476 4275 exercitia
1487 4219 1638 4290 virtutis3n
1655 4227 1684 4278 et
1693 4224 1802 4281 clarius

168 4307 221 4365 bat
239 4307 436 4366 Nazianzenus
455 4321 490 4362 cx
504 4319 552 4376 eo,
567 4304 673 4377 quiesi
695 4300 803 4374 pasche
818 4307 892 4356 esset
913 4303 965 4358 lle·
1005 4301 1058 4361 lib.
1070 4303 1080 4358 l
1092 4302 1260 4365 Uennenses„
1274 4314 1340 4372 cap.
1351 4315 1402 4356 mu
1418 4319 1425 4356 :
1442 4319 1457 4353 a
1470 4302 1579 4360 Pascha
1592 4303 1708 4360 Domini
1717 4311 1804 4381 quot·

167 4391 298 4460 braeum,
318 4405 379 4447 non
393 4390 541 4458 Graecum,
560 4387 720 4445 dicendum
734 4388 809 4440 esset
821 4384 964 4456 phascha,
1005 4384 1092 4444 annis
1118 4382 1298 4452 celebretur,
1323 4383 1380 4440 hoc
1402 4387 1446 4440 est
1474 4385 1642 4444 animarum
1665 4388 1804 4445 transitus

168 4490 230 4532 non
244 4473 365 4546 pascha.
380 4473 494 4528 Veteres
512 4470 590 4527 enim
606 4465 717 4524 Hebraei
739 4480 802 4538 non
815 4465 966 4523 habebant
1006 4465 1112 4524 avitiis
1125 4466 1165 4523 ad
1179 4467 1329 4536 virtutem,
1342 4482 1359 4522 a
1372 4465 1563 4540 passionibus
1575 4469 1671 4527 carnis
1684 4471 1723 4528 ed
1737 4486 1803 4544 gra·

167 4575 202 4628 pe
217 4557 341 4624 durum,
355 4554 408 4611 sed
420 4555 472 4625 phe
485 4551 575 4610 molle
589 4550 650 4606 sive
665 4547 840 4616 trebicum,
853 4548 896 4604 uti
910 4553 966 4606 tes·
1006 4549 1076 4608 tiam
1091 4549 1340 4622 sobrietatemque
1352 4551 1474 4622 mentis,
1489 4567 1507 4610 a
1520 4553 1639 4610 malitiae
1653 4555 1805 4629 nequitia-

169 4643 246 4697 tatur
260 4640 286 4696 S.
302 4634 538 4710 hieronymusin
549 4647 615 4706 cap.
626 4646 657 4689 xi
671 4632 791 4698 Daniele
806 4630 875 4688 hinc
885 4631 965 4690 enim
1007 4649 1067 4708 qne
1079 4631 1223 4690 termento
1238 4632 1277 4690 ad
1292 4633 1444 4692 veritatem
1464 4639 1493 4692 et
1511 4635 1706 4694 sinceritatem
1723 4654 1805 4711 rege·

169 4722 295 4780 dicimus
311 4741 318 4777 :
334 4721 450 4787 Pheres,
467 4717 590 4787 Pharao,
603 4715 780 4786 Pharisaeus;
795 4727 857 4770 non
866 4717 966 4772 autem
1007 4715 1200 4774 notationis.»
1214 4717 1248 4772 nt
1261 4717 1289 4773 S.
1301 4717 1467 4789 Gregorius,
1480 4719 1562 4776 hom.
1576 4721 1804 4792 tuschanensis

168 4807 270 4876 Pares,
287 4807 395 4874 Pareo,
407 4800 559 4858 Parismus.
1010 4817 1026 4854 n
1040 4809 1062 4856 h
1075 4799 1212 4870 regione,
1227 4798 1338 4872 inquit,
1352 4804 1453 4858 nostra
1467 4801 1684 4874 superbiendo,
1703 4802 1806 4860 inobe-

204 4893 381 4965 Respondeo
402 4907 410 4946 ι
432 4891 529 4946 Patres
547 4888 604 4945 hos
621 4901 683 4944 non
698 4885 737 4943 nd
755 4885 895 4956 litteram,
913 4886 967 4944 sed
1008 4883 1135 4952 diendo,
1157 4881 1284 4940 visibilia
1299 4883 1469 4956 sequendo,
1487 4883 1589 4942 cibum
1602 4885 1724 4944 vetitum
1736 4900 1806 4956 gus-

169 4975 291 5050 mystice
310 4971 410 5047 loqui,
430 4976 458 5029 et
478 4970 641 5046 symbolice
657 4971 739 5027 hunc
755 4969 856 5026 locum
874 4969 967 5042 expli·
1008 4967 1099 5024 undo
1112 4964 1300 5022 discessimus
1311 4983 1319 5020 ε
1331 4966 1383 5022 sed
1395 4965 1435 5022 ad
1442 4979 1509 5024 eam
1517 4981 1635 5024 necesse
1642 4972 1685 5025 est
1692 4967 1805 5038 tiendo,

31 5076 112 5125 narses
124 5072 157 5118 ut·
170 5075 236 5117 care
251 5076 259 5114 :
275 5057 380 5114 nolunt
401 5055 498 5126 enim,
516 5071 579 5112 non
600 5053 663 5110 sine
681 5053 731 5111 bei
749 5052 875 5110 consilio
890 5053 967 5110 hauc
1009 5049 1194 5119 obediendo,
1209 5048 1338 5107 visibilia
1357 5049 1589 5121 contemnendo,
1604 5054 1694 5125 atque
1715 5064 1793 5106 auun

59 5138 144 5216 ulmi
169 5157 274 5200 vocem
297 5142 399 5214 pascha
421 5138 571 5196 inventam
591 5153 671 5208 esse,
692 5153 760 5210 quoe
780 5141 841 5194 tam
863 5152 967 5209 graece,
1007 5133 1095 5191 titum
1118 5133 1214 5190 carnis
1235 5131 1422 5189 refrenando
1447 5131 1614 5190 redeamus.
1640 5135 1693 5191 Per
1718 5155 1719 5164 ¹

31 5199 158 5317 ξῖζζὴῗ
171 5241 263 5298 quem
280 5223 418 5282 hebraice
437 5220 649 5296 etymologiam
668 5219 758 5277 habet
776 5221 819 5277 rei
839 5220 968 5277 maxime
1009 5233 1081 5290 ergo
1104 5216 1185 5274 riam
1208 5215 1248 5274 nd
1268 5215 1422 5286 regionem
1442 5219 1576 5275 nostram
1602 5217 1706 5290 regred

30 5323 91 5378 iam
124 5315 159 5359 di·
172 5309 635 5377 consentaneamhrgumentum
644 5303 967 5374 Nazianzeniexileest;
1010 5299 1154 5374 quonim
1175 5300 1228 5374 qui
1248 5298 1410 5372 aparadisi
1429 5299 1547 5372 gaudiis
1567 5314 1622 5375 per
1640 5299 1699 5358 dele

33 5382 100 5428 ⁶⁰⁰²
120 5387 158 5436 ΡΘ·
172 5405 243 5451 nam
257 5405 320 5452 non
331 5391 448 5450 tantum
461 5388 565 5459 Graeci,
583 5387 647 5464 syri
665 5389 693 5444 et
713 5387 855 5462 chaldaei,
874 5389 925 5446 seh
942 5389 970 5444 et
1010 5403 1077 5444 uem
1087 5385 1271 5455 recessimus,
1282 5384 1321 5442 ad
1329 5384 1392 5444 hec
1400 5401 1454 5462 per
1462 5384 1591 5446 lamenta
1599 5400 1699 5450 revoca
