<?xml version="1.0" encoding="UTF-8"?>
<!DOCTYPE html PUBLIC "-//W3C//DTD XHTML 1.0 Transitional//EN"
    "http://www.w3.org/TR/xhtml1/DTD/xhtml1-transitional.dtd">
<html xmlns="http://www.w3.org/1999/xhtml" xml:lang="en" lang="en">
 <head>
  <title>
</title>
<meta http-equiv="Content-Type" content="text/html;charset=utf-8" />
  <meta name='ocr-system' content='tesseract 3.04.00' />
  <meta name='ocr-capabilities' content='ocr_page ocr_carea ocr_par ocr_line ocrx_word'/>
</head>
<body>
  <div class='ocr_page' id='page_1' title='image "./commentariainsc00lapigoog/commentariainsc00lapigoog_0445.png"; bbox 0 0 4264 6038; ppageno 0'>
   <div class='ocr_carea' id='block_1_1' title="bbox 154 295 1415 377">
    <p class='ocr_par' dir='ltr' id='par_1_1' title="bbox 154 295 1415 377">
     <span class='ocr_line' id='line_1_1' title="bbox 154 295 1415 377; baseline 0.013 -26"><span class='ocrx_word' id='word_1_1' title='bbox 154 295 157 301; x_wconf 88' lang='lat'>&#39;</span> <span class='ocrx_word' id='word_1_2' title='bbox 206 324 211 338; x_wconf 75' lang='lat'><strong>‹</strong></span> <span class='ocrx_word' id='word_1_3' title='bbox 265 309 320 372; x_wconf 67' lang='lat' dir='ltr'><em>m</em></span> <span class='ocrx_word' id='word_1_4' title='bbox 752 305 995 366; x_wconf 72' lang='lat' dir='ltr'><strong>contuentium</strong></span> <span class='ocrx_word' id='word_1_5' title='bbox 1014 298 1048 364; x_wconf 78' lang='lat' dir='ltr'><strong>til</strong></span> <span class='ocrx_word' id='word_1_6' title='bbox 1065 305 1224 377; x_wconf 64' lang='lat' dir='ltr'><strong>durmin,</strong></span> <span class='ocrx_word' id='word_1_7' title='bbox 1243 317 1305 366; x_wconf 75' lang='lat' dir='ltr'><strong>dne.</strong></span> <span class='ocrx_word' id='word_1_8' title='bbox 1325 305 1415 368; x_wconf 74' lang='lat' dir='ltr'><strong>Xiill.</strong></span> 
     </span>
    </p>
   </div>
   <div class='ocr_carea' id='block_1_2' title="bbox 143 409 2099 5338">
    <p class='ocr_par' dir='ltr' id='par_1_2' title="bbox 263 409 1901 824">
     <span class='ocr_line' id='line_1_2' title="bbox 265 409 1901 488; baseline -0.001 -13"><span class='ocrx_word' id='word_1_9' title='bbox 265 417 327 475; x_wconf 88' lang='lat' dir='ltr'><strong>tam</strong></span> <span class='ocrx_word' id='word_1_10' title='bbox 343 413 452 488; x_wconf 88' lang='lat' dir='ltr'><strong>impios</strong></span> <span class='ocrx_word' id='word_1_11' title='bbox 471 411 627 484; x_wconf 87' lang='lat' dir='ltr'><strong>homiues,</strong></span> <span class='ocrx_word' id='word_1_12' title='bbox 641 413 731 486; x_wconf 87' lang='lat' dir='ltr'><strong>atqua</strong></span> <span class='ocrx_word' id='word_1_13' title='bbox 745 409 907 471; x_wconf 75' lang='lat' dir='ltr'><strong>undictam</strong></span> <span class='ocrx_word' id='word_1_14' title='bbox 919 426 996 472; x_wconf 86' lang='lat' dir='ltr'><strong>ama</strong></span> <span class='ocrx_word' id='word_1_15' title='bbox 1009 425 1060 470; x_wconf 85' lang='lat' dir='ltr'><strong>ex·</strong></span> <span class='ocrx_word' id='word_1_16' title='bbox 1104 410 1149 468; x_wconf 90' lang='lat' dir='ltr'><strong>dit</strong></span> <span class='ocrx_word' id='word_1_17' title='bbox 1161 409 1335 486; x_wconf 74' lang='lat' dir='ltr'><strong>chaldeus)</strong></span> <span class='ocrx_word' id='word_1_18' title='bbox 1349 427 1451 472; x_wconf 85' lang='lat' dir='ltr'><strong>eoram</strong></span> <span class='ocrx_word' id='word_1_19' title='bbox 1471 409 1637 484; x_wconf 78' lang='lat' dir='ltr'><strong>bomiu03»</strong></span> <span class='ocrx_word' id='word_1_20' title='bbox 1653 428 1723 472; x_wconf 91' lang='lat' dir='ltr'><strong>eum</strong></span> <span class='ocrx_word' id='word_1_21' title='bbox 1743 411 1823 473; x_wconf 91' lang='lat' dir='ltr'><strong>enim</strong></span> <span class='ocrx_word' id='word_1_22' title='bbox 1836 417 1901 474; x_wconf 87' lang='lat' dir='ltr'><strong>erat</strong></span> 
     </span>
     <span class='ocr_line' id='line_1_3' title="bbox 265 491 1901 574; baseline 0 -18"><span class='ocrx_word' id='word_1_23' title='bbox 265 500 413 573; x_wconf 71' lang='lat' dir='ltr'><strong>torquent.</strong></span> <span class='ocrx_word' id='word_1_24' title='bbox 427 494 608 554; x_wconf 81' lang='lat' dir='ltr'><strong>bessendam</strong></span> <span class='ocrx_word' id='word_1_25' title='bbox 621 507 693 568; x_wconf 89' lang='lat' dir='ltr'><strong>ergo</strong></span> <span class='ocrx_word' id='word_1_26' title='bbox 704 508 756 565; x_wconf 91' lang='lat' dir='ltr'><strong>eo,</strong></span> <span class='ocrx_word' id='word_1_27' title='bbox 768 497 803 552; x_wconf 89' lang='lat' dir='ltr'><strong>ut</strong></span> <span class='ocrx_word' id='word_1_28' title='bbox 813 491 931 554; x_wconf 86' lang='lat' dir='ltr'><strong>videam</strong></span> <span class='ocrx_word' id='word_1_29' title='bbox 944 492 1060 552; x_wconf 81' lang='lat' dir='ltr'><strong>subeo</strong></span> <span class='ocrx_word' id='word_1_30' title='bbox 1101 491 1252 556; x_wconf 79' lang='lat' dir='ltr'><strong>Abrabam</strong></span> <span class='ocrx_word' id='word_1_31' title='bbox 1275 495 1430 574; x_wconf 84' lang='lat' dir='ltr'><strong>usquead</strong></span> <span class='ocrx_word' id='word_1_32' title='bbox 1451 495 1544 556; x_wconf 84' lang='lat' dir='ltr'><strong>duem</strong></span> <span class='ocrx_word' id='word_1_33' title='bbox 1565 496 1689 572; x_wconf 81' lang='lat' dir='ltr'><strong>cepitis,</strong></span> <span class='ocrx_word' id='word_1_34' title='bbox 1712 501 1744 556; x_wconf 91' lang='lat' dir='ltr'><strong>ut</strong></span> <span class='ocrx_word' id='word_1_35' title='bbox 1764 499 1901 558; x_wconf 57' lang='lat' dir='ltr'><strong>&amp;domu</strong></span> 
     </span>
     <span class='ocr_line' id='line_1_4' title="bbox 263 576 1900 656; baseline 0 -16"><span class='ocrx_word' id='word_1_36' title='bbox 263 580 358 652; x_wconf 77' lang='lat' dir='ltr'><strong>teus,</strong></span> <span class='ocrx_word' id='word_1_37' title='bbox 373 585 402 638; x_wconf 91' lang='lat' dir='ltr'><strong>et</strong></span> <span class='ocrx_word' id='word_1_38' title='bbox 417 577 466 637; x_wconf 89' lang='lat' dir='ltr'><strong>bio</strong></span> <span class='ocrx_word' id='word_1_39' title='bbox 478 581 669 654; x_wconf 78' lang='lat' dir='ltr'><strong>peecatorum</strong></span> <span class='ocrx_word' id='word_1_40' title='bbox 681 577 767 652; x_wconf 83' lang='lat' dir='ltr'><strong>quasi</strong></span> <span class='ocrx_word' id='word_1_41' title='bbox 781 581 986 636; x_wconf 71' lang='lat' dir='ltr'><strong>accusatorum</strong></span> <span class='ocrx_word' id='word_1_42' title='bbox 1000 576 1059 636; x_wconf 86' lang='lat' dir='ltr'><strong>ula·</strong></span> <span class='ocrx_word' id='word_1_43' title='bbox 1102 583 1221 652; x_wconf 80' lang='lat' dir='ltr'><strong>pareat3</strong></span> <span class='ocrx_word' id='word_1_44' title='bbox 1236 579 1317 638; x_wconf 90' lang='lat' dir='ltr'><strong>uude</strong></span> <span class='ocrx_word' id='word_1_45' title='bbox 1329 577 1415 638; x_wconf 85' lang='lat' dir='ltr'><strong>linita</strong></span> <span class='ocrx_word' id='word_1_46' title='bbox 1428 577 1563 639; x_wconf 88' lang='lat' dir='ltr'><strong>oratione</strong></span> <span class='ocrx_word' id='word_1_47' title='bbox 1577 584 1606 637; x_wconf 90' lang='lat' dir='ltr'><strong>et</strong></span> <span class='ocrx_word' id='word_1_48' title='bbox 1618 579 1785 656; x_wconf 73' lang='lat' dir='ltr'><strong>colloquio,</strong></span> <span class='ocrx_word' id='word_1_49' title='bbox 1798 582 1900 640; x_wconf 79' lang='lat' dir='ltr'><strong>tertius</strong></span> 
     </span>
     <span class='ocr_line' id='line_1_5' title="bbox 264 659 1901 739; baseline 0 -15"><span class='ocrx_word' id='word_1_50' title='bbox 264 677 431 724; x_wconf 85' lang='lat' dir='ltr'><strong>murverus</strong></span> <span class='ocrx_word' id='word_1_51' title='bbox 450 661 504 730; x_wconf 87' lang='lat' dir='ltr'><strong>sit.</strong></span> <span class='ocrx_word' id='word_1_52' title='bbox 518 676 558 720; x_wconf 86' lang='lat' dir='ltr'><strong>an</strong></span> <span class='ocrx_word' id='word_1_53' title='bbox 574 675 652 733; x_wconf 88' lang='lat' dir='ltr'><strong>non,</strong></span> <span class='ocrx_word' id='word_1_54' title='bbox 667 664 701 718; x_wconf 91' lang='lat' dir='ltr'><strong>ut</strong></span> <span class='ocrx_word' id='word_1_55' title='bbox 721 659 1057 735; x_wconf 84' lang='lat' dir='ltr'><strong>experientialdeeiem.</strong></span> <span class='ocrx_word' id='word_1_56' title='bbox 1101 659 1152 720; x_wconf 88' lang='lat' dir='ltr'><strong>ille</strong></span> <span class='ocrx_word' id='word_1_57' title='bbox 1174 661 1214 720; x_wconf 90' lang='lat' dir='ltr'><strong>ab</strong></span> <span class='ocrx_word' id='word_1_58' title='bbox 1240 661 1411 722; x_wconf 73' lang='lat' dir='ltr'><strong>abrahamo</strong></span> <span class='ocrx_word' id='word_1_59' title='bbox 1433 659 1508 721; x_wconf 89' lang='lat' dir='ltr'><strong>abiit</strong></span> <span class='ocrx_word' id='word_1_60' title='bbox 1526 663 1556 720; x_wconf 87' lang='lat' dir='ltr'><strong>et</strong></span> <span class='ocrx_word' id='word_1_61' title='bbox 1577 661 1741 738; x_wconf 80' lang='lat' dir='ltr'><strong>disperrut,</strong></span> <span class='ocrx_word' id='word_1_62' title='bbox 1764 669 1798 722; x_wconf 87' lang='lat' dir='ltr'><strong>ut</strong></span> <span class='ocrx_word' id='word_1_63' title='bbox 1821 667 1901 739; x_wconf 87' lang='lat' dir='ltr'><strong>patet</strong></span> 
     </span>
     <span class='ocr_line' id='line_1_6' title="bbox 264 742 1239 824; baseline -0.002 -18"><span class='ocrx_word' id='word_1_64' title='bbox 264 747 407 824; x_wconf 79' lang='lat' dir='ltr'><strong>Loquitur</strong></span> <span class='ocrx_word' id='word_1_65' title='bbox 426 750 454 805; x_wconf 88' lang='lat' dir='ltr'><strong>et</strong></span> <span class='ocrx_word' id='word_1_66' title='bbox 471 745 532 819; x_wconf 86' lang='lat' dir='ltr'><strong>agit</strong></span> <span class='ocrx_word' id='word_1_67' title='bbox 549 745 687 806; x_wconf 80' lang='lat' dir='ltr'><strong>blatteus</strong></span> <span class='ocrx_word' id='word_1_68' title='bbox 701 759 785 804; x_wconf 90' lang='lat' dir='ltr'><strong>mure</strong></span> <span class='ocrx_word' id='word_1_69' title='bbox 796 742 1057 817; x_wconf 81' lang='lat' dir='ltr'><strong>nostrommJ&#39;udi-</strong></span> <span class='ocrx_word' id='word_1_70' title='bbox 1102 760 1179 804; x_wconf 82' lang='lat' dir='ltr'><strong>vers.</strong></span> <span class='ocrx_word' id='word_1_71' title='bbox 1192 745 1239 804; x_wconf 86' lang='grc'><strong>33.</strong></span> 
     </span>
    </p>

    <p class='ocr_par' dir='ltr' id='par_1_3' title="bbox 264 827 2018 1056">
     <span class='ocr_line' id='line_1_7' title="bbox 264 827 2018 906; baseline 0.002 -18"><span class='ocrx_word' id='word_1_72' title='bbox 264 843 347 902; x_wconf 85' lang='lat' dir='ltr'><strong>eum,</strong></span> <span class='ocrx_word' id='word_1_73' title='bbox 369 829 422 905; x_wconf 82' lang='lat' dir='ltr'><strong>qui</strong></span> <span class='ocrx_word' id='word_1_74' title='bbox 441 829 577 888; x_wconf 85' lang='lat' dir='ltr'><strong>eominus</strong></span> <span class='ocrx_word' id='word_1_75' title='bbox 600 828 639 888; x_wconf 92' lang='lat' dir='ltr'><strong>de</strong></span> <span class='ocrx_word' id='word_1_76' title='bbox 656 827 736 888; x_wconf 84' lang='lat' dir='ltr'><strong>laeto</strong></span> <span class='ocrx_word' id='word_1_77' title='bbox 750 829 920 904; x_wconf 87' lang='lat' dir='ltr'><strong>inquirunt,</strong></span> <span class='ocrx_word' id='word_1_78' title='bbox 935 842 1058 902; x_wconf 80' lang='lat' dir='ltr'><strong>remque</strong></span> <span class='ocrx_word' id='word_1_79' title='bbox 1136 830 1182 888; x_wconf 77' lang='lat'><strong>25.</strong></span> <span class='ocrx_word' id='word_1_80' title='bbox 1198 831 1252 900; x_wconf 80' lang='lat' dir='ltr'><strong>Qui</strong></span> <span class='ocrx_word' id='word_1_81' title='bbox 1268 840 1384 888; x_wconf 78' lang='lat' dir='ltr'><strong>metans</strong></span> <span class='ocrx_word' id='word_1_82' title='bbox 1398 840 1497 889; x_wconf 76' lang='lat' dir='ltr'><strong>oran</strong></span> <span class='ocrx_word' id='word_1_83' title='bbox 1516 829 2018 906; x_wconf 69' lang='lat' dir='ltr'><strong>raam,-qrri1&#39;ustiesl-verare.</strong></span> 
     </span>
     <span class='ocr_line' id='line_1_8' title="bbox 264 909 1899 989; baseline 0.002 -18"><span class='ocrx_word' id='word_1_84' title='bbox 264 913 422 988; x_wconf 75' lang='lat' dir='ltr'><strong>inspiciunt</strong></span> <span class='ocrx_word' id='word_1_85' title='bbox 427 955 437 986; x_wconf 90' lang='lat'>‚</span> <span class='ocrx_word' id='word_1_86' title='bbox 455 917 490 972; x_wconf 88' lang='lat' dir='ltr'><strong>ut</strong></span> <span class='ocrx_word' id='word_1_87' title='bbox 501 911 573 971; x_wconf 79' lang='lat' dir='ltr'><strong>dixi.</strong></span> <span class='ocrx_word' id='word_1_88' title='bbox 587 913 661 972; x_wconf 86' lang='lat' dir='ltr'><strong>Nam</strong></span> <span class='ocrx_word' id='word_1_89' title='bbox 676 914 752 973; x_wconf 80' lang='lat' dir='ltr'><strong>Deus</strong></span> <span class='ocrx_word' id='word_1_90' title='bbox 765 915 833 972; x_wconf 89' lang='lat' dir='ltr'><strong>ante</strong></span> <span class='ocrx_word' id='word_1_91' title='bbox 846 911 1057 988; x_wconf 85' lang='lat' dir='ltr'><strong>experientiam</strong></span> <span class='ocrx_word' id='word_1_92' title='bbox 1101 927 1171 972; x_wconf 87' lang='lat' dir='ltr'><strong>mua</strong></span> <span class='ocrx_word' id='word_1_93' title='bbox 1183 927 1215 972; x_wconf 89' lang='lat' dir='ltr'><strong>es</strong></span> <span class='ocrx_word' id='word_1_94' title='bbox 1237 911 1346 986; x_wconf 79' lang='lat' dir='ltr'><strong>judex,</strong></span> <span class='ocrx_word' id='word_1_95' title='bbox 1358 927 1466 974; x_wconf 86' lang='lat' dir='ltr'><strong>norma</strong></span> <span class='ocrx_word' id='word_1_96' title='bbox 1475 909 1649 986; x_wconf 76' lang='lat' dir='ltr'><strong>lustitia‚et</strong></span> <span class='ocrx_word' id='word_1_97' title='bbox 1659 914 1752 989; x_wconf 83' lang='lat' dir='ltr'><strong>judex</strong></span> <span class='ocrx_word' id='word_1_98' title='bbox 1762 914 1899 988; x_wconf 80' lang='lat' dir='ltr'><strong>judicum</strong></span> 
     </span>
     <span class='ocr_line' id='line_1_9' title="bbox 264 995 1197 1056; baseline 0 -2"><span class='ocrx_word' id='word_1_99' title='bbox 264 995 642 1056; x_wconf 81' lang='lat' dir='ltr'><strong>omniauovitubeeterno.</strong></span> <span class='ocrx_word' id='word_1_100' title='bbox 1102 999 1197 1055; x_wconf 81' lang='lat' dir='ltr'><strong>terrae.</strong></span> 
     </span>
    </p>

    <p class='ocr_par' dir='ltr' id='par_1_4' title="bbox 263 1077 2017 1408">
     <span class='ocr_line' id='line_1_10' title="bbox 297 1077 2017 1156; baseline 0.005 -19"><span class='ocrx_word' id='word_1_101' title='bbox 297 1081 373 1138; x_wconf 74' lang='lat' dir='ltr'><strong>Nota</strong></span> <span class='ocrx_word' id='word_1_102' title='bbox 387 1097 395 1136; x_wconf 78' lang='grc' dir='ltr'><strong>ι</strong></span> <span class='ocrx_word' id='word_1_103' title='bbox 415 1079 493 1140; x_wconf 85' lang='lat' dir='ltr'><strong>tiano</strong></span> <span class='ocrx_word' id='word_1_104' title='bbox 513 1077 725 1156; x_wconf 76' lang='lat' dir='ltr'><strong>experientiam</strong></span> <span class='ocrx_word' id='word_1_105' title='bbox 745 1079 873 1156; x_wconf 77' lang='lat' dir='ltr'><strong>sumpsit</strong></span> <span class='ocrx_word' id='word_1_106' title='bbox 884 1081 975 1151; x_wconf 81' lang='lat' dir='ltr'><strong>Deus,</strong></span> <span class='ocrx_word' id='word_1_107' title='bbox 990 1095 1055 1154; x_wconf 86' lang='lat' dir='ltr'><strong>esp.</strong></span> <span class='ocrx_word' id='word_1_108' title='bbox 1136 1081 1182 1139; x_wconf 79' lang='lat'><strong>26.</strong></span> <span class='ocrx_word' id='word_1_109' title='bbox 1196 1084 1227 1140; x_wconf 82' lang='lat' dir='ltr'><strong>ln</strong></span> <span class='ocrx_word' id='word_1_110' title='bbox 1238 1095 1329 1140; x_wconf 81' lang='lat' dir='ltr'><strong>mro</strong></span> <span class='ocrx_word' id='word_1_111' title='bbox 1345 1095 1505 1154; x_wconf 78' lang='lat' dir='ltr'><strong>aturrus,</strong></span> <span class='ocrx_word' id='word_1_112' title='bbox 1517 1111 1553 1128; x_wconf 90' lang='lat'>-</span> <span class='ocrx_word' id='word_1_113' title='bbox 1565 1077 1597 1140; x_wconf 91' lang='lat' dir='ltr'><strong>in</strong></span> <span class='ocrx_word' id='word_1_114' title='bbox 1610 1080 1677 1156; x_wconf 88' lang='lat' dir='ltr'><strong>ipsa</strong></span> <span class='ocrx_word' id='word_1_115' title='bbox 1693 1080 1827 1154; x_wconf 56' lang='lat' dir='ltr'><strong>eiulatu</strong></span> <span class='ocrx_word' id='word_1_116' title='bbox 1841 1081 1900 1142; x_wconf 87' lang='lat' dir='ltr'><strong>boe</strong></span> <span class='ocrx_word' id='word_1_117' title='bbox 1910 1093 1973 1146; x_wconf 78' lang='lat' dir='ltr'><strong>vers</strong></span> <span class='ocrx_word' id='word_1_118' title='bbox 1981 1099 2017 1146; x_wconf 82' lang='lat' dir='ltr'><strong>rr.</strong></span> 
     </span>
     <span class='ocr_line' id='line_1_11' title="bbox 264 1161 1898 1238; baseline 0.002 -18"><span class='ocrx_word' id='word_1_119' title='bbox 264 1163 397 1238; x_wconf 75' lang='lat' dir='ltr'><strong>sequenti</strong></span> <span class='ocrx_word' id='word_1_120' title='bbox 409 1179 485 1223; x_wconf 89' lang='lat' dir='ltr'><strong>vers.</strong></span> <span class='ocrx_word' id='word_1_121' title='bbox 501 1165 535 1236; x_wconf 79' lang='grc'><strong>3,</strong></span> <span class='ocrx_word' id='word_1_122' title='bbox 549 1179 619 1224; x_wconf 85' lang='lat' dir='ltr'><strong>eum</strong></span> <span class='ocrx_word' id='word_1_123' title='bbox 632 1179 663 1222; x_wconf 89' lang='lat' dir='ltr'><strong>se</strong></span> <span class='ocrx_word' id='word_1_124' title='bbox 674 1177 729 1237; x_wconf 90' lang='lat' dir='ltr'><strong>per</strong></span> <span class='ocrx_word' id='word_1_125' title='bbox 742 1163 820 1224; x_wconf 83' lang='lat' dir='ltr'><strong>duos</strong></span> <span class='ocrx_word' id='word_1_126' title='bbox 831 1165 922 1223; x_wconf 86' lang='lat' dir='ltr'><strong>bosea</strong></span> <span class='ocrx_word' id='word_1_127' title='bbox 934 1161 1057 1237; x_wconf 87' lang='lat' dir='ltr'><strong>angelos</strong></span> <span class='ocrx_word' id='word_1_128' title='bbox 1101 1163 1181 1222; x_wconf 87' lang='lat' dir='ltr'><strong>enim</strong></span> <span class='ocrx_word' id='word_1_129' title='bbox 1195 1162 1340 1238; x_wconf 82' lang='lat' dir='ltr'><strong>signifieat</strong></span> <span class='ocrx_word' id='word_1_130' title='bbox 1352 1163 1401 1222; x_wconf 87' lang='lat' dir='ltr'><strong>hie</strong></span> <span class='ocrx_word' id='word_1_131' title='bbox 1419 1163 1617 1224; x_wconf 81' lang='lat' dir='ltr'><strong>hebraismus.</strong></span> <span class='ocrx_word' id='word_1_132' title='bbox 1632 1167 1687 1222; x_wconf 80' lang='lat' dir='ltr'><strong>Per</strong></span> <span class='ocrx_word' id='word_1_133' title='bbox 1697 1165 1775 1224; x_wconf 87' lang='lat' dir='ltr'><strong>bauo</strong></span> <span class='ocrx_word' id='word_1_134' title='bbox 1797 1164 1898 1224; x_wconf 87' lang='lat' dir='ltr'><strong>eivita-</strong></span> 
     </span>
     <span class='ocr_line' id='line_1_12' title="bbox 263 1245 1899 1324; baseline 0 -16"><span class='ocrx_word' id='word_1_135' title='bbox 263 1247 421 1308; x_wconf 86' lang='lat' dir='ltr'><strong>Sodurnitis</strong></span> <span class='ocrx_word' id='word_1_136' title='bbox 443 1248 574 1306; x_wconf 86' lang='lat' dir='ltr'><strong>duorum</strong></span> <span class='ocrx_word' id='word_1_137' title='bbox 595 1246 730 1307; x_wconf 84' lang='lat' dir='ltr'><strong>virorum</strong></span> <span class='ocrx_word' id='word_1_138' title='bbox 750 1247 846 1322; x_wconf 82' lang='lat' dir='ltr'><strong>speeie</strong></span> <span class='ocrx_word' id='word_1_139' title='bbox 865 1245 1057 1322; x_wconf 60' lang='lat' dir='ltr'><strong>objectaret</strong></span> <span class='ocrx_word' id='word_1_140' title='bbox 1102 1252 1162 1307; x_wconf 92' lang='lat' dir='ltr'><strong>tem</strong></span> <span class='ocrx_word' id='word_1_141' title='bbox 1185 1248 1247 1308; x_wconf 85' lang='lat' dir='ltr'><strong>aive</strong></span> <span class='ocrx_word' id='word_1_142' title='bbox 1270 1247 1478 1324; x_wconf 82' lang='lat' dir='ltr'><strong>metropolim,</strong></span> <span class='ocrx_word' id='word_1_143' title='bbox 1500 1253 1575 1324; x_wconf 86' lang='lat' dir='ltr'><strong>puta</strong></span> <span class='ocrx_word' id='word_1_144' title='bbox 1600 1247 1782 1322; x_wconf 74' lang='lat' dir='ltr'><strong>Sedunum,</strong></span> <span class='ocrx_word' id='word_1_145' title='bbox 1804 1251 1899 1308; x_wconf 88' lang='lat' dir='ltr'><strong>totam</strong></span> 
     </span>
     <span class='ocr_line' id='line_1_13' title="bbox 264 1331 1899 1408; baseline 0 -18"><span class='ocrx_word' id='word_1_146' title='bbox 264 1331 362 1392; x_wconf 85' lang='lat' dir='ltr'><strong>statim</strong></span> <span class='ocrx_word' id='word_1_147' title='bbox 373 1331 413 1392; x_wconf 91' lang='lat' dir='ltr'><strong>ab</strong></span> <span class='ocrx_word' id='word_1_148' title='bbox 424 1331 466 1390; x_wconf 88' lang='lat' dir='ltr'><strong>eis</strong></span> <span class='ocrx_word' id='word_1_149' title='bbox 478 1331 520 1391; x_wconf 89' lang='lat' dir='ltr'><strong>ad</strong></span> <span class='ocrx_word' id='word_1_150' title='bbox 532 1335 670 1405; x_wconf 86' lang='lat' dir='ltr'><strong>stuprum</strong></span> <span class='ocrx_word' id='word_1_151' title='bbox 680 1331 803 1408; x_wconf 88' lang='lat' dir='ltr'><strong>appetiti</strong></span> <span class='ocrx_word' id='word_1_152' title='bbox 812 1335 892 1390; x_wconf 88' lang='lat' dir='ltr'><strong>suut.</strong></span> <span class='ocrx_word' id='word_1_153' title='bbox 1101 1331 1285 1408; x_wconf 80' lang='lat' dir='ltr'><strong>Pentapolim</strong></span> <span class='ocrx_word' id='word_1_154' title='bbox 1298 1331 1428 1406; x_wconf 84' lang='lat' dir='ltr'><strong>intellige</strong></span> <span class='ocrx_word' id='word_1_155' title='bbox 1434 1351 1444 1406; x_wconf 73' lang='grc' dir='ltr'><strong><em>ς</em></strong></span> <span class='ocrx_word' id='word_1_156' title='bbox 1456 1331 1539 1392; x_wconf 91' lang='lat' dir='ltr'><strong>unde</strong></span> <span class='ocrx_word' id='word_1_157' title='bbox 1551 1331 1577 1395; x_wconf 80' lang='lat' dir='ltr'><strong>si</strong></span> <span class='ocrx_word' id='word_1_158' title='bbox 1590 1333 1667 1392; x_wconf 83' lang='lat' dir='ltr'><strong>lieus</strong></span> <span class='ocrx_word' id='word_1_159' title='bbox 1679 1331 1712 1390; x_wconf 92' lang='lat' dir='ltr'><strong>in</strong></span> <span class='ocrx_word' id='word_1_160' title='bbox 1721 1335 1785 1390; x_wconf 84' lang='lat' dir='ltr'><strong>tota</strong></span> <span class='ocrx_word' id='word_1_161' title='bbox 1798 1333 1899 1390; x_wconf 75' lang='lat' dir='ltr'><strong>Penta·</strong></span> 
     </span>
    </p>

    <p class='ocr_par' dir='ltr' id='par_1_5' title="bbox 263 1413 2006 1825">
     <span class='ocr_line' id='line_1_14' title="bbox 299 1413 1899 1494; baseline -0.001 -18"><span class='ocrx_word' id='word_1_162' title='bbox 299 1419 372 1476; x_wconf 82' lang='lat' dir='ltr'><strong>tiela</strong></span> <span class='ocrx_word' id='word_1_163' title='bbox 393 1415 522 1486; x_wconf 63' lang='lat' dir='ltr'><strong>umam,</strong></span> <span class='ocrx_word' id='word_1_164' title='bbox 541 1415 638 1475; x_wconf 87' lang='lat' dir='ltr'><strong>multa</strong></span> <span class='ocrx_word' id='word_1_165' title='bbox 658 1414 749 1474; x_wconf 86' lang='lat' dir='ltr'><strong>luisse</strong></span> <span class='ocrx_word' id='word_1_166' title='bbox 765 1417 887 1494; x_wconf 82' lang='lat' dir='ltr'><strong>pearata</strong></span> <span class='ocrx_word' id='word_1_167' title='bbox 903 1415 1056 1486; x_wconf 79' lang='lat' dir='ltr'><strong>Sodomae,</strong></span> <span class='ocrx_word' id='word_1_168' title='bbox 1100 1415 1165 1492; x_wconf 90' lang='lat' dir='ltr'><strong>poli</strong></span> <span class='ocrx_word' id='word_1_169' title='bbox 1177 1417 1281 1476; x_wconf 80' lang='lat' dir='ltr'><strong>decem</strong></span> <span class='ocrx_word' id='word_1_170' title='bbox 1296 1417 1393 1490; x_wconf 75' lang='lat' dir='ltr'><strong>iustos</strong></span> <span class='ocrx_word' id='word_1_171' title='bbox 1410 1414 1585 1487; x_wconf 80' lang='lat' dir='ltr'><strong>invenisset,</strong></span> <span class='ocrx_word' id='word_1_172' title='bbox 1599 1413 1655 1474; x_wconf 88' lang='lat' dir='ltr'><strong>toli</strong></span> <span class='ocrx_word' id='word_1_173' title='bbox 1674 1415 1826 1489; x_wconf 81' lang='lat' dir='ltr'><strong>Pentapoli</strong></span> <span class='ocrx_word' id='word_1_174' title='bbox 1846 1431 1899 1491; x_wconf 89' lang='lat' dir='ltr'><strong>pe-</strong></span> 
     </span>
     <span class='ocr_line' id='line_1_15' title="bbox 263 1496 1899 1577; baseline -0.001 -17"><span class='ocrx_word' id='word_1_175' title='bbox 263 1501 318 1560; x_wconf 90' lang='lat' dir='ltr'><strong>sed</strong></span> <span class='ocrx_word' id='word_1_176' title='bbox 337 1501 489 1577; x_wconf 81' lang='lat' dir='ltr'><strong>precipua</strong></span> <span class='ocrx_word' id='word_1_177' title='bbox 506 1497 642 1571; x_wconf 85' lang='lat' dir='ltr'><strong>luerunt,</strong></span> <span class='ocrx_word' id='word_1_178' title='bbox 664 1499 772 1572; x_wconf 89' lang='lat' dir='ltr'><strong>otium,</strong></span> <span class='ocrx_word' id='word_1_179' title='bbox 796 1498 883 1573; x_wconf 92' lang='lat' dir='ltr'><strong>gula,</strong></span> <span class='ocrx_word' id='word_1_180' title='bbox 901 1496 1056 1572; x_wconf 89' lang='lat' dir='ltr'><strong>superbia,</strong></span> <span class='ocrx_word' id='word_1_181' title='bbox 1100 1499 1249 1575; x_wconf 78' lang='lat' dir='ltr'><strong>paruisset.</strong></span> <span class='ocrx_word' id='word_1_182' title='bbox 1262 1501 1303 1557; x_wconf 88' lang='lat' dir='ltr'><strong>lta</strong></span> <span class='ocrx_word' id='word_1_183' title='bbox 1310 1498 1476 1558; x_wconf 76' lang='lat' dir='ltr'><strong>nuulemu.</strong></span> <span class='ocrx_word' id='word_1_184' title='bbox 1490 1497 1610 1570; x_wconf 71' lang='lat' dir='ltr'><strong>«Unde,</strong></span> <span class='ocrx_word' id='word_1_185' title='bbox 1625 1497 1722 1576; x_wconf 76' lang='lat' dir='ltr'><strong>iuquit</strong></span> <span class='ocrx_word' id='word_1_186' title='bbox 1734 1499 1762 1556; x_wconf 82' lang='lat' dir='ltr'><strong>s.</strong></span> <span class='ocrx_word' id='word_1_187' title='bbox 1773 1498 1899 1558; x_wconf 74' lang='lat' dir='ltr'><strong>Ambro-</strong></span> 
     </span>
     <span class='ocr_line' id='line_1_16' title="bbox 263 1579 2006 1659; baseline -0.001 -17"><span class='ocrx_word' id='word_1_188' title='bbox 263 1582 495 1659; x_wconf 86' lang='lat' dir='ltr'><strong>inhospitalitas,</strong></span> <span class='ocrx_word' id='word_1_189' title='bbox 509 1581 685 1654; x_wconf 87' lang='lat' dir='ltr'><strong>erudelitas,</strong></span> <span class='ocrx_word' id='word_1_190' title='bbox 698 1581 749 1640; x_wconf 82' lang='lat' dir='ltr'><strong>Dei</strong></span> <span class='ocrx_word' id='word_1_191' title='bbox 762 1585 964 1656; x_wconf 84' lang='lat' dir='ltr'><strong>eontemptus,</strong></span> <span class='ocrx_word' id='word_1_192' title='bbox 978 1581 1057 1638; x_wconf 83' lang='lat' dir='ltr'><strong>etex</strong></span> <span class='ocrx_word' id='word_1_193' title='bbox 1071 1625 1074 1630; x_wconf 82' lang='grc'><strong>.</strong></span> <span class='ocrx_word' id='word_1_194' title='bbox 1101 1583 1182 1655; x_wconf 88' lang='lat' dir='ltr'><strong>sius,</strong></span> <span class='ocrx_word' id='word_1_195' title='bbox 1196 1582 1339 1642; x_wconf 82' lang='lat' dir='ltr'><strong>discimus</strong></span> <span class='ocrx_word' id='word_1_196' title='bbox 1353 1585 1484 1657; x_wconf 85' lang='lat' dir='ltr'><strong>quantus</strong></span> <span class='ocrx_word' id='word_1_197' title='bbox 1496 1595 1602 1640; x_wconf 89' lang='lat' dir='ltr'><strong>murus</strong></span> <span class='ocrx_word' id='word_1_198' title='bbox 1614 1579 1653 1639; x_wconf 86' lang='lat' dir='ltr'><strong>sit</strong></span> <span class='ocrx_word' id='word_1_199' title='bbox 1664 1579 1769 1656; x_wconf 78' lang='lat' dir='ltr'><strong>patria</strong></span> <span class='ocrx_word' id='word_1_200' title='bbox 1780 1581 1827 1640; x_wconf 86' lang='lat' dir='ltr'><strong>vir</strong></span> <span class='ocrx_word' id='word_1_201' title='bbox 1835 1581 1898 1656; x_wconf 79' lang='lat' dir='ltr'><strong>ius·</strong></span> <span class='ocrx_word' id='word_1_202' title='bbox 1999 1610 2006 1621; x_wconf 95' lang='lat'><strong>·</strong></span> 
     </span>
     <span class='ocr_line' id='line_1_17' title="bbox 263 1663 1898 1743; baseline 0 -17"><span class='ocrx_word' id='word_1_203' title='bbox 263 1667 343 1726; x_wconf 86' lang='lat' dir='ltr'><strong>hisee</strong></span> <span class='ocrx_word' id='word_1_204' title='bbox 356 1670 425 1727; x_wconf 86' lang='lat' dir='ltr'><strong>natu</strong></span> <span class='ocrx_word' id='word_1_205' title='bbox 435 1669 498 1726; x_wconf 86' lang='lat' dir='ltr'><strong>tum</strong></span> <span class='ocrx_word' id='word_1_206' title='bbox 509 1669 681 1742; x_wconf 82' lang='lat' dir='ltr'><strong>portentosa</strong></span> <span class='ocrx_word' id='word_1_207' title='bbox 694 1663 989 1736; x_wconf 78' lang='lat' dir='ltr'><strong>libide,ltzerb.xv1,</strong></span> <span class='ocrx_word' id='word_1_208' title='bbox 1004 1665 1056 1735; x_wconf 77' lang='grc'><strong>19,</strong></span> <span class='ocrx_word' id='word_1_209' title='bbox 1100 1670 1167 1739; x_wconf 87' lang='lat' dir='ltr'><strong>tus,</strong></span> <span class='ocrx_word' id='word_1_210' title='bbox 1180 1665 1437 1743; x_wconf 84' lang='lat' dir='ltr'><strong>quemadmodum</strong></span> <span class='ocrx_word' id='word_1_211' title='bbox 1451 1681 1515 1726; x_wconf 85' lang='lat' dir='ltr'><strong>uon</strong></span> <span class='ocrx_word' id='word_1_212' title='bbox 1530 1665 1693 1728; x_wconf 84' lang='lat' dir='ltr'><strong>debeamus</strong></span> <span class='ocrx_word' id='word_1_213' title='bbox 1710 1663 1842 1726; x_wconf 89' lang='lat' dir='ltr'><strong>invidere</strong></span> <span class='ocrx_word' id='word_1_214' title='bbox 1855 1667 1898 1726; x_wconf 88' lang='lat' dir='ltr'><strong>vl·</strong></span> 
     </span>
     <span class='ocr_line' id='line_1_18' title="bbox 264 1745 1996 1825; baseline 0.001 -17"><span class='ocrx_word' id='word_1_215' title='bbox 264 1750 307 1808; x_wconf 90' lang='lat' dir='ltr'><strong>uti</strong></span> <span class='ocrx_word' id='word_1_216' title='bbox 320 1750 456 1825; x_wconf 85' lang='lat' dir='ltr'><strong>dixieap.</strong></span> <span class='ocrx_word' id='word_1_217' title='bbox 468 1765 539 1822; x_wconf 81' lang='lat' dir='ltr'><strong>xru,</strong></span> <span class='ocrx_word' id='word_1_218' title='bbox 553 1765 630 1810; x_wconf 85' lang='lat' dir='ltr'><strong>vara.</strong></span> <span class='ocrx_word' id='word_1_219' title='bbox 643 1751 690 1809; x_wconf 83' lang='grc'><strong>13.</strong></span> <span class='ocrx_word' id='word_1_220' title='bbox 1101 1749 1143 1808; x_wconf 90' lang='lat' dir='ltr'><strong>ris</strong></span> <span class='ocrx_word' id='word_1_221' title='bbox 1160 1750 1285 1823; x_wconf 69' lang='lat' dir='ltr'><strong>metis,</strong></span> <span class='ocrx_word' id='word_1_222' title='bbox 1298 1767 1353 1810; x_wconf 84' lang='lat' dir='ltr'><strong>nee</strong></span> <span class='ocrx_word' id='word_1_223' title='bbox 1372 1755 1483 1810; x_wconf 89' lang='lat' dir='ltr'><strong>temera</strong></span> <span class='ocrx_word' id='word_1_224' title='bbox 1501 1749 1655 1824; x_wconf 85' lang='lat' dir='ltr'><strong>derogare.</strong></span> <span class='ocrx_word' id='word_1_225' title='bbox 1676 1745 1798 1809; x_wconf 92' lang='lat' dir='ltr'><strong>lilorum</strong></span> <span class='ocrx_word' id='word_1_226' title='bbox 1817 1749 1898 1809; x_wconf 89' lang='lat' dir='ltr'><strong>enim</strong></span> <span class='ocrx_word' id='word_1_227' title='bbox 1991 1766 1996 1777; x_wconf 90' lang='lat'><em>·</em></span> 
     </span>
    </p>

    <p class='ocr_par' dir='ltr' id='par_1_6' title="bbox 144 1829 2099 2160">
     <span class='ocr_line' id='line_1_19' title="bbox 144 1829 1898 1908; baseline 0.001 -17"><span class='ocrx_word' id='word_1_228' title='bbox 144 1839 251 1888; x_wconf 65' lang='lat' dir='ltr'><strong>mar·</strong></span> <span class='ocrx_word' id='word_1_229' title='bbox 298 1836 344 1892; x_wconf 76' lang='lat' dir='ltr'><strong>at.</strong></span> <span class='ocrx_word' id='word_1_230' title='bbox 364 1836 546 1906; x_wconf 75' lang='lat' dir='ltr'><strong>bammum,</strong></span> <span class='ocrx_word' id='word_1_231' title='bbox 568 1848 604 1893; x_wconf 87' lang='lat' dir='ltr'><strong>rr</strong></span> <span class='ocrx_word' id='word_1_232' title='bbox 622 1847 736 1892; x_wconf 80' lang='lat' dir='ltr'><strong>vuaso.</strong></span> <span class='ocrx_word' id='word_1_233' title='bbox 757 1861 793 1878; x_wconf 91' lang='lat'><strong>·-</strong></span> <span class='ocrx_word' id='word_1_234' title='bbox 814 1831 968 1892; x_wconf 80' lang='lat' dir='ltr'><strong>Descendit</strong></span> <span class='ocrx_word' id='word_1_235' title='bbox 979 1835 1056 1891; x_wconf 79' lang='lat' dir='ltr'><strong>Deus</strong></span> <span class='ocrx_word' id='word_1_236' title='bbox 1101 1831 1176 1893; x_wconf 84' lang='lat' dir='ltr'><strong>tides</strong></span> <span class='ocrx_word' id='word_1_237' title='bbox 1189 1850 1245 1894; x_wconf 86' lang='lat' dir='ltr'><strong>noa</strong></span> <span class='ocrx_word' id='word_1_238' title='bbox 1264 1831 1644 1908; x_wconf 72' lang='lat' dir='ltr'><strong>senat,illorum1&#39;ustitia</strong></span> <span class='ocrx_word' id='word_1_239' title='bbox 1660 1829 1699 1892; x_wconf 84' lang='lat' dir='ltr'><strong>ab</strong></span> <span class='ocrx_word' id='word_1_240' title='bbox 1713 1831 1828 1892; x_wconf 81' lang='lat' dir='ltr'><strong>excidio</strong></span> <span class='ocrx_word' id='word_1_241' title='bbox 1847 1834 1898 1892; x_wconf 88' lang='lat' dir='ltr'><strong>da-</strong></span> 
     </span>
     <span class='ocr_line' id='line_1_20' title="bbox 262 1913 1897 1993; baseline 0.001 -17"><span class='ocrx_word' id='word_1_242' title='bbox 262 1931 317 1992; x_wconf 88' lang='lat' dir='ltr'><strong>per</strong></span> <span class='ocrx_word' id='word_1_243' title='bbox 330 1917 407 1977; x_wconf 89' lang='lat' dir='ltr'><strong>duos</strong></span> <span class='ocrx_word' id='word_1_244' title='bbox 419 1918 510 1978; x_wconf 82' lang='lat' dir='ltr'><strong>hosce</strong></span> <span class='ocrx_word' id='word_1_245' title='bbox 523 1917 662 1992; x_wconf 89' lang='lat' dir='ltr'><strong>angelos,</strong></span> <span class='ocrx_word' id='word_1_246' title='bbox 677 1920 769 1976; x_wconf 81' lang='lat' dir='ltr'><strong>iteum</strong></span> <span class='ocrx_word' id='word_1_247' title='bbox 777 1915 888 1990; x_wconf 86' lang='lat' dir='ltr'><strong>pariter</strong></span> <span class='ocrx_word' id='word_1_248' title='bbox 898 1929 1057 1990; x_wconf 77' lang='lat' dir='ltr'><strong>represen·</strong></span> <span class='ocrx_word' id='word_1_249' title='bbox 1100 1917 1209 1991; x_wconf 82' lang='lat' dir='ltr'><strong>iendit3</strong></span> <span class='ocrx_word' id='word_1_250' title='bbox 1220 1919 1352 1978; x_wconf 89' lang='lat' dir='ltr'><strong>Sodoma</strong></span> <span class='ocrx_word' id='word_1_251' title='bbox 1363 1932 1486 1993; x_wconf 84' lang='lat' dir='ltr'><strong>quoque</strong></span> <span class='ocrx_word' id='word_1_252' title='bbox 1499 1917 1525 1976; x_wconf 87' lang='lat' dir='ltr'><strong>si</strong></span> <span class='ocrx_word' id='word_1_253' title='bbox 1537 1913 1690 1976; x_wconf 83' lang='lat' dir='ltr'><strong>habuisset</strong></span> <span class='ocrx_word' id='word_1_254' title='bbox 1702 1915 1783 1975; x_wconf 91' lang='lat' dir='ltr'><strong>viros</strong></span> <span class='ocrx_word' id='word_1_255' title='bbox 1794 1916 1897 1977; x_wconf 90' lang='lat' dir='ltr'><strong>deoem</strong></span> 
     </span>
     <span class='ocr_line' id='line_1_21' title="bbox 262 1997 2099 2078; baseline -0.002 -18"><span class='ocrx_word' id='word_1_256' title='bbox 262 2004 374 2074; x_wconf 78' lang='lat' dir='ltr'><strong>mutas3</strong></span> <span class='ocrx_word' id='word_1_257' title='bbox 388 2018 465 2078; x_wconf 84' lang='lat' dir='ltr'><strong>quos</strong></span> <span class='ocrx_word' id='word_1_258' title='bbox 478 2002 594 2074; x_wconf 85' lang='lat' dir='ltr'><strong>tertius,</strong></span> <span class='ocrx_word' id='word_1_259' title='bbox 608 2004 682 2076; x_wconf 92' lang='lat' dir='ltr'><strong>puta</strong></span> <span class='ocrx_word' id='word_1_260' title='bbox 695 1999 827 2074; x_wconf 85' lang='lat' dir='ltr'><strong>medius,</strong></span> <span class='ocrx_word' id='word_1_261' title='bbox 840 1999 965 2074; x_wconf 81' lang='lat' dir='ltr'><strong>augelru</strong></span> <span class='ocrx_word' id='word_1_262' title='bbox 975 1997 1057 2058; x_wconf 89' lang='lat' dir='ltr'><strong>illus·</strong></span> <span class='ocrx_word' id='word_1_263' title='bbox 1098 2003 1214 2076; x_wconf 85' lang='lat' dir='ltr'><strong>justos,</strong></span> <span class='ocrx_word' id='word_1_264' title='bbox 1227 2001 1326 2078; x_wconf 88' lang='lat' dir='ltr'><strong>potuit</strong></span> <span class='ocrx_word' id='word_1_265' title='bbox 1338 2015 1401 2061; x_wconf 90' lang='lat' dir='ltr'><strong>uon</strong></span> <span class='ocrx_word' id='word_1_266' title='bbox 1412 1999 1544 2076; x_wconf 77' lang='lat' dir='ltr'><strong>perire.»</strong></span> <span class='ocrx_word' id='word_1_267' title='bbox 2096 2033 2099 2072; x_wconf 70' lang='lat'><strong>.</strong></span> 
     </span>
     <span class='ocr_line' id='line_1_22' title="bbox 262 2083 2016 2160; baseline -0.001 -15"><span class='ocrx_word' id='word_1_268' title='bbox 262 2086 350 2158; x_wconf 91' lang='lat' dir='ltr'><strong>trior,</strong></span> <span class='ocrx_word' id='word_1_269' title='bbox 362 2087 443 2146; x_wconf 87' lang='lat' dir='ltr'><strong>misit</strong></span> <span class='ocrx_word' id='word_1_270' title='bbox 455 2086 487 2144; x_wconf 92' lang='lat' dir='ltr'><strong>in</strong></span> <span class='ocrx_word' id='word_1_271' title='bbox 499 2086 672 2146; x_wconf 86' lang='lat' dir='ltr'><strong>Sodomam.</strong></span> <span class='ocrx_word' id='word_1_272' title='bbox 1135 2090 1182 2148; x_wconf 77' lang='lat'><strong>27.</strong></span> <span class='ocrx_word' id='word_1_273' title='bbox 1196 2088 1290 2148; x_wconf 85' lang='lat' dir='ltr'><strong>coru.</strong></span> <span class='ocrx_word' id='word_1_274' title='bbox 1302 2113 1338 2130; x_wconf 88' lang='lat'><strong>··</strong></span> <span class='ocrx_word' id='word_1_275' title='bbox 1349 2085 1480 2160; x_wconf 78' lang='lat' dir='ltr'><strong>insipere</strong></span> <span class='ocrx_word' id='word_1_276' title='bbox 1490 2083 1522 2142; x_wconf 90' lang='lat' dir='ltr'><strong>in</strong></span> <span class='ocrx_word' id='word_1_277' title='bbox 1535 2083 1684 2158; x_wconf 83' lang='lat' dir='ltr'><strong>Scriptura</strong></span> <span class='ocrx_word' id='word_1_278' title='bbox 1696 2099 1774 2160; x_wconf 74' lang='lat' dir='ltr'><strong>supe</strong></span> <span class='ocrx_word' id='word_1_279' title='bbox 1785 2083 1898 2157; x_wconf 81' lang='lat' dir='ltr'><strong>siguitl-</strong></span> <span class='ocrx_word' id='word_1_280' title='bbox 1909 2095 2016 2146; x_wconf 66' lang='lat' dir='ltr'><strong>mu.</strong></span> 
     </span>
    </p>

    <p class='ocr_par' dir='ltr' id='par_1_7' title="bbox 258 2167 2099 2919">
     <span class='ocr_line' id='line_1_23' title="bbox 297 2167 1894 2244; baseline -0.001 -15"><span class='ocrx_word' id='word_1_281' title='bbox 297 2171 407 2230; x_wconf 76' lang='lat' dir='ltr'><strong>liabeo</strong></span> <span class='ocrx_word' id='word_1_282' title='bbox 419 2169 487 2229; x_wconf 88' lang='lat' dir='ltr'><strong>loeo</strong></span> <span class='ocrx_word' id='word_1_283' title='bbox 499 2169 901 2240; x_wconf 82' lang='lat' dir='ltr'><strong>conuitiumlateranensel,</strong></span> <span class='ocrx_word' id='word_1_284' title='bbox 912 2181 978 2241; x_wconf 82' lang='lat' dir='ltr'><strong>cap.</strong></span> <span class='ocrx_word' id='word_1_285' title='bbox 994 2179 1057 2238; x_wconf 87' lang='lat' dir='ltr'><strong>vm,</strong></span> <span class='ocrx_word' id='word_1_286' title='bbox 1101 2177 1149 2232; x_wconf 88' lang='lat' dir='ltr'><strong>ert</strong></span> <span class='ocrx_word' id='word_1_287' title='bbox 1160 2171 1344 2242; x_wconf 87' lang='lat' dir='ltr'><strong>desiderare,</strong></span> <span class='ocrx_word' id='word_1_288' title='bbox 1359 2173 1482 2244; x_wconf 88' lang='lat' dir='ltr'><strong>optare,</strong></span> <span class='ocrx_word' id='word_1_289' title='bbox 1498 2167 1756 2241; x_wconf 61' lang='lat' dir='ltr'><strong>gastinenense,</strong></span> <span class='ocrx_word' id='word_1_290' title='bbox 1772 2183 1877 2243; x_wconf 85' lang='lat' dir='ltr'><strong>parere</strong></span> <span class='ocrx_word' id='word_1_291' title='bbox 1886 2211 1894 2243; x_wconf 87' lang='lat'><strong>,</strong></span> 
     </span>
     <span class='ocr_line' id='line_1_24' title="bbox 260 2231 1895 2330; baseline -0.01 -17"><span class='ocrx_word' id='word_1_292' title='bbox 260 2253 504 2328; x_wconf 75' lang='lat' dir='ltr'><strong>monetiudiues,</strong></span> <span class='ocrx_word' id='word_1_293' title='bbox 517 2269 555 2312; x_wconf 90' lang='lat' dir='ltr'><strong>ne</strong></span> <span class='ocrx_word' id='word_1_294' title='bbox 570 2251 656 2312; x_wconf 84' lang='lat' dir='ltr'><strong>tuelle</strong></span> <span class='ocrx_word' id='word_1_295' title='bbox 669 2249 908 2312; x_wconf 73' lang='lat' dir='ltr'><strong>recusationibus</strong></span> <span class='ocrx_word' id='word_1_296' title='bbox 920 2249 1056 2322; x_wconf 75' lang='lat' dir='ltr'><strong>madunt,</strong></span> <span class='ocrx_word' id='word_1_297' title='bbox 1101 2257 1218 2330; x_wconf 55' lang='lat' dir='ltr'><strong>mom</strong></span> <span class='ocrx_word' id='word_1_298' title='bbox 1239 2256 1298 2328; x_wconf 76' lang='lat'><em>1100</em></span> <span class='ocrx_word' id='word_1_299' title='bbox 1319 2254 1399 2314; x_wconf 62' lang='lat' dir='ltr'><strong>enim</strong></span> <span class='ocrx_word' id='word_1_300' title='bbox 1420 2257 1465 2313; x_wconf 59' lang='lat' dir='ltr'><strong>aar</strong></span> <span class='ocrx_word' id='word_1_301' title='bbox 1486 2251 1640 2312; x_wconf 64' lang='lat' dir='ltr'><strong>hgbmum</strong></span> <span class='ocrx_word' id='word_1_302' title='bbox 1662 2231 1776 2318; x_wconf 53' lang='lat' dir='ltr'><strong>effigere</strong></span> <span class='ocrx_word' id='word_1_303' title='bbox 1798 2251 1895 2312; x_wconf 65' lang='lat' dir='ltr'><strong>poam,</strong></span> 
     </span>
     <span class='ocr_line' id='line_1_25' title="bbox 261 2331 2022 2408; baseline -0.003 -8"><span class='ocrx_word' id='word_1_304' title='bbox 261 2339 314 2397; x_wconf 84' lang='lat' dir='ltr'><strong>sed</strong></span> <span class='ocrx_word' id='word_1_305' title='bbox 333 2353 383 2398; x_wconf 84' lang='lat' dir='ltr'><strong>eas</strong></span> <span class='ocrx_word' id='word_1_306' title='bbox 403 2337 480 2396; x_wconf 81' lang='lat' dir='ltr'><strong>lente</strong></span> <span class='ocrx_word' id='word_1_307' title='bbox 501 2341 529 2396; x_wconf 83' lang='lat' dir='ltr'><strong>et</strong></span> <span class='ocrx_word' id='word_1_308' title='bbox 547 2340 662 2396; x_wconf 77' lang='lat' dir='ltr'><strong>mature</strong></span> <span class='ocrx_word' id='word_1_309' title='bbox 679 2335 772 2394; x_wconf 70' lang='lat' dir='ltr'><strong>insit-r</strong></span> <span class='ocrx_word' id='word_1_310' title='bbox 785 2331 835 2392; x_wconf 79' lang='grc' dir='ltr'><strong>1)θί</strong></span> <span class='ocrx_word' id='word_1_311' title='bbox 846 2331 1016 2392; x_wconf 65' lang='lat' dir='ltr'><strong>examinent</strong></span> <span class='ocrx_word' id='word_1_312' title='bbox 1028 2333 1058 2390; x_wconf 65' lang='lat'><strong>0¹</strong></span> <span class='ocrx_word' id='word_1_313' title='bbox 1101 2341 1183 2401; x_wconf 85' lang='lat' dir='ltr'><strong>Unde</strong></span> <span class='ocrx_word' id='word_1_314' title='bbox 1197 2337 1319 2400; x_wconf 81' lang='lat' dir='ltr'><strong>liabrrea</strong></span> <span class='ocrx_word' id='word_1_315' title='bbox 1331 2337 1371 2397; x_wconf 90' lang='lat' dir='ltr'><strong>ad</strong></span> <span class='ocrx_word' id='word_1_316' title='bbox 1384 2335 1512 2396; x_wconf 88' lang='lat' dir='ltr'><strong>verbum</strong></span> <span class='ocrx_word' id='word_1_317' title='bbox 1525 2333 1659 2394; x_wconf 86' lang='lat' dir='ltr'><strong>habent:</strong></span> <span class='ocrx_word' id='word_1_318' title='bbox 1676 2333 1826 2408; x_wconf 68' lang='lat' dir='ltr'><strong>captaret</strong></span> <span class='ocrx_word' id='word_1_319' title='bbox 1837 2352 1896 2407; x_wconf 77' lang='lat' dir='ltr'><strong>ger-</strong></span> <span class='ocrx_word' id='word_1_320' title='bbox 1946 2347 2022 2402; x_wconf 68' lang='lat' dir='ltr'><strong>arne,</strong></span> 
     </span>
     <span class='ocr_line' id='line_1_26' title="bbox 259 2408 1973 2499; baseline -0.003 -17"><span class='ocrx_word' id='word_1_321' title='bbox 259 2420 423 2497; x_wconf 78' lang='lat' dir='ltr'><strong>inqunant,</strong></span> <span class='ocrx_word' id='word_1_322' title='bbox 437 2424 598 2495; x_wconf 80' lang='lat' dir='ltr'><strong>antequam</strong></span> <span class='ocrx_word' id='word_1_323' title='bbox 609 2433 695 2478; x_wconf 79' lang='lat' dir='ltr'><strong>uum</strong></span> <span class='ocrx_word' id='word_1_324' title='bbox 706 2417 1057 2488; x_wconf 73' lang='lat' dir='ltr'><strong>condemnentrnemut</strong></span> <span class='ocrx_word' id='word_1_325' title='bbox 1101 2427 1228 2499; x_wconf 68' lang='lat' dir='ltr'><strong>morer</strong></span> <span class='ocrx_word' id='word_1_326' title='bbox 1244 2423 1282 2481; x_wconf 78' lang='lat' dir='ltr'><strong>aa</strong></span> <span class='ocrx_word' id='word_1_327' title='bbox 1302 2423 1459 2487; x_wconf 67' lang='lat' dir='ltr'><strong>roman,</strong></span> <span class='ocrx_word' id='word_1_328' title='bbox 1473 2421 1583 2478; x_wconf 72' lang='lat' dir='ltr'><strong>tenete</strong></span> <span class='ocrx_word' id='word_1_329' title='bbox 1596 2421 1650 2477; x_wconf 76' lang='lat' dir='ltr'><strong>erm</strong></span> <span class='ocrx_word' id='word_1_330' title='bbox 1662 2420 1755 2492; x_wconf 69' lang='lat' dir='ltr'><strong>peius</strong></span> <span class='ocrx_word' id='word_1_331' title='bbox 1769 2425 1796 2476; x_wconf 70' lang='lat' dir='ltr'><strong>er</strong></span> <span class='ocrx_word' id='word_1_332' title='bbox 1810 2423 1896 2487; x_wconf 72' lang='lat' dir='ltr'><strong>eurr,</strong></span> <span class='ocrx_word' id='word_1_333' title='bbox 1909 2408 1973 2456; x_wconf 61' lang='lat' dir='ltr'><strong>aar</strong></span> 
     </span>
     <span class='ocr_line' id='line_1_27' title="bbox 261 2497 2099 2577; baseline -0.004 -12"><span class='ocrx_word' id='word_1_334' title='bbox 261 2505 303 2565; x_wconf 76' lang='lat' dir='ltr'><strong>aii</strong></span> <span class='ocrx_word' id='word_1_335' title='bbox 314 2507 437 2576; x_wconf 69' lang='grc'>80113111,</span> <span class='ocrx_word' id='word_1_336' title='bbox 448 2503 502 2562; x_wconf 86' lang='lat' dir='ltr'><strong>lib.</strong></span> <span class='ocrx_word' id='word_1_337' title='bbox 517 2505 538 2561; x_wconf 86' lang='lat' dir='ltr'><strong>ll</strong></span> <span class='ocrx_word' id='word_1_338' title='bbox 554 2505 593 2562; x_wconf 81' lang='lat' dir='ltr'><strong>lie</strong></span> <span class='ocrx_word' id='word_1_339' title='bbox 604 2503 672 2560; x_wconf 78' lang='lat' dir='ltr'><strong>Ira:</strong></span> <span class='ocrx_word' id='word_1_340' title='bbox 685 2499 863 2560; x_wconf 74' lang='lat' dir='ltr'><strong>«Veritatem</strong></span> <span class='ocrx_word' id='word_1_341' title='bbox 875 2499 938 2558; x_wconf 80' lang='lat' dir='ltr'><strong>dies</strong></span> <span class='ocrx_word' id='word_1_342' title='bbox 951 2497 1056 2573; x_wconf 79' lang='lat' dir='ltr'><strong>aporii,</strong></span> <span class='ocrx_word' id='word_1_343' title='bbox 1100 2506 1210 2566; x_wconf 66' lang='lat' dir='ltr'><strong>reniret</strong></span> <span class='ocrx_word' id='word_1_344' title='bbox 1221 2503 1383 2566; x_wconf 77' lang='lat' dir='ltr'><strong>vilissimus</strong></span> <span class='ocrx_word' id='word_1_345' title='bbox 1399 2507 1429 2564; x_wconf 82' lang='lat' dir='ltr'><strong>at</strong></span> <span class='ocrx_word' id='word_1_346' title='bbox 1444 2501 1669 2577; x_wconf 77' lang='lat' dir='ltr'><strong>abjeeliasimus.</strong></span> <span class='ocrx_word' id='word_1_347' title='bbox 1689 2504 1732 2562; x_wconf 86' lang='lat' dir='ltr'><strong>ltu</strong></span> <span class='ocrx_word' id='word_1_348' title='bbox 1745 2501 1893 2562; x_wconf 79' lang='lat' dir='ltr'><strong>Vatublua.</strong></span> <span class='ocrx_word' id='word_1_349' title='bbox 2095 2503 2099 2542; x_wconf 76' lang='lat'><strong>⁴</strong></span> 
     </span>
     <span class='ocr_line' id='line_1_28' title="bbox 258 2583 1897 2668; baseline -0.004 -20"><span class='ocrx_word' id='word_1_350' title='bbox 258 2593 416 2668; x_wconf 83' lang='lat' dir='ltr'><strong>potestque</strong></span> <span class='ocrx_word' id='word_1_351' title='bbox 427 2603 516 2663; x_wconf 83' lang='lat' dir='ltr'><strong>poeua</strong></span> <span class='ocrx_word' id='word_1_352' title='bbox 526 2587 617 2646; x_wconf 84' lang='lat' dir='ltr'><strong>dilata</strong></span> <span class='ocrx_word' id='word_1_353' title='bbox 629 2585 723 2658; x_wconf 86' lang='lat' dir='ltr'><strong>exigi,</strong></span> <span class='ocrx_word' id='word_1_354' title='bbox 734 2587 838 2647; x_wconf 65' lang='lat' dir='ltr'><strong>uada</strong></span> <span class='ocrx_word' id='word_1_355' title='bbox 850 2583 1057 2644; x_wconf 87' lang='lat' dir='ltr'><strong>revoeariuou</strong></span> <span class='ocrx_word' id='word_1_356' title='bbox 1100 2595 1233 2667; x_wconf 64' lang='lat' dir='ltr'><strong>agnosse</strong></span> <span class='ocrx_word' id='word_1_357' title='bbox 1252 2604 1343 2664; x_wconf 73' lang='lat' dir='ltr'><strong>ergo,</strong></span> <span class='ocrx_word' id='word_1_358' title='bbox 1360 2605 1381 2650; x_wconf 87' lang='lat' dir='ltr'><strong>o</strong></span> <span class='ocrx_word' id='word_1_359' title='bbox 1399 2587 1508 2660; x_wconf 85' lang='lat' dir='ltr'><strong>homo,</strong></span> <span class='ocrx_word' id='word_1_360' title='bbox 1528 2586 1721 2662; x_wconf 82' lang='lat' dir='ltr'><strong>uprinoeps,</strong></span> <span class='ocrx_word' id='word_1_361' title='bbox 1735 2586 1897 2660; x_wconf 74' lang='lat' dir='ltr'><strong>prasertim</strong></span> 
     </span>
     <span class='ocr_line' id='line_1_29' title="bbox 260 2665 1896 2750; baseline -0.004 -18"><span class='ocrx_word' id='word_1_362' title='bbox 260 2678 393 2750; x_wconf 78' lang='lat' dir='ltr'><strong>potest.»</strong></span> <span class='ocrx_word' id='word_1_363' title='bbox 406 2671 487 2731; x_wconf 90' lang='lat' dir='ltr'><strong>ldem</strong></span> <span class='ocrx_word' id='word_1_364' title='bbox 500 2669 609 2745; x_wconf 84' lang='lat' dir='ltr'><strong>ruique</strong></span> <span class='ocrx_word' id='word_1_365' title='bbox 620 2668 806 2739; x_wconf 81' lang='lat' dir='ltr'><strong>laniandum,</strong></span> <span class='ocrx_word' id='word_1_366' title='bbox 820 2682 858 2726; x_wconf 91' lang='lat' dir='ltr'><strong>ne</strong></span> <span class='ocrx_word' id='word_1_367' title='bbox 871 2665 957 2726; x_wconf 82' lang='lat' dir='ltr'><strong>leoila</strong></span> <span class='ocrx_word' id='word_1_368' title='bbox 968 2679 1056 2726; x_wconf 85' lang='lat' dir='ltr'><strong>aeuu-</strong></span> <span class='ocrx_word' id='word_1_369' title='bbox 1100 2689 1202 2736; x_wconf 60' lang='lat' dir='ltr'><strong>noram</strong></span> <span class='ocrx_word' id='word_1_370' title='bbox 1217 2677 1276 2734; x_wconf 74' lang='lat'><strong>000</strong></span> <span class='ocrx_word' id='word_1_371' title='bbox 1289 2671 1484 2744; x_wconf 73' lang='lat' dir='ltr'><strong>uenatione,</strong></span> <span class='ocrx_word' id='word_1_372' title='bbox 1498 2669 1584 2746; x_wconf 86' lang='lat' dir='ltr'><strong>quod</strong></span> <span class='ocrx_word' id='word_1_373' title='bbox 1601 2669 1642 2728; x_wconf 84' lang='lat' dir='ltr'><strong>sis</strong></span> <span class='ocrx_word' id='word_1_374' title='bbox 1651 2669 1751 2744; x_wconf 88' lang='lat' dir='ltr'><strong>pulvis</strong></span> <span class='ocrx_word' id='word_1_375' title='bbox 1764 2673 1793 2726; x_wconf 89' lang='lat' dir='ltr'><strong>et</strong></span> <span class='ocrx_word' id='word_1_376' title='bbox 1805 2669 1896 2727; x_wconf 82' lang='lat' dir='ltr'><strong>einis:</strong></span> 
     </span>
     <span class='ocr_line' id='line_1_30' title="bbox 262 2749 1897 2833; baseline -0.006 -15"><span class='ocrx_word' id='word_1_377' title='bbox 262 2755 425 2828; x_wconf 86' lang='lat' dir='ltr'><strong>sutoribus,</strong></span> <span class='ocrx_word' id='word_1_378' title='bbox 437 2755 487 2814; x_wconf 88' lang='lat' dir='ltr'><strong>vul</strong></span> <span class='ocrx_word' id='word_1_379' title='bbox 501 2749 716 2812; x_wconf 74' lang='lat' dir='ltr'><strong>donationibus</strong></span> <span class='ocrx_word' id='word_1_380' title='bbox 728 2750 840 2810; x_wconf 76' lang='lat' dir='ltr'><strong>oredm.</strong></span> <span class='ocrx_word' id='word_1_381' title='bbox 852 2752 900 2808; x_wconf 82' lang='lat' dir='ltr'><strong>Est</strong></span> <span class='ocrx_word' id='word_1_382' title='bbox 909 2749 991 2808; x_wconf 91' lang='lat' dir='ltr'><strong>enim</strong></span> <span class='ocrx_word' id='word_1_383' title='bbox 1001 2765 1057 2824; x_wconf 91' lang='lat' dir='ltr'><strong>pu·</strong></span> <span class='ocrx_word' id='word_1_384' title='bbox 1099 2773 1189 2818; x_wconf 68' lang='lat' dir='ltr'><strong>005oe</strong></span> <span class='ocrx_word' id='word_1_385' title='bbox 1200 2757 1338 2833; x_wconf 71' lang='lat' dir='ltr'><strong>teipsam.</strong></span> <span class='ocrx_word' id='word_1_386' title='bbox 1350 2757 1379 2815; x_wconf 93' lang='lat' dir='ltr'><strong>s.</strong></span> <span class='ocrx_word' id='word_1_387' title='bbox 1394 2753 1590 2828; x_wconf 77' lang='lat' dir='ltr'><strong>Augustinus,</strong></span> <span class='ocrx_word' id='word_1_388' title='bbox 1603 2751 1658 2811; x_wconf 89' lang='lat' dir='ltr'><strong>lib.</strong></span> <span class='ocrx_word' id='word_1_389' title='bbox 1670 2753 1729 2811; x_wconf 82' lang='grc'>1111</span> <span class='ocrx_word' id='word_1_390' title='bbox 1745 2754 1785 2809; x_wconf 82' lang='lat' dir='ltr'><strong>lte</strong></span> <span class='ocrx_word' id='word_1_391' title='bbox 1800 2752 1897 2820; x_wconf 78' lang='lat' dir='ltr'><strong>civit,</strong></span> 
     </span>
     <span class='ocr_line' id='line_1_31' title="bbox 262 2831 1897 2919; baseline -0.006 -19"><span class='ocrx_word' id='word_1_392' title='bbox 262 2841 320 2900; x_wconf 84' lang='lat' dir='ltr'><strong>silli</strong></span> <span class='ocrx_word' id='word_1_393' title='bbox 342 2839 435 2899; x_wconf 84' lang='lat' dir='ltr'><strong>animi</strong></span> <span class='ocrx_word' id='word_1_394' title='bbox 459 2835 517 2895; x_wconf 82' lang='lat' dir='ltr'><strong>cilo</strong></span> <span class='ocrx_word' id='word_1_395' title='bbox 542 2836 645 2909; x_wconf 65' lang='lat' dir='ltr'><strong>iream,</strong></span> <span class='ocrx_word' id='word_1_396' title='bbox 671 2839 701 2895; x_wconf 80' lang='lat' dir='ltr'><strong>ei</strong></span> <span class='ocrx_word' id='word_1_397' title='bbox 723 2835 842 2894; x_wconf 78' lang='lat' dir='ltr'><strong>medere</strong></span> <span class='ocrx_word' id='word_1_398' title='bbox 871 2831 1054 2894; x_wconf 77' lang='lat' dir='ltr'><strong>rumonbus.</strong></span> <span class='ocrx_word' id='word_1_399' title='bbox 1100 2858 1166 2919; x_wconf 80' lang='lat' dir='ltr'><strong>dap.</strong></span> <span class='ocrx_word' id='word_1_400' title='bbox 1181 2857 1248 2914; x_wconf 77' lang='lat' dir='ltr'><strong>nu,</strong></span> <span class='ocrx_word' id='word_1_401' title='bbox 1261 2843 1365 2900; x_wconf 70' lang='lat' dir='ltr'><strong>narrat</strong></span> <span class='ocrx_word' id='word_1_402' title='bbox 1375 2837 1558 2900; x_wconf 64' lang='lat' dir='ltr'><strong>Alcibiadem</strong></span> <span class='ocrx_word' id='word_1_403' title='bbox 1572 2853 1691 2898; x_wconf 83' lang='lat' dir='ltr'><strong>summu</strong></span> <span class='ocrx_word' id='word_1_404' title='bbox 1701 2836 1770 2896; x_wconf 82' lang='lat' dir='ltr'><strong>loeo</strong></span> <span class='ocrx_word' id='word_1_405' title='bbox 1783 2840 1897 2908; x_wconf 84' lang='lat' dir='ltr'><strong>natum,</strong></span> 
     </span>
    </p>

    <p class='ocr_par' dir='ltr' id='par_1_8' title="bbox 143 2917 2018 5338">
     <span class='ocr_line' id='line_1_32' title="bbox 157 2917 1896 3000; baseline -0.001 -19"><span class='ocrx_word' id='word_1_406' title='bbox 157 2925 246 2981; x_wconf 72' lang='lat' dir='ltr'><strong>saraa:</strong></span> <span class='ocrx_word' id='word_1_407' title='bbox 265 2925 375 3000; x_wconf 80' lang='lat' dir='ltr'><strong>«Saepe</strong></span> <span class='ocrx_word' id='word_1_408' title='bbox 393 2921 474 2981; x_wconf 89' lang='lat' dir='ltr'><strong>euim</strong></span> <span class='ocrx_word' id='word_1_409' title='bbox 493 2919 610 2979; x_wconf 83' lang='lat' dir='ltr'><strong>sinistro</strong></span> <span class='ocrx_word' id='word_1_410' title='bbox 624 2918 739 2979; x_wconf 90' lang='lat' dir='ltr'><strong>rumori</strong></span> <span class='ocrx_word' id='word_1_411' title='bbox 750 2917 916 2990; x_wconf 76' lang='lat' dir='ltr'><strong>malignitas</strong></span> <span class='ocrx_word' id='word_1_412' title='bbox 932 2917 984 2977; x_wconf 88' lang='lat' dir='ltr'><strong>dut</strong></span> <span class='ocrx_word' id='word_1_413' title='bbox 998 2917 1056 2976; x_wconf 91' lang='lat' dir='ltr'><strong>ini·</strong></span> <span class='ocrx_word' id='word_1_414' title='bbox 1099 2941 1170 2987; x_wconf 63' lang='lat' dir='ltr'><strong>cum</strong></span> <span class='ocrx_word' id='word_1_415' title='bbox 1190 2939 1230 2988; x_wconf 59' lang='grc' dir='ltr'>η</span> <span class='ocrx_word' id='word_1_416' title='bbox 1252 2938 1389 2986; x_wconf 77' lang='lat' dir='ltr'><strong>sermone</strong></span> <span class='ocrx_word' id='word_1_417' title='bbox 1408 2921 1534 2984; x_wconf 81' lang='lat' dir='ltr'><strong>soerads</strong></span> <span class='ocrx_word' id='word_1_418' title='bbox 1556 2921 1687 2997; x_wconf 88' lang='lat' dir='ltr'><strong>seipsum</strong></span> <span class='ocrx_word' id='word_1_419' title='bbox 1711 2921 1896 2994; x_wconf 79' lang='lat' dir='ltr'><strong>agnovisset,</strong></span> 
     </span>
     <span class='ocr_line' id='line_1_33' title="bbox 159 2986 1896 3094; baseline -0.005 -23"><span class='ocrx_word' id='word_1_420' title='bbox 159 2986 238 3094; x_wconf 58' lang='lat'><strong>2¹52*</strong></span> <span class='ocrx_word' id='word_1_421' title='bbox 262 3011 349 3082; x_wconf 82' lang='lat' dir='ltr'><strong>uum,</strong></span> <span class='ocrx_word' id='word_1_422' title='bbox 363 3007 521 3068; x_wconf 71' lang='lat' dir='ltr'><strong>uenulas</strong></span> <span class='ocrx_word' id='word_1_423' title='bbox 529 3005 778 3065; x_wconf 73' lang='lat' dir='ltr'><strong>incrementum.»</strong></span> <span class='ocrx_word' id='word_1_424' title='bbox 791 3004 902 3075; x_wconf 76' lang='lat' dir='ltr'><strong>«mus,</strong></span> <span class='ocrx_word' id='word_1_425' title='bbox 917 3001 959 3060; x_wconf 77' lang='lat' dir='ltr'><strong>ert</strong></span> <span class='ocrx_word' id='word_1_426' title='bbox 972 3001 1056 3062; x_wconf 82' lang='lat' dir='ltr'><strong>rutro</strong></span> <span class='ocrx_word' id='word_1_427' title='bbox 1099 3009 1234 3084; x_wconf 72' lang='lat' dir='ltr'><strong>usuque</strong></span> <span class='ocrx_word' id='word_1_428' title='bbox 1247 3008 1324 3068; x_wconf 79' lang='lat' dir='ltr'><strong>uter</strong></span> <span class='ocrx_word' id='word_1_429' title='bbox 1343 3022 1376 3065; x_wconf 75' lang='lat' dir='ltr'><strong>ee</strong></span> <span class='ocrx_word' id='word_1_430' title='bbox 1392 3009 1422 3066; x_wconf 79' lang='lat' dir='ltr'><strong>ar</strong></span> <span class='ocrx_word' id='word_1_431' title='bbox 1434 3004 1571 3078; x_wconf 67' lang='lat' dir='ltr'><strong>nauum</strong></span> <span class='ocrx_word' id='word_1_432' title='bbox 1586 3003 1723 3080; x_wconf 68' lang='lat' dir='ltr'><strong>punse</strong></span> <span class='ocrx_word' id='word_1_433' title='bbox 1740 3004 1896 3076; x_wconf 73' lang='lat' dir='ltr'><strong>nanee,</strong></span> 
     </span>
     <span class='ocr_line' id='line_1_34' title="bbox 152 3085 1896 3168; baseline -0.005 -16"><span class='ocrx_word' id='word_1_434' title='bbox 152 3109 242 3155; x_wconf 67' lang='lat' dir='ltr'><strong>murm</strong></span> <span class='ocrx_word' id='word_1_435' title='bbox 262 3097 302 3152; x_wconf 82' lang='lat' dir='ltr'><strong>lle</strong></span> <span class='ocrx_word' id='word_1_436' title='bbox 323 3093 484 3162; x_wconf 68' lang='lat' dir='ltr'><strong>construere</strong></span> <span class='ocrx_word' id='word_1_437' title='bbox 504 3090 681 3162; x_wconf 78' lang='lat' dir='ltr'><strong>linguarum,</strong></span> <span class='ocrx_word' id='word_1_438' title='bbox 706 3085 815 3146; x_wconf 87' lang='lat' dir='ltr'><strong>dieitur</strong></span> <span class='ocrx_word' id='word_1_439' title='bbox 835 3085 876 3146; x_wconf 91' lang='lat' dir='ltr'><strong>ad</strong></span> <span class='ocrx_word' id='word_1_440' title='bbox 897 3085 1057 3145; x_wconf 88' lang='lat' dir='ltr'><strong>visendum</strong></span> <span class='ocrx_word' id='word_1_441' title='bbox 1099 3093 1320 3168; x_wconf 60' lang='lat' dir='ltr'><strong>ultumum,</strong></span> <span class='ocrx_word' id='word_1_442' title='bbox 1346 3089 1526 3168; x_wconf 80' lang='lat' dir='ltr'><strong>petiiseequa</strong></span> <span class='ocrx_word' id='word_1_443' title='bbox 1553 3087 1611 3148; x_wconf 87' lang='lat' dir='ltr'><strong>sibi</strong></span> <span class='ocrx_word' id='word_1_444' title='bbox 1643 3087 1782 3148; x_wconf 86' lang='lat' dir='ltr'><strong>virtutem</strong></span> <span class='ocrx_word' id='word_1_445' title='bbox 1809 3087 1896 3147; x_wconf 89' lang='lat' dir='ltr'><strong>tradi.</strong></span> 
     </span>
     <span class='ocr_line' id='line_1_35' title="bbox 143 3168 1899 3251; baseline -0.005 -14"><span class='ocrx_word' id='word_1_446' title='bbox 143 3169 244 3229; x_wconf 62' lang='lat' dir='ltr'><strong>natare</strong></span> <span class='ocrx_word' id='word_1_447' title='bbox 263 3177 456 3246; x_wconf 81' lang='lat' dir='ltr'><strong>descendere,</strong></span> <span class='ocrx_word' id='word_1_448' title='bbox 467 3172 519 3249; x_wconf 85' lang='lat' dir='ltr'><strong>qui</strong></span> <span class='ocrx_word' id='word_1_449' title='bbox 534 3171 636 3232; x_wconf 90' lang='lat' dir='ltr'><strong>omnia</strong></span> <span class='ocrx_word' id='word_1_450' title='bbox 647 3170 823 3248; x_wconf 80' lang='lat' dir='ltr'><strong>priusquam</strong></span> <span class='ocrx_word' id='word_1_451' title='bbox 835 3168 910 3228; x_wconf 87' lang='lat' dir='ltr'><strong>flant</strong></span> <span class='ocrx_word' id='word_1_452' title='bbox 918 3169 1059 3244; x_wconf 84' lang='lat' dir='ltr'><strong>providet</strong></span> <span class='ocrx_word' id='word_1_453' title='bbox 1102 3176 1221 3249; x_wconf 77' lang='lat' dir='ltr'><strong>«seito,</strong></span> <span class='ocrx_word' id='word_1_454' title='bbox 1241 3174 1340 3251; x_wconf 87' lang='lat' dir='ltr'><strong>inquit</strong></span> <span class='ocrx_word' id='word_1_455' title='bbox 1361 3177 1471 3234; x_wconf 74' lang='lat' dir='ltr'><strong>Auctor</strong></span> <span class='ocrx_word' id='word_1_456' title='bbox 1486 3171 1556 3233; x_wconf 90' lang='lat' dir='ltr'><strong>libri</strong></span> <span class='ocrx_word' id='word_1_457' title='bbox 1572 3175 1612 3230; x_wconf 79' lang='lat' dir='ltr'><strong>lle</strong></span> <span class='ocrx_word' id='word_1_458' title='bbox 1628 3172 1738 3248; x_wconf 75' lang='lat' dir='ltr'><strong>Spiritu</strong></span> <span class='ocrx_word' id='word_1_459' title='bbox 1759 3177 1786 3229; x_wconf 85' lang='lat' dir='ltr'><strong>et</strong></span> <span class='ocrx_word' id='word_1_460' title='bbox 1805 3174 1899 3229; x_wconf 81' lang='lat' dir='ltr'><strong>anima</strong></span> 
     </span>
     <span class='ocr_line' id='line_1_36' title="bbox 143 3232 1897 3344; baseline -0.003 -24"><span class='ocrx_word' id='word_1_461' title='bbox 143 3232 251 3344; x_wconf 48' lang='grc' dir='ltr'><strong>ἒξ,</strong></span> <span class='ocrx_word' id='word_1_462' title='bbox 262 3259 511 3329; x_wconf 83' lang='lat' dir='ltr'><strong>manifestissime,</strong></span> <span class='ocrx_word' id='word_1_463' title='bbox 532 3259 565 3314; x_wconf 92' lang='lat' dir='ltr'><strong>ut</strong></span> <span class='ocrx_word' id='word_1_464' title='bbox 583 3255 762 3326; x_wconf 87' lang='lat' dir='ltr'><strong>doeeamur,</strong></span> <span class='ocrx_word' id='word_1_465' title='bbox 776 3269 815 3312; x_wconf 90' lang='lat' dir='ltr'><strong>ue</strong></span> <span class='ocrx_word' id='word_1_466' title='bbox 830 3253 898 3328; x_wconf 85' lang='lat' dir='ltr'><strong>quis</strong></span> <span class='ocrx_word' id='word_1_467' title='bbox 910 3252 1005 3313; x_wconf 87' lang='lat' dir='ltr'><strong>bomo</strong></span> <span class='ocrx_word' id='word_1_468' title='bbox 1018 3252 1056 3314; x_wconf 86' lang='lat' dir='ltr'><strong>da</strong></span> <span class='ocrx_word' id='word_1_469' title='bbox 1098 3262 1183 3336; x_wconf 87' lang='lat' dir='ltr'><strong>apud</strong></span> <span class='ocrx_word' id='word_1_470' title='bbox 1192 3261 1220 3320; x_wconf 88' lang='lat' dir='ltr'><strong>S.</strong></span> <span class='ocrx_word' id='word_1_471' title='bbox 1235 3258 1445 3334; x_wconf 72' lang='lat' dir='ltr'><strong>augustinum,</strong></span> <span class='ocrx_word' id='word_1_472' title='bbox 1456 3272 1524 3334; x_wconf 88' lang='lat' dir='ltr'><strong>oap.</strong></span> <span class='ocrx_word' id='word_1_473' title='bbox 1537 3271 1577 3330; x_wconf 85' lang='lat' dir='ltr'><strong>u,</strong></span> <span class='ocrx_word' id='word_1_474' title='bbox 1591 3257 1736 3333; x_wconf 85' lang='lat' dir='ltr'><strong>quoniam</strong></span> <span class='ocrx_word' id='word_1_475' title='bbox 1748 3256 1841 3316; x_wconf 87' lang='lat' dir='ltr'><strong>bomo</strong></span> <span class='ocrx_word' id='word_1_476' title='bbox 1854 3269 1897 3328; x_wconf 86' lang='lat' dir='ltr'><strong>ea,</strong></span> 
     </span>
     <span class='ocr_line' id='line_1_37' title="bbox 157 3337 1898 3428; baseline -0.005 -27"><span class='ocrx_word' id='word_1_477' title='bbox 157 3361 241 3428; x_wconf 51' lang='lat' dir='ltr'><strong>aare*</strong></span> <span class='ocrx_word' id='word_1_478' title='bbox 261 3346 434 3406; x_wconf 82' lang='lat' dir='ltr'><strong>absentibus</strong></span> <span class='ocrx_word' id='word_1_479' title='bbox 454 3348 483 3404; x_wconf 83' lang='lat' dir='ltr'><strong>ai</strong></span> <span class='ocrx_word' id='word_1_480' title='bbox 503 3341 624 3414; x_wconf 71' lang='lat' dir='ltr'><strong>lutura,</strong></span> <span class='ocrx_word' id='word_1_481' title='bbox 644 3344 675 3399; x_wconf 82' lang='lat' dir='ltr'><strong>ai</strong></span> <span class='ocrx_word' id='word_1_482' title='bbox 693 3337 810 3398; x_wconf 80' lang='lat' dir='ltr'><strong>incertis</strong></span> <span class='ocrx_word' id='word_1_483' title='bbox 829 3340 1057 3413; x_wconf 77' lang='lat' dir='ltr'><strong>puieleaposae</strong></span> <span class='ocrx_word' id='word_1_484' title='bbox 1099 3345 1186 3418; x_wconf 79' lang='lat' dir='ltr'><strong>ettjua</strong></span> <span class='ocrx_word' id='word_1_485' title='bbox 1217 3342 1370 3418; x_wconf 72' lang='lat' dir='ltr'><strong>conceptio</strong></span> <span class='ocrx_word' id='word_1_486' title='bbox 1396 3342 1504 3418; x_wconf 75' lang='lat' dir='ltr'><strong>eulpa,</strong></span> <span class='ocrx_word' id='word_1_487' title='bbox 1529 3339 1612 3400; x_wconf 78' lang='lat' dir='ltr'><strong>nasei</strong></span> <span class='ocrx_word' id='word_1_488' title='bbox 1640 3339 1775 3410; x_wconf 85' lang='lat' dir='ltr'><strong>miseria,</strong></span> <span class='ocrx_word' id='word_1_489' title='bbox 1800 3338 1898 3398; x_wconf 84' lang='lat' dir='ltr'><strong>vivere</strong></span> 
     </span>
     <span class='ocr_line' id='line_1_38' title="bbox 165 3420 1898 3506; baseline -0.014 -3"><span class='ocrx_word' id='word_1_490' title='bbox 165 3420 226 3464; x_wconf 72' lang='lat'>²³¹²·</span> <span class='ocrx_word' id='word_1_491' title='bbox 261 3431 461 3503; x_wconf 71' lang='lat' dir='ltr'><strong>coniecturam</strong></span> <span class='ocrx_word' id='word_1_492' title='bbox 473 3423 739 3498; x_wconf 64' lang='lat' dir='ltr'><strong>swerwdrrius</strong></span> <span class='ocrx_word' id='word_1_493' title='bbox 748 3420 876 3479; x_wconf 69' lang='lat' dir='ltr'><strong>mamma</strong></span> <span class='ocrx_word' id='word_1_494' title='bbox 887 3420 1057 3496; x_wconf 74' lang='lat' dir='ltr'><strong>prospreere</strong></span> <span class='ocrx_word' id='word_1_495' title='bbox 1098 3443 1204 3506; x_wconf 78' lang='lat' dir='ltr'><strong>pona,</strong></span> <span class='ocrx_word' id='word_1_496' title='bbox 1217 3443 1335 3489; x_wconf 71' lang='lat' dir='ltr'><strong>neusa</strong></span> <span class='ocrx_word' id='word_1_497' title='bbox 1354 3425 1582 3499; x_wconf 64' lang='lat' dir='ltr'><strong>monterianus</strong></span> <span class='ocrx_word' id='word_1_498' title='bbox 1598 3438 1669 3497; x_wconf 74' lang='lat' dir='ltr'><strong>ergo</strong></span> <span class='ocrx_word' id='word_1_499' title='bbox 1684 3421 1807 3484; x_wconf 67' lang='lat' dir='ltr'><strong>mucre</strong></span> <span class='ocrx_word' id='word_1_500' title='bbox 1823 3421 1898 3497; x_wconf 81' lang='lat' dir='ltr'><strong>quid</strong></span> 
     </span>
     <span class='ocr_line' id='line_1_39' title="bbox 262 3501 1897 3588; baseline -0.003 -20"><span class='ocrx_word' id='word_1_501' title='bbox 262 3511 368 3569; x_wconf 80' lang='lat' dir='ltr'><strong>debet:</strong></span> <span class='ocrx_word' id='word_1_502' title='bbox 383 3511 464 3568; x_wconf 88' lang='lat' dir='ltr'><strong>visus</strong></span> <span class='ocrx_word' id='word_1_503' title='bbox 477 3508 557 3567; x_wconf 90' lang='lat' dir='ltr'><strong>enim</strong></span> <span class='ocrx_word' id='word_1_504' title='bbox 569 3509 665 3566; x_wconf 80' lang='lat' dir='ltr'><strong>uerius</strong></span> <span class='ocrx_word' id='word_1_505' title='bbox 678 3505 779 3580; x_wconf 84' lang='lat' dir='ltr'><strong>polius</strong></span> <span class='ocrx_word' id='word_1_506' title='bbox 791 3518 884 3578; x_wconf 83' lang='lat' dir='ltr'><strong>quum</strong></span> <span class='ocrx_word' id='word_1_507' title='bbox 896 3501 989 3561; x_wconf 72' lang='lat' dir='ltr'><strong>fallax</strong></span> <span class='ocrx_word' id='word_1_508' title='bbox 1004 3519 1058 3562; x_wconf 81' lang='lat' dir='ltr'><strong>au·</strong></span> <span class='ocrx_word' id='word_1_509' title='bbox 1098 3528 1188 3586; x_wconf 60' lang='lat' dir='ltr'><strong>agag,</strong></span> <span class='ocrx_word' id='word_1_510' title='bbox 1202 3511 1250 3570; x_wconf 71' lang='lat' dir='ltr'><strong>val</strong></span> <span class='ocrx_word' id='word_1_511' title='bbox 1267 3511 1343 3588; x_wconf 80' lang='lat' dir='ltr'><strong>quid</strong></span> <span class='ocrx_word' id='word_1_512' title='bbox 1361 3525 1450 3586; x_wconf 71' lang='lat' dir='ltr'><strong>agere</strong></span> <span class='ocrx_word' id='word_1_513' title='bbox 1468 3507 1595 3581; x_wconf 58' lang='lat' dir='ltr'><strong>debeam</strong></span> <span class='ocrx_word' id='word_1_514' title='bbox 1610 3527 1625 3563; x_wconf 81' lang='lat' dir='ltr'><strong>r</strong></span> <span class='ocrx_word' id='word_1_515' title='bbox 1641 3510 1671 3566; x_wconf 89' lang='lat' dir='ltr'><strong>et</strong></span> <span class='ocrx_word' id='word_1_516' title='bbox 1688 3508 1716 3566; x_wconf 90' lang='lat' dir='ltr'><strong>S.</strong></span> <span class='ocrx_word' id='word_1_517' title='bbox 1732 3506 1897 3566; x_wconf 76' lang='lat' dir='ltr'><strong>bernardus</strong></span> 
     </span>
     <span class='ocr_line' id='line_1_40' title="bbox 262 3586 1269 3728; baseline -0.007 -77"><span class='ocrx_word' id='word_1_518' title='bbox 262 3594 341 3651; x_wconf 88' lang='lat' dir='ltr'><strong>ditus</strong></span> <span class='ocrx_word' id='word_1_519' title='bbox 359 3594 439 3651; x_wconf 90' lang='lat' dir='ltr'><strong>testis</strong></span> <span class='ocrx_word' id='word_1_520' title='bbox 458 3590 648 3651; x_wconf 81' lang='lat' dir='ltr'><strong>adhibendus</strong></span> <span class='ocrx_word' id='word_1_521' title='bbox 670 3590 752 3646; x_wconf 78' lang='lat' dir='ltr'><strong>est.»</strong></span> <span class='ocrx_word' id='word_1_522' title='bbox 776 3589 809 3644; x_wconf 84' lang='lat' dir='ltr'><strong>Et</strong></span> <span class='ocrx_word' id='word_1_523' title='bbox 831 3587 860 3644; x_wconf 86' lang='lat' dir='ltr'><strong>S.</strong></span> <span class='ocrx_word' id='word_1_524' title='bbox 883 3586 1058 3728; x_wconf 52' lang='lat' dir='ltr'><strong>Glrlrleagoriulaa,</strong></span> <span class='ocrx_word' id='word_1_525' title='bbox 1098 3595 1132 3654; x_wconf 77' lang='lat' dir='ltr'><strong>in</strong></span> <span class='ocrx_word' id='word_1_526' title='bbox 1146 3597 1269 3656; x_wconf 31' lang='lat' dir='ltr'><strong>cum&amp;</strong></span> 
     </span>
     <span class='ocr_line' id='line_1_41' title="bbox 261 3667 1645 3742; baseline -0.01 -8"><span class='ocrx_word' id='word_1_527' title='bbox 261 3673 315 3736; x_wconf 92' lang='lat' dir='ltr'><strong>lib.</strong></span> <span class='ocrx_word' id='word_1_528' title='bbox 338 3677 394 3733; x_wconf 83' lang='lat' dir='ltr'><strong>xlx</strong></span> <span class='ocrx_word' id='word_1_529' title='bbox 415 3677 516 3734; x_wconf 77' lang='lat' dir='ltr'><strong>llorol</strong></span> <span class='ocrx_word' id='word_1_530' title='bbox 537 3689 572 3732; x_wconf 86' lang='lat' dir='ltr'><strong>aa</strong></span> <span class='ocrx_word' id='word_1_531' title='bbox 596 3713 604 3730; x_wconf 90' lang='lat'><strong>.</strong></span> <span class='ocrx_word' id='word_1_532' title='bbox 624 3685 710 3742; x_wconf 75' lang='lat' dir='ltr'><strong>rtur,</strong></span> <span class='ocrx_word' id='word_1_533' title='bbox 730 3685 767 3728; x_wconf 85' lang='lat' dir='ltr'><strong>ex</strong></span> <span class='ocrx_word' id='word_1_534' title='bbox 790 3667 908 3727; x_wconf 88' lang='lat' dir='ltr'><strong>onens&#39;</strong></span> <span class='ocrx_word' id='word_1_535' title='bbox 965 3685 1017 3727; x_wconf 89' lang='lat' dir='ltr'><strong>ver</strong></span> <span class='ocrx_word' id='word_1_536' title='bbox 1195 3691 1199 3698; x_wconf 91' lang='lat'><em>·</em></span> <span class='ocrx_word' id='word_1_537' title='bbox 1337 3717 1343 3729; x_wconf 88' lang='grc'><strong>,</strong></span> <span class='ocrx_word' id='word_1_538' title='bbox 1495 3716 1501 3730; x_wconf 82' lang='grc'>,</span> <span class='ocrx_word' id='word_1_539' title='bbox 1640 3715 1645 3728; x_wconf 90' lang='grc'><strong>,</strong></span> 
     </span>
     <span class='ocr_line' id='line_1_42' title="bbox 260 3683 1756 3856; baseline -0.008 -42"><span class='ocrx_word' id='word_1_540' title='bbox 260 3760 323 3826; x_wconf 81' lang='lat' dir='ltr'><strong>roo,</strong></span> <span class='ocrx_word' id='word_1_541' title='bbox 337 3772 404 3832; x_wconf 89' lang='lat' dir='ltr'><strong>eap.</strong></span> <span class='ocrx_word' id='word_1_542' title='bbox 419 3773 502 3830; x_wconf 77' lang='lat' dir='ltr'><strong>narr,</strong></span> <span class='ocrx_word' id='word_1_543' title='bbox 514 3688 593 3814; x_wconf 35' lang='lat' dir='ltr'><strong>vers?</strong></span> <span class='ocrx_word' id='word_1_544' title='bbox 608 3756 665 3812; x_wconf 76' lang='lat' dir='ltr'><strong>tur</strong></span> <span class='ocrx_word' id='word_1_545' title='bbox 682 3683 872 3810; x_wconf 50' lang='lat' dir='ltr'><strong>surgerem</strong></span> <span class='ocrx_word' id='word_1_546' title='bbox 885 3766 978 3825; x_wconf 81' lang='lat' dir='ltr'><strong>quam</strong></span> <span class='ocrx_word' id='word_1_547' title='bbox 990 3767 1058 3811; x_wconf 88' lang='lat' dir='ltr'><strong>nes·</strong></span> <span class='ocrx_word' id='word_1_548' title='bbox 1176 3719 1243 3842; x_wconf 50' lang='grc' dir='ltr'><strong>ἓξὲξ</strong></span> <span class='ocrx_word' id='word_1_549' title='bbox 1253 3714 1756 3856; x_wconf 49' lang='lat' dir='ltr'><strong>ffibfflwfflffiw&#39;</strong></span> 
     </span>
     <span class='ocr_line' id='line_1_43' title="bbox 261 3825 1471 3912; baseline -0.009 -12"><span class='ocrx_word' id='word_1_550' title='bbox 261 3840 377 3900; x_wconf 81' lang='lat' dir='ltr'><strong>aiebam</strong></span> <span class='ocrx_word' id='word_1_551' title='bbox 399 3837 622 3912; x_wconf 86' lang='lat' dir='ltr'><strong>diligentissime</strong></span> <span class='ocrx_word' id='word_1_552' title='bbox 647 3833 905 3908; x_wconf 62' lang='lat' dir='ltr'><strong>investigabam»</strong></span> <span class='ocrx_word' id='word_1_553' title='bbox 929 3833 972 3892; x_wconf 90' lang='lat' dir='ltr'><strong>sio</strong></span> <span class='ocrx_word' id='word_1_554' title='bbox 992 3835 1054 3893; x_wconf 89' lang='lat' dir='ltr'><strong>ait:</strong></span> <span class='ocrx_word' id='word_1_555' title='bbox 1322 3827 1330 3853; x_wconf 89' lang='lat'><em>&#39;</em></span> <span class='ocrx_word' id='word_1_556' title='bbox 1463 3825 1471 3852; x_wconf 86' lang='lat'><em>’</em></span> 
     </span>
     <span class='ocr_line' id='line_1_44' title="bbox 264 3917 1896 4000; baseline 0.001 -19"><span class='ocrx_word' id='word_1_557' title='bbox 264 3927 453 3985; x_wconf 64' lang='lat' dir='ltr'><strong>«irenaeum</strong></span> <span class='ocrx_word' id='word_1_558' title='bbox 472 3921 574 3982; x_wconf 86' lang='lat' dir='ltr'><strong>omnia</strong></span> <span class='ocrx_word' id='word_1_559' title='bbox 585 3919 630 3980; x_wconf 91' lang='lat' dir='ltr'><strong>lili</strong></span> <span class='ocrx_word' id='word_1_560' title='bbox 642 3920 725 3980; x_wconf 86' lang='lat' dir='ltr'><strong>nuda</strong></span> <span class='ocrx_word' id='word_1_561' title='bbox 738 3923 767 3978; x_wconf 89' lang='lat' dir='ltr'><strong>et</strong></span> <span class='ocrx_word' id='word_1_562' title='bbox 777 3921 880 3994; x_wconf 86' lang='lat' dir='ltr'><strong>apertu</strong></span> <span class='ocrx_word' id='word_1_563' title='bbox 891 3917 963 3989; x_wconf 91' lang='lat' dir='ltr'><strong>siut,</strong></span> <span class='ocrx_word' id='word_1_564' title='bbox 976 3917 1057 3978; x_wconf 85' lang='lat' dir='ltr'><strong>mula</strong></span> <span class='ocrx_word' id='word_1_565' title='bbox 1098 3923 1237 3984; x_wconf 75' lang='lat' dir='ltr'><strong>Praelare</strong></span> <span class='ocrx_word' id='word_1_566' title='bbox 1247 3925 1276 3984; x_wconf 87' lang='lat' dir='ltr'><strong>S.</strong></span> <span class='ocrx_word' id='word_1_567' title='bbox 1287 3923 1433 4000; x_wconf 79' lang='lat' dir='ltr'><strong>AEgidius,</strong></span> <span class='ocrx_word' id='word_1_568' title='bbox 1441 3937 1543 3984; x_wconf 88' lang='lat' dir='ltr'><strong>eomes</strong></span> <span class='ocrx_word' id='word_1_569' title='bbox 1551 3925 1581 3983; x_wconf 88' lang='lat' dir='ltr'><strong>S.</strong></span> <span class='ocrx_word' id='word_1_570' title='bbox 1591 3921 1758 3984; x_wconf 67' lang='lat' dir='ltr'><strong>mouri:</strong></span> <span class='ocrx_word' id='word_1_571' title='bbox 1774 3920 1896 3982; x_wconf 70' lang='lat' dir='ltr'><strong>illumi·</strong></span> 
     </span>
     <span class='ocr_line' id='line_1_45' title="bbox 261 4001 1897 4084; baseline -0.004 -17"><span class='ocrx_word' id='word_1_572' title='bbox 261 4007 460 4068; x_wconf 89' lang='lat' dir='ltr'><strong>Sodomorum</strong></span> <span class='ocrx_word' id='word_1_573' title='bbox 474 4005 592 4082; x_wconf 84' lang='lat' dir='ltr'><strong>punivit</strong></span> <span class='ocrx_word' id='word_1_574' title='bbox 604 4019 666 4063; x_wconf 91' lang='lat' dir='ltr'><strong>uon</strong></span> <span class='ocrx_word' id='word_1_575' title='bbox 678 4001 798 4076; x_wconf 89' lang='lat' dir='ltr'><strong>audita,</strong></span> <span class='ocrx_word' id='word_1_576' title='bbox 810 4002 864 4066; x_wconf 84' lang='lat' dir='ltr'><strong>sed</strong></span> <span class='ocrx_word' id='word_1_577' title='bbox 874 4001 971 4060; x_wconf 71' lang='lat' dir='ltr'><strong>usa.»</strong></span> <span class='ocrx_word' id='word_1_578' title='bbox 985 4001 1057 4062; x_wconf 89' lang='lat' dir='ltr'><strong>llino</strong></span> <span class='ocrx_word' id='word_1_579' title='bbox 1097 4007 1164 4070; x_wconf 75' lang='lat' dir='ltr'><strong>litus</strong></span> <span class='ocrx_word' id='word_1_580' title='bbox 1171 4049 1181 4080; x_wconf 92' lang='lat'><strong>,</strong></span> <span class='ocrx_word' id='word_1_581' title='bbox 1200 4007 1312 4084; x_wconf 85' lang='lat' dir='ltr'><strong>inquit,</strong></span> <span class='ocrx_word' id='word_1_582' title='bbox 1327 4012 1371 4068; x_wconf 74' lang='lat' dir='ltr'><strong>est</strong></span> <span class='ocrx_word' id='word_1_583' title='bbox 1388 4009 1480 4068; x_wconf 75' lang='lat' dir='ltr'><strong>instar</strong></span> <span class='ocrx_word' id='word_1_584' title='bbox 1492 4005 1642 4080; x_wconf 78' lang='lat' dir='ltr'><strong>fulminis,</strong></span> <span class='ocrx_word' id='word_1_585' title='bbox 1655 4006 1740 4083; x_wconf 84' lang='lat' dir='ltr'><strong>quod</strong></span> <span class='ocrx_word' id='word_1_586' title='bbox 1751 4005 1817 4064; x_wconf 83' lang='lat' dir='ltr'><strong>ierit</strong></span> <span class='ocrx_word' id='word_1_587' title='bbox 1830 4005 1897 4080; x_wconf 85' lang='lat' dir='ltr'><strong>qui-</strong></span> 
     </span>
     <span class='ocr_line' id='line_1_46' title="bbox 262 4085 1897 4167; baseline -0.001 -17"><span class='ocrx_word' id='word_1_588' title='bbox 262 4093 290 4151; x_wconf 89' lang='lat' dir='ltr'><strong>S.</strong></span> <span class='ocrx_word' id='word_1_589' title='bbox 314 4091 542 4164; x_wconf 79' lang='lat' dir='ltr'><strong>chrysostomus</strong></span> <span class='ocrx_word' id='word_1_590' title='bbox 572 4086 763 4148; x_wconf 79' lang='lat' dir='ltr'><strong>sommendat</strong></span> <span class='ocrx_word' id='word_1_591' title='bbox 784 4085 913 4144; x_wconf 84' lang='lat' dir='ltr'><strong>Prrelatis</strong></span> <span class='ocrx_word' id='word_1_592' title='bbox 940 4101 978 4144; x_wconf 91' lang='lat' dir='ltr'><strong>ue</strong></span> <span class='ocrx_word' id='word_1_593' title='bbox 1004 4085 1056 4145; x_wconf 88' lang='lat' dir='ltr'><strong>ali·</strong></span> <span class='ocrx_word' id='word_1_594' title='bbox 1098 4091 1184 4163; x_wconf 83' lang='lat' dir='ltr'><strong>dem,</strong></span> <span class='ocrx_word' id='word_1_595' title='bbox 1206 4091 1260 4150; x_wconf 85' lang='lat' dir='ltr'><strong>sed</strong></span> <span class='ocrx_word' id='word_1_596' title='bbox 1282 4089 1367 4151; x_wconf 85' lang='lat' dir='ltr'><strong>nulla</strong></span> <span class='ocrx_word' id='word_1_597' title='bbox 1386 4095 1457 4167; x_wconf 85' lang='lat' dir='ltr'><strong>poet</strong></span> <span class='ocrx_word' id='word_1_598' title='bbox 1479 4104 1511 4151; x_wconf 82' lang='lat' dir='ltr'><strong>aa</strong></span> <span class='ocrx_word' id='word_1_599' title='bbox 1533 4090 1675 4166; x_wconf 79' lang='lat' dir='ltr'><strong>relinquit</strong></span> <span class='ocrx_word' id='word_1_600' title='bbox 1695 4088 1832 4162; x_wconf 87' lang='lat' dir='ltr'><strong>vestigia;</strong></span> <span class='ocrx_word' id='word_1_601' title='bbox 1855 4088 1897 4148; x_wconf 89' lang='lat' dir='ltr'><strong>ita</strong></span> 
     </span>
     <span class='ocr_line' id='line_1_47' title="bbox 262 4168 2016 4251; baseline -0.001 -20"><span class='ocrx_word' id='word_1_602' title='bbox 262 4174 337 4250; x_wconf 77' lang='lat' dir='ltr'><strong>quid</strong></span> <span class='ocrx_word' id='word_1_603' title='bbox 364 4173 507 4232; x_wconf 87' lang='lat' dir='ltr'><strong>deliniant</strong></span> <span class='ocrx_word' id='word_1_604' title='bbox 532 4175 656 4248; x_wconf 90' lang='lat' dir='ltr'><strong>propter</strong></span> <span class='ocrx_word' id='word_1_605' title='bbox 682 4171 764 4230; x_wconf 85' lang='lat' dir='ltr'><strong>aulos</strong></span> <span class='ocrx_word' id='word_1_606' title='bbox 787 4168 871 4242; x_wconf 88' lang='lat' dir='ltr'><strong>vulgi</strong></span> <span class='ocrx_word' id='word_1_607' title='bbox 894 4185 1054 4229; x_wconf 85' lang='lat' dir='ltr'><strong>rumores:</strong></span> <span class='ocrx_word' id='word_1_608' title='bbox 1097 4189 1169 4234; x_wconf 89' lang='lat' dir='ltr'><strong>sane</strong></span> <span class='ocrx_word' id='word_1_609' title='bbox 1181 4173 1600 4251; x_wconf 86' lang='lat' dir='ltr'><strong>humilitusomnepeeeatum</strong></span> <span class='ocrx_word' id='word_1_610' title='bbox 1612 4173 1746 4250; x_wconf 87' lang='lat' dir='ltr'><strong>dissipat,</strong></span> <span class='ocrx_word' id='word_1_611' title='bbox 1757 4176 1897 4232; x_wconf 86' lang='lat' dir='ltr'><strong>ettamen</strong></span> <span class='ocrx_word' id='word_1_612' title='bbox 2013 4188 2016 4194; x_wconf 76' lang='grc'><strong>’</strong></span> 
     </span>
     <span class='ocr_line' id='line_1_48' title="bbox 264 4251 1896 4332; baseline -0.001 -18"><span class='ocrx_word' id='word_1_613' title='bbox 264 4257 374 4330; x_wconf 77' lang='lat' dir='ltr'><strong>attoli,</strong></span> <span class='ocrx_word' id='word_1_614' title='bbox 388 4258 500 4332; x_wconf 80' lang='lat' dir='ltr'><strong>iuquit,</strong></span> <span class='ocrx_word' id='word_1_615' title='bbox 520 4271 558 4316; x_wconf 80' lang='lat' dir='ltr'><strong>ex</strong></span> <span class='ocrx_word' id='word_1_616' title='bbox 570 4253 738 4331; x_wconf 78' lang='lat' dir='ltr'><strong>suspiriore</strong></span> <span class='ocrx_word' id='word_1_617' title='bbox 751 4251 962 4324; x_wconf 80' lang='lat' dir='ltr'><strong>iusiudieure,</strong></span> <span class='ocrx_word' id='word_1_618' title='bbox 976 4255 1057 4314; x_wconf 86' lang='lat' dir='ltr'><strong>ante·</strong></span> <span class='ocrx_word' id='word_1_619' title='bbox 1096 4263 1131 4316; x_wconf 90' lang='lat' dir='ltr'><strong>ut</strong></span> <span class='ocrx_word' id='word_1_620' title='bbox 1154 4256 1248 4316; x_wconf 91' lang='lat' dir='ltr'><strong>homo</strong></span> <span class='ocrx_word' id='word_1_621' title='bbox 1268 4257 1300 4317; x_wconf 90' lang='lat' dir='ltr'><strong>in</strong></span> <span class='ocrx_word' id='word_1_622' title='bbox 1319 4259 1413 4318; x_wconf 85' lang='lat' dir='ltr'><strong>oeulis</strong></span> <span class='ocrx_word' id='word_1_623' title='bbox 1435 4257 1497 4316; x_wconf 85' lang='lat' dir='ltr'><strong>suis</strong></span> <span class='ocrx_word' id='word_1_624' title='bbox 1521 4257 1559 4316; x_wconf 89' lang='lat' dir='ltr'><strong>eit</strong></span> <span class='ocrx_word' id='word_1_625' title='bbox 1580 4256 1670 4329; x_wconf 91' lang='lat' dir='ltr'><strong>nibil,</strong></span> <span class='ocrx_word' id='word_1_626' title='bbox 1689 4255 1816 4315; x_wconf 74' lang='lat' dir='ltr'><strong>efficit.»</strong></span> <span class='ocrx_word' id='word_1_627' title='bbox 1838 4257 1896 4313; x_wconf 87' lang='lat' dir='ltr'><strong>liae</strong></span> 
     </span>
     <span class='ocr_line' id='line_1_49' title="bbox 262 4335 1898 4417; baseline -0.002 -17"><span class='ocrx_word' id='word_1_628' title='bbox 262 4357 354 4417; x_wconf 80' lang='lat' dir='ltr'><strong>quam</strong></span> <span class='ocrx_word' id='word_1_629' title='bbox 371 4341 467 4400; x_wconf 73' lang='lat' dir='ltr'><strong>ducas</strong></span> <span class='ocrx_word' id='word_1_630' title='bbox 479 4343 584 4399; x_wconf 88' lang='lat' dir='ltr'><strong>utrum</strong></span> <span class='ocrx_word' id='word_1_631' title='bbox 596 4353 643 4398; x_wconf 88' lang='lat' dir='ltr'><strong>ree</strong></span> <span class='ocrx_word' id='word_1_632' title='bbox 656 4339 698 4399; x_wconf 90' lang='lat' dir='ltr'><strong>ita</strong></span> <span class='ocrx_word' id='word_1_633' title='bbox 708 4354 740 4396; x_wconf 88' lang='lat' dir='ltr'><strong>se</strong></span> <span class='ocrx_word' id='word_1_634' title='bbox 753 4336 878 4408; x_wconf 83' lang='lat' dir='ltr'><strong>habeat3</strong></span> <span class='ocrx_word' id='word_1_635' title='bbox 893 4351 990 4412; x_wconf 85' lang='lat' dir='ltr'><strong>neque</strong></span> <span class='ocrx_word' id='word_1_636' title='bbox 1003 4335 1057 4395; x_wconf 89' lang='lat' dir='ltr'><strong>ali·</strong></span> <span class='ocrx_word' id='word_1_637' title='bbox 1096 4339 1247 4400; x_wconf 74' lang='lat' dir='ltr'><strong>Abrabam</strong></span> <span class='ocrx_word' id='word_1_638' title='bbox 1261 4344 1320 4400; x_wconf 82' lang='lat' dir='ltr'><strong>lieu</strong></span> <span class='ocrx_word' id='word_1_639' title='bbox 1333 4341 1441 4400; x_wconf 87' lang='lat' dir='ltr'><strong>ebarus</strong></span> <span class='ocrx_word' id='word_1_640' title='bbox 1460 4345 1488 4400; x_wconf 90' lang='lat' dir='ltr'><strong>et</strong></span> <span class='ocrx_word' id='word_1_641' title='bbox 1501 4340 1615 4400; x_wconf 86' lang='lat' dir='ltr'><strong>amioue</strong></span> <span class='ocrx_word' id='word_1_642' title='bbox 1633 4339 1744 4412; x_wconf 79' lang='lat' dir='ltr'><strong>evasit3</strong></span> <span class='ocrx_word' id='word_1_643' title='bbox 1759 4355 1849 4409; x_wconf 89' lang='lat' dir='ltr'><strong>nam,</strong></span> <span class='ocrx_word' id='word_1_644' title='bbox 1862 4341 1898 4396; x_wconf 87' lang='lat' dir='ltr'><strong>ut</strong></span> 
     </span>
     <span class='ocr_line' id='line_1_50' title="bbox 261 4417 1897 4500; baseline -0.002 -18"><span class='ocrx_word' id='word_1_645' title='bbox 261 4439 353 4500; x_wconf 84' lang='lat' dir='ltr'><strong>quem</strong></span> <span class='ocrx_word' id='word_1_646' title='bbox 373 4424 462 4500; x_wconf 88' lang='lat' dir='ltr'><strong>eulpa</strong></span> <span class='ocrx_word' id='word_1_647' title='bbox 468 4442 478 4498; x_wconf 80' lang='lat'>3</span> <span class='ocrx_word' id='word_1_648' title='bbox 497 4423 552 4482; x_wconf 87' lang='lat' dir='ltr'><strong>aed</strong></span> <span class='ocrx_word' id='word_1_649' title='bbox 569 4422 669 4497; x_wconf 85' lang='lat' dir='ltr'><strong>polius</strong></span> <span class='ocrx_word' id='word_1_650' title='bbox 689 4424 782 4480; x_wconf 82' lang='lat' dir='ltr'><strong>ileum</strong></span> <span class='ocrx_word' id='word_1_651' title='bbox 801 4417 931 4489; x_wconf 85' lang='lat' dir='ltr'><strong>imitare,</strong></span> <span class='ocrx_word' id='word_1_652' title='bbox 950 4419 1003 4493; x_wconf 86' lang='lat' dir='ltr'><strong>qui</strong></span> <span class='ocrx_word' id='word_1_653' title='bbox 1016 4419 1058 4480; x_wconf 86' lang='lat' dir='ltr'><strong>ait</strong></span> <span class='ocrx_word' id='word_1_654' title='bbox 1097 4423 1195 4484; x_wconf 86' lang='lat' dir='ltr'><strong>aiebat</strong></span> <span class='ocrx_word' id='word_1_655' title='bbox 1206 4427 1234 4484; x_wconf 84' lang='lat' dir='ltr'><strong>S·</strong></span> <span class='ocrx_word' id='word_1_656' title='bbox 1249 4425 1415 4484; x_wconf 80' lang='lat' dir='ltr'><strong>ludovicus</strong></span> <span class='ocrx_word' id='word_1_657' title='bbox 1429 4425 1592 4500; x_wconf 79' lang='lat' dir='ltr'><strong>Episcopus</strong></span> <span class='ocrx_word' id='word_1_658' title='bbox 1601 4423 1783 4484; x_wconf 84' lang='lat' dir='ltr'><strong>Tolosauus:</strong></span> <span class='ocrx_word' id='word_1_659' title='bbox 1796 4419 1897 4480; x_wconf 80' lang='lat' dir='ltr'><strong>vllihil</strong></span> 
     </span>
     <span class='ocr_line' id='line_1_51' title="bbox 264 4502 1896 4586; baseline -0.002 -18"><span class='ocrx_word' id='word_1_660' title='bbox 264 4509 329 4568; x_wconf 83' lang='lat' dir='ltr'><strong>tien.</strong></span> <span class='ocrx_word' id='word_1_661' title='bbox 345 4523 416 4568; x_wconf 84' lang='lat' dir='ltr'><strong>xvur</strong></span> <span class='ocrx_word' id='word_1_662' title='bbox 434 4525 442 4566; x_wconf 82' lang='lat' dir='ltr'><strong>r</strong></span> <span class='ocrx_word' id='word_1_663' title='bbox 464 4506 655 4578; x_wconf 69' lang='lat' dir='ltr'><strong>limeendum,</strong></span> <span class='ocrx_word' id='word_1_664' title='bbox 677 4509 707 4564; x_wconf 89' lang='lat' dir='ltr'><strong>et</strong></span> <span class='ocrx_word' id='word_1_665' title='bbox 728 4502 877 4564; x_wconf 78' lang='lat' dir='ltr'><strong>videbo.»</strong></span> <span class='ocrx_word' id='word_1_666' title='bbox 899 4504 991 4561; x_wconf 87' lang='lat' dir='ltr'><strong>Notus</strong></span> <span class='ocrx_word' id='word_1_667' title='bbox 1013 4506 1057 4560; x_wconf 82' lang='lat' dir='ltr'><strong>eet</strong></span> <span class='ocrx_word' id='word_1_668' title='bbox 1098 4513 1158 4568; x_wconf 81' lang='lat' dir='ltr'><strong>tam</strong></span> <span class='ocrx_word' id='word_1_669' title='bbox 1171 4514 1290 4583; x_wconf 77' lang='lat' dir='ltr'><strong>gratum</strong></span> <span class='ocrx_word' id='word_1_670' title='bbox 1301 4513 1372 4582; x_wconf 81' lang='lat' dir='ltr'><strong>beo,</strong></span> <span class='ocrx_word' id='word_1_671' title='bbox 1381 4526 1475 4586; x_wconf 84' lang='lat' dir='ltr'><strong>quam</strong></span> <span class='ocrx_word' id='word_1_672' title='bbox 1484 4511 1510 4569; x_wconf 87' lang='lat' dir='ltr'><strong>ai</strong></span> <span class='ocrx_word' id='word_1_673' title='bbox 1519 4511 1588 4569; x_wconf 80' lang='lat' dir='ltr'><strong>vitu</strong></span> <span class='ocrx_word' id='word_1_674' title='bbox 1600 4509 1705 4570; x_wconf 87' lang='lat' dir='ltr'><strong>merito</strong></span> <span class='ocrx_word' id='word_1_675' title='bbox 1719 4507 1832 4582; x_wconf 88' lang='lat' dir='ltr'><strong>magni,</strong></span> <span class='ocrx_word' id='word_1_676' title='bbox 1841 4506 1896 4565; x_wconf 85' lang='lat' dir='ltr'><strong>hu·</strong></span> 
     </span>
     <span class='ocr_line' id='line_1_52' title="bbox 261 4585 1897 4668; baseline -0.005 -17"><span class='ocrx_word' id='word_1_677' title='bbox 261 4593 417 4654; x_wconf 79' lang='lat' dir='ltr'><strong>Theodosii</strong></span> <span class='ocrx_word' id='word_1_678' title='bbox 436 4589 622 4666; x_wconf 87' lang='lat' dir='ltr'><strong>imperatoris</strong></span> <span class='ocrx_word' id='word_1_679' title='bbox 635 4588 738 4664; x_wconf 84' lang='lat' dir='ltr'><strong>lapsus</strong></span> <span class='ocrx_word' id='word_1_680' title='bbox 751 4589 784 4646; x_wconf 91' lang='lat' dir='ltr'><strong>in</strong></span> <span class='ocrx_word' id='word_1_681' title='bbox 792 4585 979 4663; x_wconf 83' lang='lat' dir='ltr'><strong>prueipituta</strong></span> <span class='ocrx_word' id='word_1_682' title='bbox 992 4601 1057 4643; x_wconf 89' lang='lat' dir='ltr'><strong>sen-</strong></span> <span class='ocrx_word' id='word_1_683' title='bbox 1097 4592 1220 4653; x_wconf 65' lang='lat' dir='ltr'><strong>militate</strong></span> <span class='ocrx_word' id='word_1_684' title='bbox 1233 4593 1327 4652; x_wconf 69' lang='lat' dir='ltr'><strong>simus</strong></span> <span class='ocrx_word' id='word_1_685' title='bbox 1338 4591 1446 4666; x_wconf 71' lang='lat' dir='ltr'><strong>infimi,</strong></span> <span class='ocrx_word' id='word_1_686' title='bbox 1455 4609 1524 4652; x_wconf 72' lang='lat' dir='ltr'><strong>cnm</strong></span> <span class='ocrx_word' id='word_1_687' title='bbox 1537 4596 1620 4653; x_wconf 60' lang='lat' dir='ltr'><strong>tanto</strong></span> <span class='ocrx_word' id='word_1_688' title='bbox 1630 4593 1699 4668; x_wconf 79' lang='lat' dir='ltr'><strong>quis</strong></span> <span class='ocrx_word' id='word_1_689' title='bbox 1713 4595 1772 4652; x_wconf 72' lang='lat' dir='ltr'><strong>neo</strong></span> <span class='ocrx_word' id='word_1_690' title='bbox 1782 4591 1819 4649; x_wconf 81' lang='lat' dir='ltr'><strong>sit</strong></span> <span class='ocrx_word' id='word_1_691' title='bbox 1830 4605 1897 4666; x_wconf 79' lang='lat' dir='ltr'><strong>pra-</strong></span> 
     </span>
     <span class='ocr_line' id='line_1_53' title="bbox 261 4669 1822 4753; baseline 0.004 -21"><span class='ocrx_word' id='word_1_692' title='bbox 261 4677 352 4734; x_wconf 87' lang='lat' dir='ltr'><strong>teutiu</strong></span> <span class='ocrx_word' id='word_1_693' title='bbox 362 4679 391 4735; x_wconf 89' lang='lat' dir='ltr'><strong>et</strong></span> <span class='ocrx_word' id='word_1_694' title='bbox 403 4670 805 4742; x_wconf 76' lang='lat' dir='ltr'><strong>cadelbesselonieeusium,</strong></span> <span class='ocrx_word' id='word_1_695' title='bbox 815 4669 898 4742; x_wconf 81' lang='lat' dir='ltr'><strong>eujus</strong></span> <span class='ocrx_word' id='word_1_696' title='bbox 911 4684 982 4726; x_wconf 87' lang='lat' dir='ltr'><strong>eum</strong></span> <span class='ocrx_word' id='word_1_697' title='bbox 993 4685 1057 4727; x_wconf 92' lang='lat' dir='ltr'><strong>mo·</strong></span> <span class='ocrx_word' id='word_1_698' title='bbox 1097 4677 1211 4748; x_wconf 89' lang='lat' dir='ltr'><strong>tiosior,</strong></span> <span class='ocrx_word' id='word_1_699' title='bbox 1225 4683 1339 4753; x_wconf 87' lang='lat' dir='ltr'><strong>quanto</strong></span> <span class='ocrx_word' id='word_1_700' title='bbox 1352 4681 1475 4753; x_wconf 87' lang='lat' dir='ltr'><strong>propter</strong></span> <span class='ocrx_word' id='word_1_701' title='bbox 1488 4694 1558 4737; x_wconf 87' lang='lat' dir='ltr'><strong>eum</strong></span> <span class='ocrx_word' id='word_1_702' title='bbox 1572 4676 1629 4736; x_wconf 89' lang='lat' dir='ltr'><strong>sibi</strong></span> <span class='ocrx_word' id='word_1_703' title='bbox 1642 4681 1686 4736; x_wconf 85' lang='lat' dir='ltr'><strong>est</strong></span> <span class='ocrx_word' id='word_1_704' title='bbox 1696 4675 1822 4737; x_wconf 74' lang='lat' dir='ltr'><strong>vilior.»</strong></span> 
     </span>
     <span class='ocr_line' id='line_1_54' title="bbox 262 4752 2018 4834; baseline -0.006 0"><span class='ocrx_word' id='word_1_705' title='bbox 262 4759 327 4820; x_wconf 58' lang='lat' dir='ltr'><strong>nitu</strong></span> <span class='ocrx_word' id='word_1_706' title='bbox 349 4762 377 4819; x_wconf 75' lang='lat' dir='ltr'><strong>S·</strong></span> <span class='ocrx_word' id='word_1_707' title='bbox 392 4754 542 4834; x_wconf 52' lang='lat' dir='ltr'><strong>Ambw&#39;ifi</strong></span> <span class='ocrx_word' id='word_1_708' title='bbox 557 4761 662 4833; x_wconf 61' lang='grc' dir='ltr'><strong>1)Οεῐθιῑ</strong></span> <span class='ocrx_word' id='word_1_709' title='bbox 674 4756 751 4815; x_wconf 72' lang='lat' dir='ltr'><strong>⁸d⁸⁰</strong></span> <span class='ocrx_word' id='word_1_710' title='bbox 763 4753 917 4828; x_wconf 65' lang='lat' dir='ltr'><strong>poeflifflsti</strong></span> <span class='ocrx_word' id='word_1_711' title='bbox 930 4755 960 4809; x_wconf 63' lang='lat'><strong>0²</strong></span> <span class='ocrx_word' id='word_1_712' title='bbox 974 4752 1057 4811; x_wconf 65' lang='lat' dir='ltr'><strong>Davi·</strong></span> <span class='ocrx_word' id='word_1_713' title='bbox 1133 4764 1179 4819; x_wconf 74' lang='grc'><strong>31.</strong></span> <span class='ocrx_word' id='word_1_714' title='bbox 1191 4763 1253 4820; x_wconf 83' lang='lat' dir='ltr'><strong>Non</strong></span> <span class='ocrx_word' id='word_1_715' title='bbox 1266 4777 1374 4820; x_wconf 80' lang='lat' dir='ltr'><strong>nerano</strong></span> <span class='ocrx_word' id='word_1_716' title='bbox 1389 4776 1517 4821; x_wconf 79' lang='lat' dir='ltr'><strong>raorraa</strong></span> <span class='ocrx_word' id='word_1_717' title='bbox 1530 4776 1634 4821; x_wconf 78' lang='lat' dir='ltr'><strong>uren.</strong></span> <span class='ocrx_word' id='word_1_718' title='bbox 1649 4791 1685 4806; x_wconf 90' lang='lat'><strong>-·</strong></span> <span class='ocrx_word' id='word_1_719' title='bbox 1698 4761 1750 4820; x_wconf 86' lang='lat' dir='ltr'><strong>llio</strong></span> <span class='ocrx_word' id='word_1_720' title='bbox 1762 4763 1839 4818; x_wconf 84' lang='lat' dir='ltr'><strong>Deus</strong></span> <span class='ocrx_word' id='word_1_721' title='bbox 1849 4759 1896 4818; x_wconf 89' lang='lat' dir='ltr'><strong>in·</strong></span> <span class='ocrx_word' id='word_1_722' title='bbox 1910 4776 1972 4823; x_wconf 78' lang='lat' dir='ltr'><strong>vrrs.</strong></span> <span class='ocrx_word' id='word_1_723' title='bbox 1981 4775 2018 4824; x_wconf 77' lang='lat' dir='ltr'><strong>tr.</strong></span> 
     </span>
     <span class='ocr_line' id='line_1_55' title="bbox 263 4833 1897 4918; baseline -0.004 -17"><span class='ocrx_word' id='word_1_724' title='bbox 263 4843 310 4901; x_wconf 79' lang='lat' dir='ltr'><strong>dis</strong></span> <span class='ocrx_word' id='word_1_725' title='bbox 322 4841 400 4900; x_wconf 75' lang='lat' dir='ltr'><strong>circii</strong></span> <span class='ocrx_word' id='word_1_726' title='bbox 412 4840 602 4916; x_wconf 70' lang='lat' dir='ltr'><strong>ffiphibosei,</strong></span> <span class='ocrx_word' id='word_1_727' title='bbox 613 4841 637 4899; x_wconf 85' lang='lat' dir='ltr'><strong>ll</strong></span> <span class='ocrx_word' id='word_1_728' title='bbox 649 4841 715 4910; x_wconf 72' lang='lat' dir='ltr'><strong>Rea.</strong></span> <span class='ocrx_word' id='word_1_729' title='bbox 729 4852 796 4909; x_wconf 78' lang='lat' dir='ltr'><strong>xvi,</strong></span> <span class='ocrx_word' id='word_1_730' title='bbox 807 4840 841 4910; x_wconf 68' lang='grc'><strong>4,</strong></span> <span class='ocrx_word' id='word_1_731' title='bbox 859 4833 968 4894; x_wconf 69' lang='lat' dir='ltr'><strong>collato</strong></span> <span class='ocrx_word' id='word_1_732' title='bbox 986 4850 1056 4894; x_wconf 85' lang='lat' dir='ltr'><strong>eum</strong></span> <span class='ocrx_word' id='word_1_733' title='bbox 1095 4843 1164 4918; x_wconf 77' lang='lat' dir='ltr'><strong>J&#39;ecil</strong></span> <span class='ocrx_word' id='word_1_734' title='bbox 1181 4844 1306 4903; x_wconf 73' lang='lat' dir='ltr'><strong>Abrahae</strong></span> <span class='ocrx_word' id='word_1_735' title='bbox 1324 4844 1464 4905; x_wconf 78' lang='lat' dir='ltr'><strong>timorem</strong></span> <span class='ocrx_word' id='word_1_736' title='bbox 1478 4850 1509 4904; x_wconf 77' lang='lat' dir='ltr'><strong>oi</strong></span> <span class='ocrx_word' id='word_1_737' title='bbox 1520 4844 1753 4915; x_wconf 70' lang='lat' dir='ltr'><strong>verecundiam,</strong></span> <span class='ocrx_word' id='word_1_738' title='bbox 1765 4859 1803 4902; x_wconf 78' lang='lat' dir='ltr'><strong>ne</strong></span> <span class='ocrx_word' id='word_1_739' title='bbox 1818 4843 1897 4901; x_wconf 78' lang='lat' dir='ltr'><strong>ultra</strong></span> 
     </span>
     <span class='ocr_line' id='line_1_56' title="bbox 263 4926 1897 5004; baseline 0.001 -21"><span class='ocrx_word' id='word_1_740' title='bbox 263 4927 286 4983; x_wconf 94' lang='lat' dir='ltr'><strong>ll</strong></span> <span class='ocrx_word' id='word_1_741' title='bbox 298 4928 364 4998; x_wconf 77' lang='lat' dir='ltr'><strong>ileo.</strong></span> <span class='ocrx_word' id='word_1_742' title='bbox 378 4941 444 4998; x_wconf 83' lang='lat' dir='ltr'><strong>xlx,</strong></span> <span class='ocrx_word' id='word_1_743' title='bbox 457 4926 505 4984; x_wconf 75' lang='lat' dir='ltr'><strong>il.</strong></span> <span class='ocrx_word' id='word_1_744' title='bbox 1097 4928 1325 5004; x_wconf 83' lang='lat' dir='ltr'><strong>progrederetur</strong></span> <span class='ocrx_word' id='word_1_745' title='bbox 1345 4927 1376 4986; x_wconf 90' lang='lat' dir='ltr'><strong>in</strong></span> <span class='ocrx_word' id='word_1_746' title='bbox 1392 4943 1448 4988; x_wconf 86' lang='lat' dir='ltr'><strong>sua</strong></span> <span class='ocrx_word' id='word_1_747' title='bbox 1464 4927 1606 5003; x_wconf 89' lang='lat' dir='ltr'><strong>petitione</strong></span> <span class='ocrx_word' id='word_1_748' title='bbox 1626 4927 1667 4987; x_wconf 90' lang='lat' dir='ltr'><strong>ad</strong></span> <span class='ocrx_word' id='word_1_749' title='bbox 1689 4931 1828 5002; x_wconf 85' lang='lat' dir='ltr'><strong>quatuor,</strong></span> <span class='ocrx_word' id='word_1_750' title='bbox 1844 4927 1897 5001; x_wconf 86' lang='lat' dir='ltr'><strong>qui</strong></span> 
     </span>
     <span class='ocr_line' id='line_1_57' title="bbox 143 5006 1898 5084; baseline -0.006 -7"><span class='ocrx_word' id='word_1_751' title='bbox 143 5006 248 5058; x_wconf 63' lang='lat' dir='ltr'><strong>&#39;‘fl-¹²·</strong></span> <span class='ocrx_word' id='word_1_752' title='bbox 297 5017 343 5076; x_wconf 75' lang='lat'><strong>22.</strong></span> <span class='ocrx_word' id='word_1_753' title='bbox 367 5017 647 5083; x_wconf 78' lang='lat' dir='ltr'><strong>Convaaraaunruua</strong></span> <span class='ocrx_word' id='word_1_754' title='bbox 668 5027 711 5072; x_wconf 84' lang='lat' dir='ltr'><strong>er.</strong></span> <span class='ocrx_word' id='word_1_755' title='bbox 726 5040 762 5055; x_wconf 94' lang='lat'>-</span> <span class='ocrx_word' id='word_1_756' title='bbox 779 5013 821 5070; x_wconf 83' lang='lat' dir='ltr'><strong>Ex</strong></span> <span class='ocrx_word' id='word_1_757' title='bbox 842 5011 901 5070; x_wconf 87' lang='lat' dir='ltr'><strong>hue</strong></span> <span class='ocrx_word' id='word_1_758' title='bbox 921 5010 1005 5084; x_wconf 89' lang='lat' dir='ltr'><strong>loeo,</strong></span> <span class='ocrx_word' id='word_1_759' title='bbox 1028 5013 1058 5069; x_wconf 90' lang='lat' dir='ltr'><strong>et</strong></span> <span class='ocrx_word' id='word_1_760' title='bbox 1097 5027 1199 5070; x_wconf 90' lang='lat' dir='ltr'><strong>revera</strong></span> <span class='ocrx_word' id='word_1_761' title='bbox 1211 5015 1326 5070; x_wconf 88' lang='lat' dir='ltr'><strong>tuntum</strong></span> <span class='ocrx_word' id='word_1_762' title='bbox 1339 5011 1463 5071; x_wconf 88' lang='lat' dir='ltr'><strong>erantin</strong></span> <span class='ocrx_word' id='word_1_763' title='bbox 1476 5011 1624 5082; x_wconf 89' lang='lat' dir='ltr'><strong>Sodomis,</strong></span> <span class='ocrx_word' id='word_1_764' title='bbox 1639 5010 1898 5083; x_wconf 77' lang='lat' dir='ltr'><strong>scilicetlot,e1&#39;ua</strong></span> 
     </span>
     <span class='ocr_line' id='line_1_58' title="bbox 263 5092 1899 5176; baseline -0.006 -16"><span class='ocrx_word' id='word_1_765' title='bbox 263 5117 300 5160; x_wconf 87' lang='lat' dir='ltr'><strong>ex</strong></span> <span class='ocrx_word' id='word_1_766' title='bbox 313 5116 379 5176; x_wconf 76' lang='lat' dir='ltr'><strong>esp.</strong></span> <span class='ocrx_word' id='word_1_767' title='bbox 394 5103 624 5175; x_wconf 82' lang='lat' dir='ltr'><strong>sequant.,vere.</strong></span> <span class='ocrx_word' id='word_1_768' title='bbox 634 5101 662 5170; x_wconf 88' lang='lat' dir='ltr'><strong>t,</strong></span> <span class='ocrx_word' id='word_1_769' title='bbox 673 5093 1056 5172; x_wconf 86' lang='lat' dir='ltr'><strong>apparetduosangelosab</strong></span> <span class='ocrx_word' id='word_1_770' title='bbox 1097 5110 1175 5153; x_wconf 86' lang='lat' dir='ltr'><strong>uxor</strong></span> <span class='ocrx_word' id='word_1_771' title='bbox 1190 5097 1219 5153; x_wconf 90' lang='lat' dir='ltr'><strong>et</strong></span> <span class='ocrx_word' id='word_1_772' title='bbox 1231 5095 1300 5154; x_wconf 81' lang='lat' dir='ltr'><strong>dure</strong></span> <span class='ocrx_word' id='word_1_773' title='bbox 1311 5095 1393 5167; x_wconf 79' lang='lat' dir='ltr'><strong>nna,</strong></span> <span class='ocrx_word' id='word_1_774' title='bbox 1409 5094 1507 5170; x_wconf 85' lang='lat' dir='ltr'><strong>inquit</strong></span> <span class='ocrx_word' id='word_1_775' title='bbox 1519 5095 1549 5154; x_wconf 91' lang='lat' dir='ltr'><strong>S.</strong></span> <span class='ocrx_word' id='word_1_776' title='bbox 1563 5094 1794 5170; x_wconf 81' lang='lat' dir='ltr'><strong>Chrysostomus</strong></span> <span class='ocrx_word' id='word_1_777' title='bbox 1809 5111 1817 5151; x_wconf 75' lang='grc' dir='ltr'><strong><em>ε</em></strong></span> <span class='ocrx_word' id='word_1_778' title='bbox 1830 5092 1899 5151; x_wconf 90' lang='lat' dir='ltr'><strong>rali-</strong></span> 
     </span>
     <span class='ocr_line' id='line_1_59' title="bbox 261 5177 1900 5254; baseline -0.007 -7"><span class='ocrx_word' id='word_1_779' title='bbox 261 5184 432 5247; x_wconf 78' lang='lat' dir='ltr'><strong>abrahamo</strong></span> <span class='ocrx_word' id='word_1_780' title='bbox 454 5183 620 5245; x_wconf 66' lang='lat' dir='ltr'><strong>ffieeemisse</strong></span> <span class='ocrx_word' id='word_1_781' title='bbox 642 5181 824 5252; x_wconf 85' lang='lat' dir='ltr'><strong>Sodomam,</strong></span> <span class='ocrx_word' id='word_1_782' title='bbox 843 5180 962 5238; x_wconf 89' lang='lat' dir='ltr'><strong>tertium</strong></span> <span class='ocrx_word' id='word_1_783' title='bbox 984 5195 1056 5238; x_wconf 87' lang='lat' dir='ltr'><strong>vero</strong></span> <span class='ocrx_word' id='word_1_784' title='bbox 1097 5177 1601 5254; x_wconf 85' lang='lat' dir='ltr'><strong>quieuimemnesquasiuoeentes</strong></span> <span class='ocrx_word' id='word_1_785' title='bbox 1610 5178 1900 5252; x_wconf 83' lang='lat' dir='ltr'><strong>eoelestiigneiuso·</strong></span> 
     </span>
     <span class='ocr_line' id='line_1_60' title="bbox 263 5260 1899 5338; baseline -0.006 -10"><span class='ocrx_word' id='word_1_786' title='bbox 263 5283 333 5328; x_wconf 89' lang='lat' dir='ltr'><strong>eum</strong></span> <span class='ocrx_word' id='word_1_787' title='bbox 347 5283 382 5327; x_wconf 90' lang='lat' dir='ltr'><strong>eo</strong></span> <span class='ocrx_word' id='word_1_788' title='bbox 395 5266 494 5326; x_wconf 88' lang='lat' dir='ltr'><strong>adhue</strong></span> <span class='ocrx_word' id='word_1_789' title='bbox 512 5265 654 5326; x_wconf 84' lang='lat' dir='ltr'><strong>mansisse</strong></span> <span class='ocrx_word' id='word_1_790' title='bbox 659 5283 669 5338; x_wconf 69' lang='grc' dir='ltr'><strong><em>ς</em></strong></span> <span class='ocrx_word' id='word_1_791' title='bbox 685 5264 767 5324; x_wconf 90' lang='lat' dir='ltr'><strong>uude</strong></span> <span class='ocrx_word' id='word_1_792' title='bbox 781 5265 819 5324; x_wconf 89' lang='lat' dir='ltr'><strong>de</strong></span> <span class='ocrx_word' id='word_1_793' title='bbox 834 5278 870 5323; x_wconf 91' lang='lat' dir='ltr'><strong>eo</strong></span> <span class='ocrx_word' id='word_1_794' title='bbox 881 5261 985 5324; x_wconf 90' lang='lat' dir='ltr'><strong>subdit</strong></span> <span class='ocrx_word' id='word_1_795' title='bbox 998 5264 1057 5320; x_wconf 85' lang='lat' dir='ltr'><strong>ilo·</strong></span> <span class='ocrx_word' id='word_1_796' title='bbox 1099 5260 1197 5320; x_wconf 87' lang='lat' dir='ltr'><strong>domis</strong></span> <span class='ocrx_word' id='word_1_797' title='bbox 1208 5261 1437 5335; x_wconf 84' lang='lat' dir='ltr'><strong>eonflagrarunt.</strong></span> <span class='ocrx_word' id='word_1_798' title='bbox 1451 5263 1529 5322; x_wconf 78' lang='lat' dir='ltr'><strong>Ferit</strong></span> <span class='ocrx_word' id='word_1_799' title='bbox 1541 5265 1600 5322; x_wconf 88' lang='lat' dir='ltr'><strong>boe</strong></span> <span class='ocrx_word' id='word_1_800' title='bbox 1615 5266 1709 5336; x_wconf 84' lang='lat' dir='ltr'><strong>baur,</strong></span> <span class='ocrx_word' id='word_1_801' title='bbox 1721 5279 1760 5320; x_wconf 89' lang='lat' dir='ltr'><strong>na</strong></span> <span class='ocrx_word' id='word_1_802' title='bbox 1772 5262 1797 5320; x_wconf 88' lang='lat' dir='ltr'><strong>si</strong></span> <span class='ocrx_word' id='word_1_803' title='bbox 1808 5261 1899 5320; x_wconf 78' lang='lat' dir='ltr'><strong>Abra·</strong></span> 
     </span>
    </p>
   </div>
   <div class='ocr_carea' id='block_1_3' title="bbox 260 5343 1900 5434">
    <p class='ocr_par' dir='ltr' id='par_1_9' title="bbox 260 5343 1900 5434">
     <span class='ocr_line' id='line_1_61' title="bbox 260 5343 1900 5434; baseline -0.007 -20"><span class='ocrx_word' id='word_1_804' title='bbox 260 5369 327 5414; x_wconf 84' lang='lat' dir='ltr'><strong>aes:</strong></span> <span class='ocrx_word' id='word_1_805' title='bbox 342 5351 516 5416; x_wconf 75' lang='lat' dir='ltr'><strong>«Abrabam</strong></span> <span class='ocrx_word' id='word_1_806' title='bbox 529 5349 628 5416; x_wconf 79' lang='lat' dir='ltr'><strong>adhue</strong></span> <span class='ocrx_word' id='word_1_807' title='bbox 638 5348 734 5412; x_wconf 87' lang='lat' dir='ltr'><strong>stabat</strong></span> <span class='ocrx_word' id='word_1_808' title='bbox 745 5347 792 5427; x_wconf 78' lang='lat' dir='ltr'><strong>tin</strong></span> <span class='ocrx_word' id='word_1_809' title='bbox 803 5349 950 5424; x_wconf 73' lang='lat' dir='ltr'><strong>brabone,</strong></span> <span class='ocrx_word' id='word_1_810' title='bbox 960 5349 994 5410; x_wconf 82' lang='lat' dir='ltr'><strong>ut</strong></span> <span class='ocrx_word' id='word_1_811' title='bbox 1004 5347 1057 5412; x_wconf 86' lang='lat' dir='ltr'><strong>ad·</strong></span> <span class='ocrx_word' id='word_1_812' title='bbox 1098 5343 1171 5410; x_wconf 84' lang='lat' dir='ltr'><strong>bam</strong></span> <span class='ocrx_word' id='word_1_813' title='bbox 1190 5345 1232 5408; x_wconf 93' lang='lat' dir='ltr'><strong>ob</strong></span> <span class='ocrx_word' id='word_1_814' title='bbox 1252 5350 1383 5434; x_wconf 83' lang='lat' dir='ltr'><strong>quatuor</strong></span> <span class='ocrx_word' id='word_1_815' title='bbox 1405 5347 1542 5408; x_wconf 79' lang='lat' dir='ltr'><strong>Sodoma</strong></span> <span class='ocrx_word' id='word_1_816' title='bbox 1564 5347 1648 5426; x_wconf 86' lang='lat' dir='ltr'><strong>parui</strong></span> <span class='ocrx_word' id='word_1_817' title='bbox 1665 5351 1787 5423; x_wconf 84' lang='lat' dir='ltr'><strong>peteret,</strong></span> <span class='ocrx_word' id='word_1_818' title='bbox 1806 5346 1900 5422; x_wconf 77' lang='lat' dir='ltr'><strong>idque</strong></span> 
     </span>
    </p>
   </div>
   <div class='ocr_carea' id='block_1_4' title="bbox 0 0 2136 6038">
    <p class='ocr_par' dir='ltr' id='par_1_10' title="bbox 0 0 2136 6038">
     <span class='ocr_line' id='line_1_62' title="bbox 0 0 2136 6038; baseline 0 0"><span class='ocrx_word' id='word_1_819' title='bbox 0 0 2136 6038; x_wconf 95' lang='lat' dir='ltr'><strong> </strong></span> 
     </span>
    </p>
   </div>
  </div>
 </body>
</html>
