4042 6032
1626 377 1758 436 mxu!

151 483 209 540 lice
220 479 916 556 vilenohisridcatnrquodlntslllgentiamver·
962 483 966 488 '
994 481 1199 552 Quorumdam
1222 483 1326 556 opinio
1345 481 1403 542 luit
1422 483 1472 558 (2),
1492 483 1622 559 primam
1641 485 1756 544 0011101

119 567 227 624 borum
249 569 298 626 Dei
319 584 373 641 per
396 566 550 624 sensibiles
569 570 715 624 creaturas
734 581 915 641 quaeramus.
959 568 1044 624 tcrrae
1057 565 1236 624 creationem
1247 566 1520 628 autsaltemrerum
1532 572 1640 626 emtum
1652 571 1756 626 versa

120 653 190 707 liam
203 651 283 707 sicut
297 651 372 708 dum
385 651 507 708 doctum
525 649 649 721 aliquod
666 648 808 709 volumen
821 648 917 723 perle-
959 649 1157 724 descriptum,
1172 651 1212 708 ed
1223 650 1356 726 primum
1370 651 1449 709 diem
1464 653 1496 709 ln
1510 667 1572 725 quo
1586 656 1689 725 postea
1701 653 1756 710 lux

120 734 215 805 gimus
223 776 235 806 ,
250 751 312 792 non
325 749 383 792 nes
396 751 414 790 a
427 733 645 790 characteribus
659 736 824 792 atramento
843 730 916 790 deli·
942 734 1110 811 'apparuii,
1125 735 1281 808 pertinere.
1298 737 1406 794 ilerum
1425 734 1474 792 hle
1495 733 1576 805 dies,
1590 734 1640 793 aiii
1651 735 1755 793 obser·

120 817 209 874 neatis
221 818 389 888 erudimur,
403 817 456 874 sed
468 833 485 874 s
499 817 639 888 scriptore
649 815 702 888 qui
713 816 753 873 ad
762 831 833 872 suos
847 832 915 872 sen·
958 822 1042 886 vent,
1056 819 1173 874 videtur
1183 816 1371 891 probabilius
1384 817 1512 892 incipere
1526 835 1544 876 a
1558 819 1660 876 divino
1670 833 1756 877 man·

120 917 167 958 sus
181 900 404 974 patefaciendus
416 900 483 957 illos
497 899 633 957 adhibuit
646 915 653 955 1
664 898 705 956 ita
718 899 791 955 dum
801 899 915 971 aliquid
958 900 1046 972 dato,
1066 903 1102 956 Et
1115 902 1190 957 diarii
1209 905 1277 958 Deus
1290 920 1299 957 1
1313 902 1358 959 Sit
1374 905 1437 967 iar,
1454 917 1516 959 non
1532 916 1617 960 serus
1638 919 1673 960 ac
1695 905 1755 961 ileo

115 1000 259 1060 amagno
272 985 331 1042 hoc
344 989 455 1040 natura
464 983 542 1039 libro
555 983 707 1053 discimus,
721 981 760 1038 ab
770 983 833 1054 ejus
847 997 917 1041 auo-
955 981 1078 1056 jubente
1091 983 1206 1041 initium
1220 985 1331 1043 habent
1344 984 1477 1061 quinque
1491 986 1669 1063 posteriores
1678 985 1753 1043 dies.

119 1073 179 1126 tore
189 1069 336 1126 doeemur
345 1070 413 1124 Deo.
424 1065 678 1140 sapientissimos.
689 1067 816 1124 Thomas
825 1065 917 1141 scrip·
959 1067 1117 1138 Praeterea,
1131 1083 1200 1124 cum
1215 1068 1272 1126 dise
1288 1068 1326 1124 sit
1342 1069 1405 1138 lar,
1422 1082 1498 1125 vers.
1514 1071 1547 1138 ii,
1562 1084 1624 1127 non
1637 1069 1755 1128 videtur

119 1152 220 1226 altili:
239 1153 345 1210 cSicui
367 1165 454 1208 voees
474 1149 514 1206 ab
534 1150 655 1208 homine
676 1149 810 1208 lormatra
831 1150 916 1220 signa
959 1149 1016 1208 diei
1031 1166 1099 1225 pars
1111 1157 1177 1208 ante
1190 1153 1319 1226 primum
1331 1151 1755 1225 lueemessaponenda.certe

119 1241 185 1294 sunt
198 1233 406 1292 intellectualis
417 1233 544 1290 scientim
558 1233 653 1306 ipsius
666 1249 674 1288 r
691 1232 731 1288 ita
744 1235 884 1289 creatura
897 1246 916 1289 a
957 1233 1055 1306 prima
1065 1233 1174 1291 creatio
1183 1235 1263 1292 diem
1276 1249 1395 1293 omnem
1405 1235 1562 1306 precessit.
1573 1239 1682 1293 Tamen
1691 1235 1754 1292 ani-

119 1324 174 1379 lleo
189 1319 320 1378 condito
331 1321 400 1374 sunt
416 1317 500 1388 signa
515 1317 665 1389 sapientiae
679 1317 753 1388 ejus.
773 1317 853 1373 Unde
870 1316 917 1373 di·
958 1317 1206 1375 madvertendum
1220 1323 1281 1388 est,
1298 1317 1348 1374 rix
1366 1316 1482 1390 aliquid
1499 1317 1652 1390 interesse,
1671 1318 1696 1374 si
1709 1317 1754 1376 illi

117 1405 190 1462 cihrr
203 1405 290 1462 110011.
306 1419 327 1474 1,
338 1401 423 1475 quod
434 1403 509 1457 Deus
522 1399 628 1458 alludit
641 1399 915 1472 sapientiam‘super
958 1399 1021 1456 dies
1035 1405 1104 1457 sunt
1117 1400 1334 1458 indeterminati
1348 1399 1489 1474 temporis
1502 1401 1637 1474 periodi,
1652 1405 1753 1458 utrum

118 1489 219 1545 omnia
232 1503 327 1561 opera
339 1501 403 1543 sua.
425 1484 502 1542 Sicut
514 1483 604 1556 igitur
620 1483 740 1553 dignius
758 1486 802 1540 ast
815 1483 916 1541 doceri
956 1483 1075 1555 longior
1087 1484 1140 1543 flat
1149 1485 1248 1559 prima
1261 1486 1420 1560 periodus,
1434 1485 1460 1542 ei
1480 1485 1620 1543 addendo
1633 1488 1752 1558 tempus

119 1575 222 1641 alteo,
238 1587 332 1645 quam
345 1569 384 1626 ab
394 1567 531 1639 bomine;
546 1567 587 1624 ita
597 1565 716 1638 dignius
729 1569 772 1623 est
782 1565 914 1638 accipere
956 1567 1125 1641 praecedens
1139 1568 1379 1649 primordialium
1392 1566 1597 1636 tenebrarum,
1615 1571 1667 1625 aut
1678 1579 1751 1624 oon·

119 1654 269 1712 scientiam
283 1669 338 1727 par
352 1651 504 1709 sensibiles
516 1655 682 1722 creaturas,
697 1663 790 1724 quam
798 1649 915 1722 perho-
956 1654 1001 1708 tra
1014 1651 1066 1708 liat
1079 1651 1214 1724 brevior,
1228 1658 1256 1711 et
1269 1653 1314 1711 illi
1327 1655 1519 1729 praeponatur
1532 1651 1591 1708 alia
1609 1648 1751 1723 periodus

119 1739 204 1796 minis
219 1738 421 1795 doctrinam.»
956 1734 1113 1793 tenebrosa
1126 1736 1208 1793 omni
1224 1735 1271 1794 dle
1285 1737 1427 1795 anterior,

150 1828 185 1880 nt
195 1824 260 1896 jam
274 1823 312 1880 de
325 1821 423 1895 primo
437 1835 538 1878 rerum
554 1819 680 1877 statuali
693 1817 764 1874 satis
778 1835 786 1874 a
803 1816 843 1875 ad
853 1815 914 1890 prl-
989 1865 1023 1932 (3)
1036 1868 1156 1938 mam
1181 1867 1216 1920 bo
1225 1868 1270 1919 lib.
1280 1870 1352 1920 m
1363 1867 1406 1948 w!
1416 1881 1471 1935 “9¹
1481 1877 1519 1932 ,ἢ
1530 1866 1570 1924 30,
1581 1869 1635 1920 μη
1650 1860 1751 1920 ,0130

119 1922 197 1964 mm
211 1906 293 1964 diem
307 1905 493 1962 memus·
955 1938 1034 2002 mine,
1047 1937 1153 2002 loquens
1174 1946 1262 1996 ocutus
1270 1950 1296 1992 111
1308 1938 1340 1992 ab
1348 1936 1423 1988 initio
1432 1940 1568 1998 aratura,
1581 1933 1608 1990 iu
1616 1932 1700 2004 primo
1708 1933 1750 1994 die

956 2007 1057 2058 dicem:
1071 2010 1127 2058 rior
1141 2015 1258 2058 00110101
1274 2016 1358 2066 emar
1372 2011 1399 2056 ct
1410 2011 1484 2059 tuum
1498 2002 1606 2060 verbnm
1619 2015 1683 2072 cnm
1694 2016 1749 2074 par·

148 2083 182 2152 (1)
196 2084 228 2134 lll
240 2089 320 2154 part,
333 2085 424 2146 (110111.
437 2082 494 2147 llll,
509 2087 594 2146 0111,
610 2081 643 2132 ad
654 2084 680 2131 1.
956 2077 1087 2129 lectum.»

558 2351 635 2438 DE
678 2349 881 2438 OPERE
920 2345 1126 2438 PRIMAE
1162 2341 1306 2432 DIEI.
1404 2435 1406 2442 ,

768 2559 896 2620 (vorm
915 2553 956 2607 Ι.
975 2553 1017 2606 a·
1038 2550 1096 2611 Ι.)

147 2766 237 2830 ml.
260 2762 361 2828 «uixit
374 2765 470 2821 Deus:
485 2756 547 2814 Fiat
557 2755 621 2824 lux,
632 2755 661 2810 et
673 2751 749 2808 lecta
762 2749 805 2804 cst
818 2743 907 2814 lux,r
951 2743 1020 2801 iisse
1034 2743 1159 2814 dicahu,
1174 2741 1247 2800 dum
1261 2741 1370 2802 malum
1385 2743 1412 2800 et
1425 2745 1533 2800 terram
1547 2743 1689 2816 condidit,
1703 2749 1746 2814 uti

83 2843 88 2852 ’
117 2864 188 2908 rere.
204 2849 233 2905 3.
249 2844 300 2906 1110
314 2843 412 2919 primo
425 2839 616 2904 Hebraeorum
625 2832 783 2904 legislator,
797 2833 910 2885 naturae
953 2825 1091 2901 deinceps
1104 2823 1266 2890 indiarum
1275 2823 1462 2896 singulorum
1476 2825 1616 2899 operibus
1629 2827 1744 2896 dicitnr.

117 2931 314 3004 legislatorem
332 2929 505 3004 loquentem
526 2925 554 2982 et
566 2919 763 2994 imperantem
785 2912 908 2970 inducit.
951 2911 1053 2967 Nonne
1068 2908 1258 2982 magnificum
1278 2907 1434 2971 exordium
1455 2905 1574 2966 hrissct:
1595 2912 1627 2967 ln
1639 2913 1747 2988 princi.

117 3019 185 3076 vara
200 3030 276 3072 voce
297 3015 390 3072 Deum
410 3022 498 3072 usum
517 2997 632 3074 putavit
644 2995 816 3054 Theodorus
830 2999 910 3070 liop-
950 2992 1002 3067 pio
1011 2991 1084 3050 dixit
1096 2995 1172 3049 licus
1186 2992 1239 3066 (611
1256 2991 1295 3047 Sit
1304 2987 1470 3054 coelum,sit
1479 2994 1556 3052 terra
1561 3011 1571 3063 3
1586 2995 1614 3050 et
1626 2992 1746 3054 luerunt

116 3107 268 3162 ammanus
285 3095 368 3170 apud
382 3090 579 3160 philoponum
594 3081 645 3157 (ii,
661 3080 713 3155 qui
726 3081 784 3138 hoc
798 3078 910 3138 deridet
950 3075 1058 3137 cetum
1076 3079 1104 3134 et
1117 3076 1214 3132 terrai
1236 3073 1319 3130 Ratio
1333 3071 1424 3166 huius
1441 3071 1501 3143 rei,
1523 3075 1673 3150 proeoipua
1688 3076 1745 3136 sal-

116 3191 142 3244 et
154 3184 323 3246 absurdmn
335 3174 455 3250 judicat.
471 3165 666 3228 Nihilominus
679 3163 802 3226 Basilius
812 3162 909 3219 Seleu-
949 3163 1010 3216 tem
1023 3164 1051 3216 et
1060 3157 1156 3230 magis
1168 3155 1273 3249 obuia,
1292 3152 1355 3249 hinc
1368 3152 1579 3250 mihi-videtur.
1591 3157 1687 3218 verba
1695 3161 1744 3226 Dei

115 3247 216 3330 densis
229 3261 387 3324 Theodoro
403 3251 610 3326 adstipulatur,
629 3264 685 3305 nee
700 3262 763 3304 non
775 3244 910 3305 Theodo-
950 3245 1020 3298 sunt
1033 3241 1096 3310 ejus
1109 3239 1244 3308 imperra.
1263 3237 1362 3295 versio
1378 3239 1501 3310 Persica,
1524 3237 1577 3296 ubi
1590 3239 1744 3299 hebraeum

114 3325 189 3412 retus
199 3349 250 3424 (Ξ),
265 3342 318 3423 qui
331 3340 363 3398 id
374 3355 392 3396 a
405 3340 464 3394 lieo
477 3335 588 3395 factum
599 3332 704 3390 asserit
718 3329 908 3403 «ingratiam
949 3323 1053 3381 hahet:
1068 3321 1111 3378 Sit
1126 3321 1184 3386 lua,
1199 3334 1276 3375 vers.
1294 3321 1327 3389 3,
1341 3321 1385 3376 sa
1399 3323 1527 3388 cetensio,
1542 3338 1620 3381 vers.
1634 3325 1663 3396 6,
1682 3325 1744 3382 Sint

113 3433 292 3493 melorum
306 3429 336 3482 01
348 3421 492 3482 vituium,
511 3413 725 3483 invisibilium,
745 3417 778 3470 ut
790 3412 906 3478 scirent,
948 3406 1108 3470 laminas-io,
1124 3419 1200 3468 vera.
1215 3406 1266 3473 lt,
1280 3403 1380 3476 ponit,
1403 3402 1490 3478 quasi
1504 3404 1544 3461 ad
1562 3405 1688 3466 alterum
1699 3407 1745 3466 lo-

113 3477 175 3592 ips}
190 3511 328 3586 jubante,
343 3522 379 3566 ea
389 3520 457 3582 quac
469 3508 531 3559 non
546 3503 627 3567 sunt,
640 3495 835 3554 subsistere.»
851 3491 907 3560 Qui
947 3489 1186 3562 quereturlleus:
1204 3487 1339 3551 listulas,
1355 3489 1420 3544 Esto
1433 3490 1637 3562 paramentum,
1652 3493 1745 3550 Estote

9 3581 10 3624 i
112 3597 232 3670 angelos
245 3593 420 3674 corporatos
434 3585 589 3664 putabant,
602 3597 670 3654 qum
684 3579 907 3639 multorumve·
947 3573 1105 3628 luminario.
1134 3573 1270 3628 tamvero
1293 3583 1356 3627 non
1377 3569 1540 3646 imperatur
1555 3571 1670 3630 nisibis
1690 3575 1744 3648 qui

112 3688 206 3740 terum
216 3676 320 3752 opinio
331 3672 398 3742 luit,
411 3685 474 3736 aon
484 3667 559 3725 adeo
572 3663 700 3723 absurde
714 3658 841 3732 cogitare
852 3675 906 3737 po·
947 3653 1070 3712 obedire
1083 3657 1211 3728 queunt,
1237 3669 1299 3711 uon
1312 3655 1412 3716 autem
1428 3653 1537 3724 nihilo,
1553 3653 1585 3711 id
1605 3659 1648 3711 est
1669 3671 1740 3718 non·

112 3767 214 3832 terant,
227 3755 353 3818 illorum
365 3771 454 3818 causa
464 3749 570 3814 mundi
583 3744 722 3819 opificem
732 3759 806 3800 voce
817 3759 905 3803 usum
946 3735 1079 3794 existenti
1103 3736 1207 3815 quod,
1231 3753 1300 3794 cum
1323 3751 1385 3792 non
1404 3737 1457 3807 sit,
1481 3736 1603 3795 obedire
1628 3740 1732 3814 neqrrit

112 3863 181 3906 esse.
202 3848 280 3908 Duru
294 3844 394 3907 autam
408 3853 458 3894 eos
472 3828 594 3892 omnino
609 3827 753 3905 spiritales
763 3825 905 3897 facimus,
946 3821 1102 3879 Existcntia
1124 3837 1192 3898 quaa
1214 3824 1297 3892 sunt,
1322 3820 1459 3892 quamvis
1473 3837 1508 3878 aa
1521 3821 1701 3898 irrationalia
1714 3824 1743 3883 ei

112 3940 362 4008 supervacaneam
384 3924 414 3978 iu
437 3913 627 3986 designandis
653 3911 796 3986 operibus
816 3927 905 3971 sono·
945 3906 1078 3964 inanima
1090 3905 1213 3964 sintnec
1225 3906 1289 3978 ojus
1302 3904 1629 3978 mandateinteiligant,
1642 3910 1744 3970 tamen

112 4014 263 4072 minam
273 4023 380 4066 ,mem
389 4017 450 4060 2550
459 3998 660 4069 intelligimus,
675 3997 816 4065 Quocirca
825 4011 904 4054 eom·
946 3993 1004 4048 lieo
1018 3991 1172 4060 obediunt,
1187 3987 1444 4062 quemadmodum
1458 3989 1589 4060 magneti
1600 3993 1627 4046 et
1639 3991 1742 4054 manui

9 4115 10 4124 ,
112 4098 207 4156 munis
228 4096 284 4155 iste
310 4089 399 4152 etjam
419 4087 553 4144 veterum
575 4095 678 4143 sensus
702 4084 745 4136 est
765 4084 793 4139 et
809 4081 904 4144 multo
943 4078 1113 4144 magnetem
1137 4072 1308 4130 admoventi
1328 4071 1440 4128 lerrum
1463 4071 1656 4146 obtemperat.
1676 4075 1741 4130 Non

113 4182 202 4252 magis
219 4173 438 4240 recentiorum,
459 4166 575 4230 nullam
595 4168 659 4225 tum
681 4179 699 4223 a
721 4166 779 4220 lieo
799 4179 904 4226 rocem
944 4156 1099 4230 imperavit
1118 4157 1193 4213 licus
1207 4155 1337 4212 materiae
1351 4155 1417 4212 coeli
1434 4159 1463 4212 01
1477 4159 1559 4212 terrra
1575 4173 1643 4230 quae
1663 4173 1739 4215 non-

113 4263 219 4324 ,ffltam
240 4258 349 4325 fuisse,
368 4253 421 4314 sed
441 4249 565 4322 figurate
586 4247 627 4305 ita
646 4245 773 4304 scribere
787 4249 903 4317 liosen,
945 4241 1017 4296 dum
1036 4237 1194 4312 existebat,
1218 4237 1273 4294 ssd
1292 4239 1421 4294 materia
1441 4243 1546 4295 creatre
1563 4242 1653 4312 atque
1667 4241 1740 4298 exia-

116 4344 280 4420 squamam
295 4341 480 4420 propterera
495 4333 546 4408 ¹qui
561 4332 715 4401 docentur,
729 4330 902 4392 utiliusesse
943 4322 1015 4379 tenti
1034 4321 1189 4396 imperavit
1208 4325 1243 4377 ut
1257 4325 1427 4378 moveretur
1444 4326 1529 4378 motu
1542 4321 1594 4379 illo
1608 4323 1739 4382 vibrato·

9 4415 10 4424 ,
114 4442 262 4488 memus
286 4419 438 4503 speciatim
457 4409 585 4488 figurare
608 4419 833 4496 praeceptum»
863 4414 903 4473 aii
942 4407 987 4462 rio
1014 4405 1067 4480 qui
1086 4404 1184 4461 lucem
1211 4407 1344 4475 generat;
1366 4403 1427 4461 aeri
1451 4408 1483 4462 ut
1508 4405 1738 4480 aimosphaeram

115 4505 344 4580 [3151115131
367 4499 568 4564 Theodoretus
587 4497 650 4580 ipse
670 4495 903 4570 (allocutionem
942 4489 1083 4550 formaret
1092 4488 1272 4550 dividentem
1285 4489 1362 4548 inter
1371 4505 1464 4566 aquas
1478 4491 1644 4563 superiores
1656 4495 1685 4548 et
1695 4489 1739 4548 in-

84 4629 89 4642 .
115 4592 214 4655 reicit
229 4604 293 4650 esse
306 4587 370 4657 ejus
383 4583 577 4648 voluntatem.
592 4579 763 4639 audiendus
775 4579 901 4638 Ambro-
941 4573 1076 4644 seriorem
1102 4574 1187 4648 aquis
1211 4577 1244 4634 ut
1261 4573 1300 4634 ab
1314 4572 1366 4636 ilia
1379 4571 1534 4646 superficie
1548 4577 1648 4645 terrac,
1670 4588 1738 4648 qua

115 4674 169 4736 ,jus
185 4672 223 4746 (5)
240 4668 378 4732 „plena
393 4680 454 4730 vox
472 4662 610 4731 luminis,
622 4677 683 4718 uon
699 4661 901 4734 dispositionis
943 4673 1085 4731 apparare
1099 4655 1227 4714 debehat
1244 4656 1426 4726 recederent,
1441 4661 1495 4713 cto.
1512 4657 1629 4728 Optime
1646 4657 1737 4729 igitur

114 4760 286 4830 apparatum
300 4747 459 4821 significet,
475 4745 529 4804 sed
541 4744 720 4828 operationis
732 4743 903 4816 resplendet
942 4744 1035 4799 Moses
1053 4741 1129 4797 inter
1150 4740 1329 4798 creationem
1345 4740 1475 4796 materiae
1488 4739 1520 4795 in
1532 4755 1594 4812 qua
1606 4755 1678 4798 usus
1695 4748 1738 4801 ast

113 4838 223 4902 effatu,
236 4838 353 4902 parurn
367 4829 467 4910 opiter
479 4829 578 4893 lucem
590 4827 706 4890 loeutus
727 4831 902 4886 001010111-
942 4824 1034 4880 verbo
1042 4823 1209 4892 creationis,
1222 4827 1250 4879 et
1262 4823 1470 4888 formationem
1483 4838 1582 4879 rerum
1593 4839 1631 4882 ex
1641 4831 1738 4886 creata

114 4919 159 4976 vir
169 4923 272 4981 sermo
283 4913 480 4977 pervolantes
490 4913 544 4985 est,
556 4909 692 4991 opusliei
704 4911 897 4970 coturnosis
941 4907 1064 4964 materia
1080 4905 1222 4964 distinxit.
1241 4907 1275 4963 ln
1292 4905 1390 4980 prima
1406 4905 1458 4964 illa
1475 4907 1646 4984 operatione
1660 4911 1736 4970 osus

143 5003 302 5072 Quesitum
317 5002 374 5069 est,
397 5011 450 5052 cur
462 4997 539 5052 licus
551 5009 656 5050 vocem
668 4991 785 5049 nullam
796 4994 901 5064 protu—
942 4993 1093 5064 operatur,
1106 5004 1169 5046 non
1180 4989 1281 5060 jubet:
1295 5005 1357 5056 nou
1370 4988 1451 5049 enim
1463 4989 1520 5054 sibi
1531 4989 1588 5062 ipsi
1599 4992 1736 5065 imperat.

941 5073 975 5132 ln
993 5071 1123 5128 secunda
1144 5071 1315 5145 operatione
1339 5075 1477 5144 operatur
1497 5073 1527 5128 et
1546 5072 1645 5146 iubet,
1667 5091 1736 5151 que

141 5133 175 5266 iii
185 5126 477 5261 fflngoffissp
490 5127 500 5186 ι
513 5125 628 5196 mom
640 5135 696 5195 αφ’
705 5135 765 5183 ”¹¹⁹
940 5157 1040 5213 11111111
1056 5155 1134 5225 duo,
1152 5155 1275 5237 quanm
1295 5157 1333 5214 de
1346 5155 1396 5214 ilci
1408 5154 1631 5227 operationibus
1643 5158 1677 5218 in
1687 5175 1734 5219 res

143 5271 175 5404 iii
188 5273 303 5390 welz·
342 5307 345 5316 Ι
918 5332 924 5343 “
973 5329 1009 5396 (θ)
1022 5331 1078 5382 1¹¹¹>-
1086 5331 1245 5396 ilmibffi
1257 5331 1328 5390 Ml·
1341 5329 1383 5391 IV,
1394 5330 1432 5389 tu
1443 5329 1527 5387 mum
1537 5333 1683 5400 1011011011
1693 5335 1732 5386 in-

147 5405 527 5472 praemuniens.
944 5401 1245 5465 andernensem.
