4020 6026
271 423 469 490 diendonibus
495 430 526 490 et
542 423 774 506 expositionibus
792 441 847 509 pro
868 423 1043 492 autbeutioa
1057 423 1230 492 babeaturs
1247 429 1279 491 et
1289 429 1326 490 ut
1337 439 1428 490 nemo
1443 423 1532 490 illam
1550 421 1675 506 relioore
1691 417 1799 504 quotis
1812 435 1886 501 pra-
1907 459 1910 465 -

271 527 358 587 textu
370 521 478 588 audeat
488 519 538 586 rel
549 527 723 602 presumat.

310 621 470 699 Praeterea,
487 619 525 684 ad
542 619 705 684 oooroeuda
720 619 888 700 petulantia
904 619 1044 701 ingenie,
1064 619 1212 698 deoeruit,
1232 625 1270 684 ut
1287 635 1394 700 nemo,
1414 635 1477 684 auu
1495 617 1664 702 prudentis
1685 615 1832 692 iunixus,
1850 613 1885 678 in

270 715 360 782 rebus
380 716 465 796 fidoi,
484 724 515 780 et
533 733 673 795 morum,
686 718 725 782 ad
739 716 966 782 udifloadouem
979 717 1122 782 doetrine
1133 717 1306 783 obsistiann
1317 717 1555 799 pertinentium,
1570 731 1686 781 ssorum
1698 713 1885 794 scripturam

271 813 309 878 ud
324 831 393 880 suos
408 831 513 879 sanson
528 823 741 898 ooutorqueus,
764 821 868 880 ooutra
887 831 959 880 eum
977 831 1117 895 sensum,
1136 831 1229 897 mem
1244 815 1345 880 uruit
1360 821 1392 878 et
1412 820 1496 880 tenet
1512 819 1615 880 mnata
1627 818 1726 878 mater
1737 809 1883 888 Euolesis,

270 913 358 992 eujus
371 916 416 974 est
430 912 567 994 judieara
585 913 623 978 de
644 930 716 978 vem
734 931 825 978 seusu
837 919 869 978 ot
880 913 1130 994 interpretatione
1141 913 1369 994 Soriptmrum
1388 919 1578 992 sanctarum,
1597 909 1762 976 autetiam
1782 913 1887 972 eontra

270 1007 446 1074 unanimem
459 1026 639 1076 eoumusum
652 1013 788 1088 Petrum,
797 1011 897 1093 ipsam
909 1010 1097 1093 scripturam
1110 1028 1226 1076 meram
1239 1010 1432 1092 interpretem
1444 1010 1565 1090 audeat,
1574 1008 1694 1075 etiamsi
1706 1003 1884 1090 hujusmodi

269 1105 532 1190 interpretationes
550 1107 636 1174 nullo
653 1125 789 1191 unquam
806 1115 939 1190 tempore
955 1105 990 1171 iu
1007 1107 1108 1173 luuem
1127 1107 1250 1177 edente
1270 1108 1381 1174 forent.
1395 1107 1454 1186 Qui
1466 1106 1729 1182 oouuarenarint,
1741 1121 1796 1188 per
1807 1101 1887 1168 ordi·

270 1203 371 1269 uarios
380 1204 591 1285 declarentur,
605 1212 636 1272 et
647 1208 746 1290 poenis
758 1208 858 1288 ajuro
870 1204 990 1270 statutis
1002 1205 1182 1286 puniantur.

308 1301 368 1368 Sed
383 1309 414 1366 et
425 1303 653 1386 iurpressoribus
671 1305 796 1370 mudum
808 1305 843 1369 iu
864 1303 921 1368 bae
932 1307 1032 1386 purte,
1045 1308 1081 1368 ut
1102 1320 1157 1385 par
1177 1311 1238 1384 ast,
1252 1305 1407 1386 imponere
1418 1302 1541 1381 rolens,
1554 1302 1609 1386 qui
1618 1305 1685 1386 lam
1698 1300 1765 1366 u’ns
1780 1301 1885 1379 modo,

269 1397 328 1462 boe
338 1407 399 1478 est,
413 1407 552 1482 putantes
562 1401 622 1468 sibi
632 1401 722 1468 licere
734 1400 983 1486 quidquidlibet,
994 1400 1061 1466 sine
1073 1399 1197 1467 lieentia
1208 1403 1399 1484 superiorum
1411 1401 1693 1476 emleuastioorum,
1706 1399 1788 1481 ipsos
1798 1413 1886 1464 suoru

269 1495 431 1580 seriptum
451 1497 562 1579 libros,
583 1510 615 1564 et
633 1517 724 1582 super
741 1499 806 1563 illis
830 1497 1039 1564 annotationes
1067 1505 1098 1562 et
1117 1499 1319 1581 expositiones
1340 1500 1546 1583 quorumlibet
1564 1497 1788 1577 indifferenter,
1808 1512 1885 1578 supe

267 1593 372 1673 taeito,
387 1613 464 1678 saepe
475 1597 568 1660 etiam
580 1597 725 1662 ementito
736 1597 844 1678 prelo,
856 1603 905 1675 et,
918 1596 999 1680 quod
1011 1596 1133 1678 grauius
1148 1603 1212 1677 est,
1230 1597 1297 1663 sine
1310 1599 1436 1664 nomine
1452 1599 1581 1664 auotoris
1593 1596 1795 1680 imprimunt,
1808 1591 1884 1659 alibi

268 1693 361 1758 etium
382 1693 542 1777 impressos
555 1694 650 1760 libros
666 1694 843 1778 hujusmodi
856 1701 971 1760 umere
983 1693 1104 1760 uenales
1122 1695 1257 1760 babent:
1272 1695 1426 1776 decernit,
1439 1703 1472 1762 et
1482 1695 1606 1776 statuit,
1617 1701 1654 1760 ut
1666 1693 1788 1776 pustbaa
1800 1707 1886 1758 saera

268 1791 436 1874 sumptura,
449 1792 642 1874 potissimum
654 1809 725 1857 rem
737 1791 801 1858 buo
811 1792 875 1875 ipsa
887 1797 973 1857 retus
984 1799 1015 1856 et
1027 1791 1148 1874 uulgata
1166 1792 1276 1872 editio,
1295 1811 1388 1876 quam
1407 1793 1652 1860 emendatissime
1668 1791 1865 1873 imprimatur
1872 1804 1883 1870 ;

269 1889 408 1973 nullique
421 1888 510 1955 lineat
525 1889 715 1970 imprimere,
735 1889 784 1953 vel
801 1889 941 1970 imprimi
958 1887 1054 1954 lauare
1071 1889 1194 1973 quosvis
1208 1889 1301 1956 libros
1311 1891 1350 1956 de
1362 1890 1452 1957 rebus
1463 1892 1557 1958 suoru
1568 1891 1635 1956 sine
1646 1888 1772 1956 nomino
1784 1895 1885 1954 sueto·

268 1987 311 2052 ris
319 2005 331 2068 ;
353 2004 451 2070 neque
469 1986 537 2050 illus
557 1987 591 2050 in
607 1985 745 2051 loturum
760 1985 906 2066 vendere,
919 1993 974 2052 aut
986 1985 1081 2051 etiam
1091 1989 1173 2069 apud
1184 2005 1216 2054 so
1228 1989 1361 2054 retinere
1375 1989 1438 2054 uisi
1450 1990 1588 2070 primum
1597 1986 1765 2054 examinati
1778 1983 1885 2066 proba·

267 2084 350 2168 tique
370 2083 484 2149 luerint
501 2084 540 2148 ab
560 2083 730 2164 ordinario,
751 2083 809 2149 sub
830 2100 919 2166 puna
937 2083 1139 2150 amonemur
1155 2092 1188 2151 st
1203 2086 1339 2168 pmunim
1357 2087 1392 2150 iu
1415 2102 1531 2151 eauoue
1546 2102 1566 2150 a
1582 2083 1701 2150 rendili
1725 2082 1885 2148 novioduni

267 2181 472 2248 batemueusis
484 2181 629 2266 apposita.
644 2183 697 2261 Et,
711 2181 738 2246 si
753 2181 907 2266 inares
918 2179 1050 2262 luerint,
1063 2182 1147 2246 ultra
1158 2180 1415 2248 mammbonem
1431 2189 1462 2248 et
1475 2181 1682 2264 probationem
1692 2181 1868 2264 hujusmodi
1873 2225 1885 2260 ,

266 2279 421 2346 libentium
440 2297 559 2364 quoque
575 2297 594 2343 a
610 2277 674 2342 suis
687 2277 893 2363 superioribus
910 2277 1075 2361 impetrare
1092 2285 1271 2360 teneamur,
1290 2278 1452 2362 recognitis
1468 2297 1523 2362 por
1540 2297 1590 2345 eos
1607 2277 1712 2359 libris,
1724 2281 1815 2363 juxta
1826 2278 1886 2344 lor

267 2393 351 2442 mem
362 2393 489 2442 suerum
500 2376 739 2442 ordinationum.
753 2375 811 2455 Qui
823 2381 926 2442 autem
937 2375 1050 2459 scripto
1061 2394 1111 2442 eos
1122 2375 1360 2454 eommuuioant,
1371 2375 1421 2442 sel
1432 2375 1586 2460 evulgant,
1596 2377 1658 2444 uisi
1669 2382 1758 2443 autea
1771 2376 1886 2442 eranu-

130 2545 133 2550 ,
267 2475 332 2540 uati
348 2471 525 2558 probatique
541 2471 675 2551 bomini,
693 2473 806 2539 οἱεᾱοω
821 2473 920 2555 poeuis
932 2473 1108 2557 subiaceant
1119 2474 1231 2558 quibus
1241 2475 1446 2557 impreuores.
1461 2479 1499 2540 Et
1510 2475 1565 2558 qui
1577 2493 1627 2540 eos
1638 2473 1822 2552 habuerint,
1837 2474 1885 2539 sel

267 2569 413 2654 legerint,
432 2569 494 2636 uisi
515 2569 703 2653 prodiderint
723 2577 873 2651 ausuras,
894 2588 949 2654 pro
968 2571 1144 2638 auctoribus
1164 2571 1345 2637 habeantur.
1365 2575 1434 2653 ipse
1452 2587 1522 2636 saro
1540 2571 1718 2655 hujusmodi
1737 2571 1885 2638 librorum

120 2687 124 2700 ·
266 2668 403 2752 probatio
419 2668 455 2732 iu
471 2667 592 2751 seriptis
606 2667 711 2749 detur,
730 2675 820 2752 atque
838 2668 907 2734 ideo
922 2671 958 2733 in
975 2667 1074 2735 bonta
1090 2669 1182 2749 libri,
1195 2669 1245 2736 rel
1257 2669 1382 2752 scripti,
1395 2670 1445 2735 sel
1460 2670 1599 2752 impressi
1612 2669 1786 2734 anthemius
1798 2687 1886 2753 appa·

266 2772 334 2831 reat
351 2785 361 2830 s
380 2763 473 2850 idque
487 2772 604 2844 utum,
622 2766 680 2831 boo
695 2772 757 2847 est,
771 2773 802 2832 ut
822 2765 975 2849 probatio,
989 2767 1284 2851 sternutamentis
1296 2767 1351 2832 dat
1364 2785 1373 2830 :
1389 2774 1425 2858 ut
1437 2767 1589 2850 probanda
1602 2766 1783 2851 probentur,
1796 2773 1828 2832 et
1840 2783 1885 2832 re

266 2862 429 2946 probantu
445 2861 653 2948 improbanda.
668 2867 739 2929 Post
756 2864 821 2930 bno
837 2865 1038 2932 temeritatem
1056 2865 1144 2931 illam
1159 2865 1323 2950 reprimere
1341 2864 1446 2931 volens
1453 2911 1464 2944 ,
1481 2883 1543 2948 qua
1558 2865 1597 2930 ad
1612 2863 1737 2946 prolana
1757 2881 1885 2946 quaque

121 2961 125 3015 l
267 2968 486 3030 murertuntur
502 2971 535 3028 at
553 2970 735 3048 torquentur
750 2963 841 3029 verbs
857 2970 888 3029 et
905 2964 1063 3031 suenus
1079 2982 1170 3032 samu
1184 2965 1363 3048 scriptore,
1382 2964 1421 3030 ad
1438 2963 1579 3029 murrilie
1590 2962 1719 3042 subest,
1733 2961 1883 3042 tubulosu,

120 3049 124 3094 ³
267 3080 362 3142 vans,
380 3061 582 3139 adulationes,
605 3059 816 3141 detraotioues,
834 3061 1060 3144 superstitiones
1078 3063 1191 3147 impias
1204 3071 1235 3128 et
1247 3062 1408 3129 diabolicas
1419 3061 1652 3141 incantationes,
1665 3058 1884 3139 oisiuanones,

268 3165 379 3237 sortes,
399 3157 519 3226 libellos
538 3158 632 3226 auam
648 3159 959 3240 muraenarum,
979 3167 1011 3226 et
1021 3161 1172 3244 precipit,
1185 3162 1224 3226 ad
1245 3160 1410 3228 tollendam
1426 3157 1603 3242 huiusmodi
1615 3157 1844 3224 irreverentiam
1855 3165 1887 3246 ot

268 3264 491 3341 assumptum,
511 3274 551 3322 ue
569 3257 607 3322 de
622 3263 728 3322 eutero
740 3257 904 3342 quisquam
915 3259 1141 3343 quomodolibet
1157 3259 1247 3326 rerba
1258 3259 1420 3342 scriptura
1435 3274 1528 3322 saura
1540 3257 1579 3320 sd
1590 3254 1655 3320 bno
1664 3261 1696 3320 et
1705 3254 1822 3320 similia
1832 3272 1886 3320 au·

267 3355 337 3422 duat
354 3371 522 3439 usurpem,
542 3360 579 3420 ut
596 3370 702 3420 omnes
716 3354 812 3438 buius
827 3357 946 3438 generis
959 3356 1116 3437 boninus,
1133 3361 1327 3424 tensorum
1343 3360 1377 3421 et
1392 3353 1553 3420 violatores
1568 3351 1654 3418 verbi
1672 3352 1746 3432 bai,
1760 3351 1844 3434 juris
1856 3358 1887 3416 et

268 3451 563 3536 arbitrispoauispsr
573 3449 723 3536 mboopoa
732 3456 937 3522 massanus.
