4134 6056
264 253 319 314 tit
769 252 1013 314 conueniente
1030 252 1064 313 111
1082 252 1243 325 utriustri,
1262 265 1326 314 etr.
1345 253 1390 312 lV.

142 366 253 423 marou-
266 381 283 417 ι
295 357 437 420 Retribue
460 373 546 420 serso
569 363 642 433 tuo,
663 362 693 418 el
716 359 837 433 vivam,
857 380 872 414 ι
893 365 924 419 et
945 364 1057 434 Rupes·
1098 359 1214 432 delitus,
1228 377 1290 436 qua
1303 358 1474 419 discredidit
1485 361 1557 430 beo,
1571 361 1601 419 et
1612 358 1738 418 credidit
1747 360 1896 419 damam:

131 444 175 486 θ·
195 433 252 478 ⁶⁸¹²·
264 448 313 503 tus
333 445 386 504 lib.
410 445 466 515 111,
485 460 552 518 cap.
574 458 673 514 trau,
693 441 742 500 bio
760 441 917 503 ilammem
937 443 1056 517 gladius
1099 444 1140 504 ob
1153 444 1231 504 hene
1243 445 1366 519 punitus
1379 445 1435 503 luit
1448 447 1563 515 morte,
1579 459 1641 520 qua
1655 444 1756 502 anima
1773 443 1898 504 discedit

143 495 252 604 33⁵⁸ss
264 535 307 588 est
324 530 401 603 iguis
414 527 597 601 Purgatorii,
621 541 713 601 quem
725 530 793 585 ante
806 525 980 600 paradisum
1000 543 1057 586 ooe·
1099 532 1128 586 et
1140 533 1293 603 separatur
1306 544 1325 587 a
1337 542 1482 601 eorpore3
1495 531 1622 600 quintum
1634 525 1689 585 init
1697 527 1894 599 ingratitudo:

169 619 228 676 lena
247 614 366 674 lestem
379 611 592 678 morientibus,
615 612 744 669 necdum
766 611 797 668 in
820 611 877 669 hae
893 611 954 670 vita
967 609 1056 684 plane
1099 609 1139 669 ob
1152 614 1230 670 haue
1243 612 1354 685 privari
1366 612 1474 671 meruit
1487 627 1542 669 sua
1559 609 1746 680 substantia,
1768 626 1861 684 quam
1878 627 1897 670 e

148 680 252 790 Ρᾞξξῑῢ
263 697 409 772 purgatis,
423 695 524 771 posuit
538 697 629 764 Deus:
641 693 771 768 indeque
783 693 953 764 Cherubim,
967 693 1057 752 idest
1099 695 1158 754 Deo
1172 699 1338 769 acceperat,
1359 694 1560 754 etinoiuerari.
1578 694 1713 766 «Pulvis,
1730 693 1787 766 ait,
1800 710 1851 766 es,
1867 699 1897 756 et

263 781 377 854 angeli,
395 780 510 842 animas
531 779 620 852 plane
641 782 783 852 purgatas
806 778 838 836 in
859 776 1054 852 paradisum,
1097 777 1130 836 in
1151 779 1305 853 pulverem
1326 779 1526 850 reverterim»
1545 784 1651 836 sertum
1669 777 1725 837 luit
1739 779 1894 853 superbie:

261 869 333 940 puta
347 864 378 922 in
389 863 497 922 eoelum
510 863 649 921 educunt.
665 865 727 920 lmo
740 862 769 920 S.
785 859 975 931 Ambrosius,
994 862 1056 920 Ori·
1098 877 1152 935 per
1168 862 1246 921 bane
1256 862 1363 920 meruit
1375 861 1485 935 privari
1499 863 1660 936 paradiso,
1679 861 1754 920 coelo
1773 867 1802 942 et
1818 862 1896 921 omli

261 963 367 1021 geues,
390 946 573 1018 Lactantius,
599 944 738 1018 Basilius,
760 947 906 1019 Rupertus
935 959 973 1004 ex
997 945 1055 1004 hoe
1097 945 1300 1020 tibus,alque
1314 945 1473 1003 detrudiin
1486 949 1605 1005 tartara.

261 1031 328 1090 loeo
350 1033 458 1106 putent
476 1033 542 1088 ante
566 1027 674 1086 eoelum
694 1027 826 1103 positum
852 1043 915 1086 esse
937 1027 1054 1102 ignem,
1134 1032 1175 1087 Ex
1198 1030 1283 1088 dietis
1296 1033 1544 1104 patetpeeeatum
1563 1031 1653 1101 Adra,
1667 1031 1693 1089 si
1716 1030 1845 1106 primam
1866 1038 1896 1092 et

261 1131 352 1191 quem
372 1129 477 1174 omues
490 1113 613 1182 animae,
628 1111 717 1170 etiam
734 1113 763 1171 S.
781 1111 856 1169 Petri
870 1113 898 1170 et
910 1111 938 1170 S.
955 1111 1055 1182 Pauli,
1097 1114 1250 1188 propriam
1270 1114 1398 1187 speeiem
1419 1114 1532 1187 peceati
1553 1118 1685 1188 spectes,
1716 1129 1777 1171 non
1804 1113 1894 1174 luisse

249 1197 589 1273 postmortemtrausire
602 1195 740 1266 debeant,
750 1197 783 1253 ut
793 1211 829 1254 oo
839 1193 1054 1266 examinentur,
1098 1197 1894 1272 omniumgrevissimum:fuiteniminobedientialagis

260 1289 289 1342 et
302 1283 327 1342 si
340 1283 466 1359 impure:
477 1279 680 1356 reperiantur,
694 1283 789 1354 utper
799 1294 869 1336 euru
878 1281 1054 1352 purgentur,
1096 1281 1231 1355 positivae
1244 1282 1306 1353 Dei,
1316 1281 1373 1339 hae
1385 1285 1485 1338 autem
1498 1282 1616 1353 gravior
1630 1288 1674 1338 est
1688 1281 1893 1356 blasphemia,

261 1367 374 1444 dequo
388 1368 474 1426 dixit
490 1367 611 1424 Corinth.
625 1367 729 1436 unilt.
1097 1365 1202 1422 odium
1222 1364 1289 1436 Dei:
1311 1364 1458 1424 obstinata
1475 1365 1704 1439 impoenitentia,
1725 1369 1779 1424 eto.
1799 1368 1894 1436 Quare

295 1452 442 1512 lioraliter
460 1454 532 1510 nota
547 1469 554 1508 ι
577 1451 634 1510 Sex
649 1464 746 1525 poenee
758 1447 877 1507 indictae
896 1452 965 1506 sunt
984 1448 1055 1506 Adra
1096 1449 1217 1522 gravius
1230 1453 1390 1522 peccarunt
1402 1450 1507 1521 Arius,
1521 1451 1674 1522 bulherus,
1687 1451 1777 1508 ludas
1791 1455 1819 1510 et
1831 1454 1893 1525 alii,

261 1536 458 1610 (eumEvelet
470 1534 596 1609 posteris
609 1533 693 1606 ejus,
706 1547 776 1608 qum
789 1545 919 1603 congrue
931 1545 1054 1602 respon·
1096 1547 1189 1608 quam
1207 1534 1312 1591 Adam.
1334 1533 1363 1592 Si
1383 1537 1483 1592 tamen
1503 1533 1614 1592 damna
1634 1549 1671 1590 ex
1693 1533 1751 1592 hoe
1772 1541 1893 1608 peceato

261 1620 331 1682 dent
347 1636 399 1679 sex
420 1619 484 1692 ejus
504 1617 649 1694 pereatis:
672 1621 794 1691 pueram
814 1615 877 1687 oJ'us
898 1617 1053 1688 peecatum
1096 1621 1255 1676 eonseoute
1271 1621 1403 1690 spectes,
1422 1615 1477 1675 iuit
1494 1616 1564 1674 ades
1584 1621 1738 1691 peccatum
1758 1620 1893 1678 omniurn

259 1702 314 1764 init
326 1701 532 1764 inobedentia:
549 1701 591 1759 ob
602 1701 680 1760 haue
693 1698 783 1758 sensit
796 1696 892 1757 earnis
905 1700 935 1755 et
949 1711 1054 1755 sensus
1096 1700 1304 1773 gravissimum
1315 1719 1322 1756 :
1333 1699 1451 1776 perhoe
1460 1699 1539 1757 euim
1553 1699 1615 1774 ipse
1626 1715 1657 1757 se
1668 1705 1697 1757 et
1708 1717 1811 1759 omnes
1822 1719 1893 1762 suos

259 1787 469 1859 rebellionem:
482 1786 626 1845 amodum
638 1783 694 1842 fuit
706 1783 796 1858 gule:
816 1781 858 1840 ob
876 1781 954 1840 hane
966 1779 1055 1855 puni·
1095 1786 1231 1858 posteros
1243 1785 1392 1858 perdidit,
1405 1783 1541 1858 adeoque
1555 1785 1736 1859 quicumque
1750 1786 1894 1846 damnan-

260 1877 308 1932 tus
321 1871 377 1931 luit
388 1870 492 1931 labore
504 1873 534 1928 et
543 1867 724 1941 fatigatione.
740 1868 797 1924 alu
809 1865 928 1936 sudore,
945 1865 1053 1939 inquit,
1094 1868 1162 1938 tur,
1176 1871 1298 1943 propter
1321 1868 1380 1927 boe
1398 1871 1551 1944 peceatum
1570 1867 1618 1926 vel
1637 1868 1825 1941 immediate,
1846 1873 1893 1930 vel

259 1957 359 2015 vultus
367 1955 411 2014 tui
419 1953 545 2015 vesceris
553 1955 690 2026 pauetuo
699 1968 735 2024 :a
751 1951 864 2008 tertium
874 1947 928 2006 fuit
940 1947 1053 2006 furtum
1096 1949 1222 2010 mediate
1233 1951 1530 2023 damnantur30tbae
1545 1951 1657 2011 ratione
1670 1953 1728 2012 boo
1740 1958 1893 2028 peceatum

259 2039 358 2115 pomi:
374 2038 415 2098 ob
428 2037 485 2098 boe
499 2037 623 2111 punitus
640 2034 696 2094 luit
715 2034 812 2092 earnis
834 2031 958 2104 dolore,
980 2035 1054 2106 puta
1096 2033 1155 2092 diei
1174 2037 1272 2109 potest
1279 2033 1479 2094 irremissibile
1489 2054 1498 2106 ;
1518 2033 1592 2110 quia
1604 2034 1637 2094 in
1649 2040 1892 2110 omnesposteros

259 2121 356 2195 fame,
369 2121 416 2181 siti
424 2163 435 2194 ,
452 2120 578 2198 frigore,
594 2118 704 2192 delore,
720 2116 845 2189 morbis,
856 2119 910 2176 ete.
935 2115 1054 2175 «1111111-
1096 2117 1160 2190 ejus
1171 2119 1259 2193 eulpa
1271 2121 1301 2177 et
1315 2133 1405 2193 poena
1414 2119 1533 2189 transit,
1545 2133 1599 2176 nee
1612 2118 1645 2176 id
1658 2119 1764 2180 remitti
1778 2122 1893 2180 autim-

259 2205 398 2282 plieabo,
411 2203 471 2278 ait,
496 2217 644 2268 {erumnas
656 2205 762 2281 tuesrr
778 2205 907 2275 quntum
919 2196 1054 2262 tuitien-
1096 2199 1194 2274 pediri
1206 2201 1271 2264 ullo
1283 2201 1377 2266 modo
1389 2204 1497 2277 potest.

793 2559 999 2678 CAPUT
1036 2561 1356 2680 QUARTUM.

871 2802 1080 2866 senensis
1101 2803 1281 2869 cnemis.

261 3003 353 3066 Adam
364 3001 456 3076 sinuit
470 2998 540 3058 Gaia
552 3002 580 3057 et
589 2995 668 3055 Abel.
677 2995 815 3076 ¹deerrante,
825 3009 896 3054 uera
907 2997 942 3063 8,
954 2995 1024 3054 dota
1036 2995 1137 3056 eradit
1148 2997 1232 3067 Atel,
1243 2997 1356 3072 ideoque
1366 3001 1450 3060 olleo
1459 2999 1644 3072 maledicitur,
1654 3004 1738 3077 Atque
1746 3008 1890 3080 promum.

345 3099 450 3168 Tatta,
463 3109 535 3156 aere.
548 3097 595 3162 17,
609 3095 761 3153 rearmatur
770 3095 913 3166 monentes
928 3089 1008 3151 Geta.
1023 3092 1229 3163 Quartensis.
1242 3093 1596 3172 annumerasset,
1610 3106 1638 3160 et
1649 3099 1715 3160 Seth
1726 3101 1808 3160 Eam.

305 3297 338 3365 1.
352 3293 460 3364 Adam
472 3309 551 3361 vero
569 3285 724 3378 cognovit
740 3305 879 3356 uxorem
893 3306 988 3356 suam
1005 3285 1153 3358 Herem:
1175 3309 1253 3382 quae
1265 3290 1413 3384 ooneepit
1432 3297 1467 3360 et
1485 3291 1614 3385 peperit
1633 3293 1735 3381 Cain,
1756 3292 1890 3366 dicens:

260 3399 393 3474 Possedi
405 3396 574 3469 hominem
587 3415 647 3487 per
658 3391 778 3462 Deum.
802 3390 835 3460 2.
850 3391 1066 3486 Rursumque
1087 3394 1213 3489 peperit
1229 3396 1364 3484 fratrem
1380 3395 1454 3489 ejus
1470 3397 1566 3469 Abel.
1584 3398 1663 3470 Fuit
1680 3406 1791 3470 autem
1808 3399 1893 3471 Abel

260 3518 369 3604 pastor
386 3505 517 3588 ovium,
532 3509 566 3571 et
579 3497 662 3569 Cain
681 3496 836 3588 agricola.
851 3495 885 3568 3.
900 3497 1039 3570 Faelum
1051 3508 1101 3572 est
1112 3509 1224 3572 eutem
1239 3510 1313 3596 post
1328 3503 1454 3574 multos
1472 3502 1543 3575 dies
1555 3513 1593 3576 ut
1611 3507 1743 3576 offerret
1759 3507 1893 3577 Deinde

261 3615 422 3684 fructibus
435 3618 531 3678 terrae
544 3625 684 3675 munera
695 3603 849 3675 Domino.
865 3604 900 3672 1.
914 3602 1001 3676 Abel
1014 3629 1149 3701 quoque
1162 3608 1284 3678 obtulit
1297 3607 1339 3679 de
1355 3610 1584 3702 primogenitis
1596 3611 1706 3703 gregis
1722 3614 1775 3684 sui
1784 3665 1794 3700 ,
1809 3622 1843 3682 et
1853 3611 1894 3683 de

261 3718 536 3812 adipibuseoruur
548 3736 556 3778 ι
568 3707 920 3803 etrespexilDomiuus
928 3711 970 3782 ad
979 3712 1066 3784 Abel
1079 3721 1113 3784 et
1124 3713 1168 3784 ad
1177 3714 1406 3808 muueraejus.
1418 3715 1451 3786 5.
1462 3716 1516 3786 Ad
1524 3715 1606 3788 Cain
1619 3739 1710 3806 vero,
1720 3725 1753 3788 et
1766 3720 1808 3788 ad
1821 3742 1895 3790 mu·

260 3848 341 3898 nera
353 3824 447 3893 illius
458 3841 527 3890 nou
537 3815 681 3909 respexit
696 3840 705 3885 :
722 3816 894 3910 iratusque
906 3827 956 3890 est
968 3817 1050 3891 Cain
1063 3820 1292 3909 vehementer,
1310 3828 1345 3890 et
1356 3820 1498 3893 concidit
1510 3823 1625 3894 vultus
1642 3823 1725 3918 ejus.
1741 3826 1774 3894 6.
1790 3825 1895 3894 Dixit-

260 3955 327 4027 que
340 3928 501 3999 Dominus
513 3923 556 3994 ad
569 3944 668 3993 eum:
684 3923 795 4006 Quare
803 3923 909 3996 iratus
919 3947 967 4012 es,
981 3934 1016 3997 et
1026 3947 1087 3997 eur
1099 3925 1242 3998 concidit
1254 3925 1353 3997 facies
1365 3933 1446 3998 tua'l
1462 3929 1493 3998 7.
1509 3927 1628 4000 Nonne
1640 3931 1669 4000 si
1682 3931 1765 4002 hene
1775 3933 1892 4023 egeris,

260 4037 413 4130 reeipies;
428 4035 481 4106 siu
493 4037 606 4102 autem
619 4029 718 4119 male,
732 4030 842 4102 statim
855 4030 892 4102 iu
905 4031 1033 4103 loribus
1045 4041 1213 4125 peecatum
1227 4032 1352 4104 aderiti
1367 4034 1424 4105 sed
1436 4035 1499 4105 sub
1513 4044 1544 4106 te
1557 4036 1621 4106 erit
1632 4037 1796 4130 appetitus
1810 4038 1893 4131 ejus,

205 4221 208 4229 ,
260 4152 293 4214 et
312 4151 350 4213 tu
373 4138 595 4212 dominaberis
615 4135 719 4206 illius.
742 4137 776 4207 8.
801 4137 958 4232 Dixitque
971 4137 1054 4211 Cain
1074 4137 1117 4210 ad
1138 4138 1224 4210 Abel
1251 4139 1387 4210 fratrem
1409 4163 1533 4212 suum:
1554 4142 1773 4234 Egrediamur
1794 4144 1893 4215 foras.

260 4251 410 4344 Cumque
423 4253 530 4318 essent
543 4245 579 4314 in
592 4266 690 4336 atrro,
704 4247 910 4316 consurrexit
925 4244 1007 4317 Cain
1025 4245 1183 4316 adversus
1199 4247 1336 4316 fratrem
1349 4269 1448 4316 suum
1461 4245 1546 4317 Abel
1554 4296 1572 4335 ,-
1580 4257 1613 4318 et
1629 4249 1791 4319 interfecit
1803 4274 1892 4321 erem.

260 4358 294 4428 9.
310 4355 352 4425 Et
364 4355 410 4424 ait
423 4352 584 4423 Dominus
595 4348 638 4422 ad
650 4349 733 4421 Cain
750 4378 757 4419 ι
773 4352 840 4423 Ubi
858 4365 906 4442 est
925 4353 1009 4422 Abel
1022 4353 1124 4422 frater
1136 4356 1235 4423 tuusl
1249 4351 1315 4434 Qui
1327 4352 1514 4445 respondit:
1535 4355 1663 4426 Nescio.
1680 4355 1769 4427 Num
1789 4367 1896 4428 custos

260 4463 371 4534 fratris
383 4461 449 4530 mei
461 4481 536 4530 sum
548 4462 632 4549 egoi
647 4456 699 4527 10.
716 4457 872 4551 Dixitque
886 4459 928 4528 ad
941 4480 1043 4530 eum:
1066 4457 1155 4542 Quid
1176 4456 1300 4528 feeisli‘l
1315 4481 1381 4530 vox
1398 4459 1569 4551 sanguinis
1585 4460 1696 4533 fratris
1713 4463 1764 4534 tui
1777 4465 1896 4534 clamat

260 4569 304 4640 ad
322 4591 376 4638 me
396 4567 437 4637 de
455 4575 554 4638 terra.
576 4565 632 4634 11.
646 4563 744 4636 Nune
760 4565 863 4655 igitur
883 4564 1077 4636 maledictus
1096 4564 1162 4634 eris
1173 4586 1273 4656 super
1290 4572 1429 4654 terram,
1446 4591 1526 4660 ¹quan
1538 4569 1668 4662 aperuit
1681 4593 1718 4640 os
1732 4594 1848 4656 suum,
1862 4578 1896 4640 et

261 4673 403 4767 suscepit
413 4673 609 4763 sanguinem
622 4671 733 4742 fratris
749 4671 801 4741 tui
812 4672 854 4742 de
874 4693 976 4742 manu
987 4680 1058 4742 tua.
1081 4669 1134 4740 12.
1150 4670 1235 4742 Cum
1248 4680 1400 4763 operatus
1415 4672 1519 4743 fueris
1531 4697 1621 4762 eam,
1640 4697 1709 4745 uon
1728 4676 1820 4746 dabit
1834 4673 1897 4746 tibi

261 4782 388 4853 fruetus
398 4771 475 4850 suos
491 4805 499 4846 ι
514 4800 620 4868 vagus
631 4785 665 4846 et
675 4778 837 4870 profugus
849 4778 914 4848 eris
925 4799 1025 4870 super
1036 4785 1171 4848 terram.
1190 4775 1244 4847 13.
1258 4776 1415 4871 Dixitque
1429 4777 1510 4850 Cain
1521 4779 1563 4851 ed
1575 4781 1777 4852 Dominum:
1792 4781 1897 4874 illajor

261 4895 310 4958 est
326 4887 484 4978 iniquitas
504 4907 596 4970 mea,
616 4905 719 4978 quam
733 4891 772 4954 nt
792 4883 924 4955 veniam
944 4907 1082 4956 merear.
1101 4883 1155 4954 11.
1170 4881 1252 4954 Eme
1270 4881 1359 4977 ejicis
1380 4906 1433 4955 me
1451 4883 1582 4956 hodiea
1600 4887 1682 4956 faeie
1697 4895 1809 4976 lerrae,
1829 4897 1898 4959 eta

260 4993 343 5063 faeie
361 5000 421 5062 tua
436 4990 628 5078 abscondar,
647 4997 681 5059 et
699 5012 756 5060 ero
772 5013 877 5080 vagus
896 4999 931 5060 et
950 4991 1113 5085 profugus
1130 4989 1168 5061 in
1183 4998 1291 5061 terra:
1314 4990 1422 5062 omnis
1438 4990 1542 5083 igitur
1560 4993 1621 5086 qui
1639 4993 1805 5064 invenerit
1825 5017 1894 5080 me,

261 5097 385 5171 occidet
397 5120 461 5166 me.
479 5101 532 5166 15.
547 5095 704 5188 Dixitque
718 5096 750 5165 ei
762 5097 925 5167 Dominus
939 5123 948 5166 ι
963 5097 1184 5194 Nequaquam
1203 5096 1251 5168 ita
1263 5097 1341 5168 fiet:
1356 5099 1413 5169 sed
1432 5098 1540 5169 omnis
1557 5099 1618 5193 qui
1631 5099 1786 5170 occiderit
1797 5100 1895 5187 Cain,

261 5204 450 5298 septuplum
471 5204 639 5294 punietur.
655 5201 836 5297 Posuilque
848 5201 1013 5276 Dominus
1024 5205 1107 5278 Cain
1119 5205 1266 5298 mgnum,
1281 5211 1402 5276 utnon
1414 5203 1614 5276 interflueret
1626 5229 1705 5277 eum
1717 5204 1899 5300 omnisqui

261 5307 439 5408 invenisset
447 5329 536 5380 eum.
549 5307 603 5380 16.
614 5307 837 5406 Egressusque
845 5309 927 5384 Cain
939 5337 961 5386 a
972 5313 1055 5388 faeie
1067 5315 1214 5404 Domini,
1228 5309 1390 5388 habitavit
1402 5311 1563 5406 profugus
1575 5311 1611 5383 in
1625 5320 1713 5385 terre
1726 5313 1768 5386 ad
1781 5313 1898 5386 Orien·
