4020 6026
252 414 402 510 possibile
420 432 520 514 asset,
533 425 604 498 ullos
627 427 782 498 emulari.
797 451 816 494 s
831 427 1012 501 AEmrdatus
1024 440 1088 518 est,
1105 429 1266 522 vitamque
1279 429 1506 516 monasticam,
1521 425 1589 497 imo
1602 425 1777 518 eugelium
1794 434 1867 498 ente

252 533 468 630 episcopatum
486 541 569 630 egit,
584 561 682 634 quoru
694 552 732 614 ut
743 542 934 632 imitaretur,
950 555 1050 637 utque
1063 545 1095 615 S.
1115 545 1223 616 basilii
1240 545 1397 616 consortio
1415 543 1586 633 irueretur,
1601 543 1636 615 S.
1656 543 1867 616 Nazianzenus

251 651 374 742 asserit,
388 653 474 746 quod
484 654 526 726 ad
538 675 613 726 eum
626 658 661 724 io
674 677 862 730 emmnmse
875 659 1044 730 contulerit
1055 659 1256 752 quesituros,
1269 661 1327 750 ait,
1340 657 1519 760 mundium

667 861 781 924 notun
793 877 831 922 ex
843 863 929 922 nmlcl
942 863 1170 938 consuetudine,

668 950 756 1012 Plane
767 951 824 1010 virl
837 951 941 1023 divini,
953 953 1005 1028 qui
1018 953 1082 1011 istic
1094 967 1163 1014 cum
1173 955 1233 1014 Dea

667 1039 729 1100 Sub
742 1039 822 1098 nube
835 1039 941 1112 agebat
954 1045 987 1100 ut
1000 1043 1073 1101 ulter
1086 1043 1179 1103 nosce
1194 1059 1204 1101 e

667 1126 717 1188 llic
728 1131 791 1190 erat
801 1127 923 1191 nanta
934 1129 1036 1193 uirens
1049 1145 1118 1192 cum
1133 1129 1255 1206 mgeur.

290 1347 393 1440 Atque
405 1349 549 1421 lrmoluit
561 1369 657 1422 causa
669 1353 703 1423 S.
718 1352 851 1442 Basilio,
866 1375 925 1424 cur
942 1355 975 1424 iu
989 1354 1197 1426 solitudinem
1218 1355 1380 1426 Ponticam
1401 1354 1443 1425 ed
1461 1353 1565 1444 ripam
1583 1355 1642 1424 lris
1660 1351 1819 1438 fluminis,
1830 1359 1868 1420 nt

245 1462 314 1554 ipss
327 1463 437 1534 scribit
448 1467 540 1555 epist.
553 1467 607 1546 tu,
620 1485 655 1536 se
663 1467 829 1558 receperit,
844 1468 999 1539 nimirum
1015 1481 1051 1540 ιιι
1063 1490 1170 1540 mores
1184 1481 1406 1562 componeret,
1420 1480 1458 1539 ιιι
1472 1467 1578 1539 studio
1594 1487 1757 1537 sacrarum
1772 1465 1869 1534 litte·
1952 1543 1959 1560 Ι

244 1599 355 1648 mrum
368 1591 502 1668 vacaret,
518 1591 555 1650 ut
566 1601 641 1651 cnm
652 1583 775 1671 angelis
787 1593 978 1672 versaretur,
992 1596 1030 1654 ut
1041 1586 1175 1656 modum
1195 1585 1275 1656 alios
1286 1585 1421 1676 regendi
1437 1596 1469 1655 et
1480 1582 1667 1676 perficiendi
1684 1579 1868 1652 meditando

118 1715 120 1762 τ
244 1693 453 1783 condisceret,
469 1695 575 1787 itaque
592 1697 735 1767 nesciens
750 1697 792 1768 ad
810 1697 1026 1790 episcopatum
1045 1701 1101 1792 qui
1117 1723 1137 1771 a
1154 1703 1218 1772 lteo
1237 1701 1266 1771 ei
1285 1699 1521 1787 destinabatur,
1544 1719 1577 1769 se
1601 1707 1811 1788 compararet.
1831 1697 1867 1766 ln

241 1811 370 1879 Pontica
379 1832 455 1900 ergo
464 1810 633 1882 solitudine
643 1813 729 1883 uelut
740 1813 774 1883 in
788 1815 936 1904 pharetra
951 1819 1150 1887 suanacas,
1165 1816 1319 1887 Basiliam
1332 1827 1365 1886 et
1377 1815 1609 1886 Nazianzenum
1625 1811 1718 1904 quusi
1736 1813 1868 1902 sagittas

240 1924 355 1994 electas
367 1926 549 2015 abscondit,
564 1938 662 1998 utens
670 1929 784 2019 spiritu
793 1929 839 1999 ibi
846 1945 997 2022 concepto
1006 1933 1116 2023 plenos
1126 1944 1306 2024 opportuno
1319 1941 1428 2023 postca
1442 1942 1585 2020 tompore
1598 1929 1761 2014 educeret,
1775 1927 1866 2018 qnasi

242 2058 341 2110 novos
352 2045 488 2112 loannes
499 2043 654 2134 Baptistae
668 2045 709 2114 od
725 2043 903 2116 iaciemlurn
924 2046 1097 2118 vindictam
1114 2048 1363 2134 lunationibus,
1379 2061 1412 2117 et
1424 2045 1655 2136 increpationes
1669 2043 1703 2114 in
1722 2043 1862 2134 populis.

285 2157 369 2225 tlute
389 2157 612 2254 presulatum,
635 2159 847 2230 lllustrissime
868 2163 1020 2249 Domine,
1043 2163 1163 2253 pariter
1184 2161 1389 2233 solitudinem
1415 2159 1502 2230 domi
1526 2159 1652 2230 coluisti
1670 2179 1728 2250 per
1750 2157 1866 2228 multos

242 2290 343 2340 annos
353 2271 559 2362 simplicitati,
573 2273 685 2364 pietati
697 2284 729 2344 ct
740 2275 930 2365 perfectioni
944 2277 1096 2369 tuiipsius
1112 2277 1315 2348 incumbens.
1330 2279 1409 2348 Cum
1430 2297 1506 2346 uero
1519 2275 1669 2345 nunbruu
1686 2273 1726 2345 cle
1746 2275 1867 2366 episco-

240 2396 318 2477 patu
336 2387 502 2478 occepisti,
516 2400 604 2458 extra
625 2389 756 2460 domum
778 2392 960 2482 perplures
981 2393 1050 2482 dics
1069 2393 1104 2462 in
1124 2404 1284 2465 secretum
1305 2404 1337 2463 te
1354 2390 1523 2480 obdidisti,
1546 2390 1606 2461 ubi
1621 2411 1694 2462 cum
1717 2391 1783 2460 solo
1804 2395 1867 2462 lieo

242 2519 366 2590 ageres,
382 2501 528 2576 futurum
543 2524 624 2574 onus
633 2504 834 2597 praeciperes,
850 2505 1052 2578 difficultates
1068 2519 1100 2578 et
1111 2517 1315 2600 tempestates
1327 2506 1453 2578 eminus
1476 2505 1568 2598 quasi
1581 2527 1621 2578 ex
1639 2507 1767 2597 speculo
1778 2527 1867 2596 pros·

240 2615 379 2706 piceres,
391 2628 486 2709 teque
508 2631 618 2689 contra
638 2639 691 2690 ens
710 2621 852 2693 munires
863 2633 896 2691 et
913 2643 1075 2712 armaret,
1091 2635 1187 2716 atque
1200 2624 1288 2714 leges
1306 2634 1376 2695 tum
1390 2621 1546 2692 familiam
1566 2632 1637 2692 tum
1651 2622 1868 2713 episcopatum

239 2731 293 2822 pie
306 2744 337 2801 st
348 2746 454 2804 sancta
469 2735 714 2808 administrandi
726 2735 786 2807 tihi
801 2737 864 2829 ipsi
878 2739 1110 2829 prescribercs.
1133 2741 1234 2811 Testis
1251 2750 1283 2809 et
1301 2739 1458 2831 particeps
1475 2738 1574 2828 hujus
1590 2748 1656 2808 tua
1668 2737 1863 2829 solitudinis,

240 2859 274 2918 et
282 2858 462 2921 sanctorum
477 2850 707 2922 desideriorum
719 2873 756 2923 ac
769 2852 973 2925 consiliorum
987 2855 1057 2946 ipse
1068 2856 1118 2925 fui
1124 2882 1135 2946 ;
1147 2857 1241 2946 plura
1257 2855 1454 2942 nundinam,
1469 2873 1598 2944 parcum
1612 2852 1774 2924 modestia
1789 2865 1863 2944 tua,
1923 2897 1930 2914 ι

240 2985 300 3036 nec
312 2978 430 3037 secreta
447 2966 529 3037 mibi
546 2967 665 3039 credita
684 2969 860 3060 evulgabo;
876 2990 980 3063 oeque
998 2969 1115 3063 puduit
1134 2983 1166 3040 tn
1184 2970 1311 3062 publice
1330 2970 1417 3040 bunc
1435 2989 1614 3056 secessum,
1629 2967 1696 3038 bac
1717 2967 1867 3038 exercitia

238 3084 365 3176 pietatis
377 3084 518 3183 profiteri
531 3109 540 3152 ε
555 3095 651 3177 atque
669 3085 731 3156 boc
744 3084 825 3176 ipso,
841 3106 926 3156 novo
939 3097 996 3158 tuo
1009 3087 1154 3179 exemplo
1170 3087 1278 3180 plures
1291 3087 1333 3158 od
1353 3097 1400 3173 te,
1415 3085 1482 3156 imo
1504 3086 1546 3154 ud
1562 3086 1697 3172 blesam,
1712 3085 1865 3154 Basiliam

239 3213 271 3272 et
283 3201 516 3295 ¹Nazianzenum
532 3201 732 3294 sequendum
748 3201 896 3288 incitasti.
917 3203 1027 3275 Plures
1036 3204 1107 3294 jam
1124 3204 1291 3294 Episcopi,
1312 3215 1483 3295 antequam
1500 3201 1716 3292 episcopatum
1732 3200 1864 3288 inirent,

237 3317 299 3389 hoc
309 3319 364 3409 pia
376 3317 548 3390 solitudine
560 3329 593 3387 et
604 3337 712 3388 rerum
725 3317 907 3388 dunarum
920 3321 1198 3402 commentatione,
1213 3341 1251 3388 ac
1260 3316 1366 3386 oneris
1378 3314 1442 3386 sibi
1449 3315 1591 3405 impositi
1599 3315 1864 3404 consideratione,

239 3433 280 3504 ad
291 3433 384 3503 illum
398 3454 516 3524 magna
527 3455 585 3505 sua
598 3433 826 3521 consolatione,
841 3453 1022 3524 magnoque
1034 3455 1093 3504 suo
1105 3442 1140 3502 et
1149 3431 1296 3503 Ecclesia
1310 3431 1395 3502 bono
1415 3453 1449 3501 sa
1462 3443 1699 3522 compararunt.

122 3557 228 3670 eam
283 3551 384 3618 lloscs
403 3548 544 3619 sobriam
561 3547 627 3639 egit
650 3549 771 3635 uitam,
790 3569 849 3618 neo
863 3559 928 3618 um
947 3546 1019 3618 cibo
1042 3569 1141 3640 quam
1163 3547 1262 3618 uerbo
1284 3547 1341 3617 Ilei
1357 3547 1451 3636 vixit,
1477 3547 1619 3640 adeoque
1639 3559 1826 3641 accepturus
1846 3571 1865 3620 s

240 3669 304 3738 Deo
322 3665 447 3737 tabulas
465 3664 562 3756 legis,
581 3662 633 3736 bis
654 3663 700 3734 tu
719 3662 786 3735 dies
803 3663 873 3734 sine
894 3663 967 3735 cibo
992 3675 1024 3734 et
1042 3675 1139 3756 potu,
1158 3663 1227 3736 sola
1246 3665 1391 3735 oratione
1411 3675 1444 3736 et
1464 3665 1731 3756 contemplatione
1754 3667 1864 3736 uirens

240 3783 390 3854 uadunt.
1580 3839 1584 3847 .

283 3897 317 3966 S.
331 3891 467 3965 Basilius
478 3894 581 3965 Moses
594 3891 730 3964 Orientis
742 3890 879 3985 priscam
893 3891 1119 3963 Monacborum
1131 3890 1357 3963 abstinentiam
1371 3902 1507 3964 sectatus
1520 3903 1584 3974 est,
1600 3913 1735 3985 eamque
1748 3891 1865 3964 consti-

239 4009 415 4082 tutionibus
436 4011 504 4080 suis
523 4008 705 4080 monasticis
727 4009 841 4079 sanxit.
864 4010 908 4078 De
927 4008 1032 4077 studio
1048 4009 1242 4099 paupertatis
1262 4021 1295 4080 ct
1308 4007 1508 4079 defluentia
1526 4011 1559 4079 S.
1576 4009 1743 4079 basiliiita
1755 4007 1866 4079 scribit

237 4125 453 4198 Nazianzenus
464 4125 498 4195 in
513 4135 596 4196 orot.
609 4126 679 4215 jam
692 4144 774 4217 saepe
787 4125 898 4193 citata:
922 4122 1009 4202 cllli,
1024 4123 1081 4210 ait,
1097 4125 1205 4194 tunica
1218 4145 1294 4212 uua,
1310 4136 1342 4195 et
1350 4124 1485 4216 pallium
1498 4144 1613 4212 unum,
1624 4123 1865 4194 etbumicuba·

237 4242 295 4330 tio,
311 4253 343 4312 et
357 4241 464 4312 balnei
477 4252 689 4333 contemptae,
706 4249 738 4310 ct
749 4239 868 4330 uigilia
877 4265 887 4327 ;
905 4249 937 4310 st
957 4259 1046 4310 coena
1061 4239 1267 4327 suauissima,
1281 4250 1374 4330 atque
1392 4240 1595 4332 pulmentum
1610 4239 1658 4309 illi
1672 4252 1739 4310 erat
1757 4236 1860 4332 panis,

238 4371 271 4429 et
283 4360 345 4447 sal;
362 4359 493 4450 etpotio
514 4355 639 4447 sobrio,
664 4376 762 4450 qnam
784 4355 879 4427 nobis
899 4354 983 4424 nihil
1003 4353 1224 4426 laborantibus
1243 4355 1347 4424 fontes
1367 4355 1580 4446 proferunt.»
1605 4357 1686 4425 Hinc
1709 4357 1740 4425 ei
1757 4357 1864 4426 uultus

238 4473 392 4566 pallidus,
407 4485 439 4545 et
458 4494 532 4544 corn
549 4471 721 4563 enunciata,
736 4483 774 4545 ut
791 4472 867 4543 solis
883 4471 952 4542 iere
968 4469 1093 4540 ossibus
1105 4479 1140 4539 et
1156 4471 1239 4562 pelle
1256 4479 1402 4540 censure
1418 4469 1590 4540 uideretur.
1606 4472 1687 4540 Hinc
1700 4471 1783 4541 illud
1795 4473 1865 4562 ejus

239 4590 406 4680 elogium:
426 4589 733 4682 cpollnretmooies
745 4585 975 4658 decemuirum
986 4585 1186 4677 religiosum.
1204 4609 1222 4652 n
1892 4588 1895 4594 '

281 4692 434 4776 basilium
446 4715 480 4776 et
491 4702 650 4800 imagine,
663 4714 697 4774 et
710 4703 816 4790 uultu,
831 4723 870 4771 ao
882 4701 989 4773 colore
1007 4683 1194 4772 circumfers
1215 4703 1282 4771 imo
1298 4699 1439 4792 prefers.
1463 4703 1569 4773 Pallor
1586 4701 1708 4771 iudicat
1725 4714 1758 4773 et
1775 4717 1867 4776 ornat

240 4819 463 4891 abstinentiam
476 4832 579 4911 tuam,
595 4840 692 4916 quam
706 4839 817 4891 omnes
827 4830 948 4889 norunt
960 4828 994 4887 et
1006 4817 1232 4910 depraedicant.
1244 4817 1547 4906 Egnoculatnssom
1562 4816 1650 4885 testis
1663 4826 1697 4886 et
1708 4831 1865 4911 quotquot

239 4939 381 5030 hospites
394 4936 443 5007 tui
454 4937 598 5008 suerunt.
611 4939 707 5007 'lotas
719 4934 979 5028 quadragesimas
991 4937 1162 5027 quotannis
1175 4934 1276 5024 erigis
1290 4931 1400 5004 eacibi
1411 4933 1516 5003 tenuis
1528 4933 1734 5023 parcimonia,
1751 4947 1787 5004 ut
1799 4937 1866 5005 fere

241 5066 364 5125 tantum
377 5054 500 5147 pomis,
512 5051 675 5125 radicibus
690 5063 748 5124 aut
761 5048 978 5144 leguminibus
994 5052 1146 5140 vescaris,
1162 5062 1200 5120 ut
1212 5051 1330 5120 mirum
1344 5051 1385 5118 sit
1398 5059 1428 5116 te
1441 5047 1476 5115 in
1496 5058 1543 5117 tot
1565 5047 1726 5121 laboribus
1738 5051 1860 5142 vigere,

241 5172 337 5244 ritum
351 5182 384 5242 et
394 5173 477 5242 vires
488 5168 658 5242 sustinere.
673 5169 778 5240 Pisces
790 5189 878 5260 nque
891 5188 928 5236 nc
940 5187 1000 5238 ova
1013 5177 1127 5238 natura
1140 5175 1198 5239 tua
1209 5175 1392 5238 aversatur:
1407 5165 1490 5234 Deus
1502 5186 1523 5233 a
1533 5185 1634 5256 puero
1645 5168 1777 5260 tequnsi
1789 5170 1866 5237 alte-

239 5311 313 5362 rum
326 5291 512 5362 Samsonem
525 5287 699 5360 Nazareum
713 5284 776 5356 sibi
789 5283 976 5356 auctoravit.

282 5408 358 5480 nac
370 5403 476 5480 scribo
486 5423 553 5478 nun
563 5399 727 5477 monum
742 5399 835 5492 (nibil
848 5399 934 5472 enim
950 5399 1059 5474 inhco
1071 5399 1194 5474 mundo
1213 5397 1254 5469 ab
1266 5393 1483 5468 illustrissimo
1495 5397 1532 5466 ll.
1547 5397 1585 5468 T.
1600 5407 1657 5468 aut
1667 5418 1689 5469 a
1698 5419 1862 5491 quoquam
