4088 6032
705 338 882 399 antoniani
899 338 1019 397 SAGRAE
1036 336 1241 397 SCRlPi'URAE.
1768 348 1789 403 a

153 440 295 512 «Priora,
308 439 360 512 alt,
373 453 443 516 qnos
454 428 596 514 scripsisti
611 439 643 498 in
653 440 754 515 palem
764 457 855 516 pone,
869 445 898 500 et
909 442 951 501 le·
994 442 1135 502 diarum
1146 443 1242 515 magis
1260 457 1297 501 ea
1307 441 1418 503 mandi
1439 441 1620 516 incondium,
1636 446 1723 521 quasi
1736 462 1788 507 na-

149 529 223 597 gant
237 523 322 596 digni
337 527 366 582 et
375 523 512 596 indignit
527 523 708 583 novissimos
721 527 820 584 autem
833 528 950 598 septua-
993 526 1130 600 tvrralem,
1146 527 1294 602 nobisque
1313 529 1502 601 congenitam
1514 530 1752 604 spondebimus?

149 607 234 680 ginta
256 607 463 677 conservabis,
484 612 518 665 ut
535 607 636 666 hadas
649 623 701 666 eos
714 609 898 682 sapientibus
911 608 949 668 de
1029 614 1118 672 llulto
1130 613 1214 674 aliter
1227 613 1443 672 Ecclesiasticus
1460 615 1623 690 sapientem
1641 618 1786 692 pingens,
1846 624 1879 668 tt·

149 690 268 764 populo
280 694 352 761 tuo;
370 692 402 749 in
414 691 460 750 his
476 692 557 749 enim
570 696 615 749 est
634 706 713 750 vena
732 692 906 765 intellectus,
921 696 950 750 et
993 692 1174 752 indefessum
1182 695 1245 766 eius
1256 695 1389 754 studium
1400 712 1469 754 cum
1476 697 1528 771 pia
1538 713 1625 770 prece
1634 699 1785 772 deposcite

150 777 303 850 sapientie
324 777 410 849 lons,
429 782 459 835 et
470 777 598 836 scientiae
610 777 734 849 ilumen,
755 782 784 836 et
796 779 851 838 ieci
864 780 946 836 sic.»
996 779 1200 852 «sapientiem
1219 779 1355 837 omnium
1375 779 1567 856 antiquorum
1588 782 1723 856 exquiret
1741 799 1787 843 sa·

187 863 285 930 Quare
299 863 391 920 tiosos
402 861 577 931 identidem,
588 862 620 918 in
634 863 861 921 Deuteronomio
874 878 950 936 pra·
992 861 1087 935 piens,
1101 867 1130 920 et
1143 863 1175 920 in
1190 863 1342 937 Prophetis
1353 862 1421 936 (vel,
1432 866 1467 921 ut
1480 866 1695 925 Gracuslrabet
1705 867 1785 938 ione,

149 945 264 1017 omnm,
279 959 368 1002 omne
380 944 487 1018 populi
499 943 676 1018 ambiguum
693 948 723 1004 et
735 945 853 1005 difficile
872 946 949 1004 circa
993 947 1330 1019 taprophetitclvcoebit
1341 946 1542 1006 narrationem
1552 948 1784 1025 (gracchana,

150 1027 251 1101 legem
273 1028 440 1101 judicium,
462 1026 502 1085 ad
522 1028 689 1086 secerdotes
712 1027 814 1086 reterri
835 1029 946 1096 voluit3
993 1033 1206 1096 eaonctioocm,
1223 1032 1459 1103 explanationes)
1472 1029 1605 1091 virorum
1618 1034 1785 1094 nominato-

151 1126 240 1181 nem,
253 1116 288 1168 ut
300 1112 342 1168 ait
354 1109 521 1182 llalachias,
537 1125 572 1180 ιι,
589 1113 607 1167 *l
625 1128 633 1166 r
655 1110 774 1168 «labia
786 1111 947 1169 sacerdotis
993 1129 1062 1171 rum
1070 1113 1265 1184 conservabit,
1279 1119 1308 1172 et
1320 1115 1352 1172 in
1360 1116 1515 1186 versutias,
1525 1132 1645 1189 camec,
1657 1119 1784 1193 parabo-

150 1198 322 1256 custodient
331 1196 494 1268 scientiam,
510 1199 539 1254 et
547 1195 644 1268 legem
653 1195 865 1270 (dubitatique
873 1197 946 1268 legis
991 1196 1090 1254 larum
1103 1198 1192 1256 simul
1206 1197 1348 1269 introibit,
1363 1198 1479 1257 occulta
1492 1199 1721 1273 proverbiorum
1732 1216 1784 1260 ex·

150 1281 316 1356 dequibus
330 1285 373 1338 est
384 1279 529 1354 questio,
549 1279 591 1336 ait
604 1281 632 1336 S.
648 1278 828 1350 Bernartius)
848 1280 947 1353 requi·
992 1281 1100 1353 quiret,
1113 1285 1142 1338 et
1158 1282 1189 1340 in
1205 1280 1386 1339 absconditis
1400 1281 1613 1356 parabolarum
1630 1299 1784 1345 conversa-

147 1369 217 1425 rent
228 1381 267 1422 ex
285 1380 335 1422 ore
351 1365 424 1435 ejus.
439 1384 454 1416 v
469 1366 534 1432 Qua
546 1363 584 1421 de
598 1377 688 1420 causo
699 1367 727 1420 et
738 1363 870 1420 studium
882 1364 946 1434 ejus
991 1361 1089 1435 bitur3
1103 1365 1214 1438 aperiet
1225 1379 1355 1422 ossuum
1364 1365 1554 1436 inoratione,
1566 1369 1595 1424 et
1602 1383 1659 1441 pro
1671 1369 1783 1428 delictis

146 1447 354 1508 sacerdotibus
375 1447 518 1505 Dominus
537 1446 569 1504 in
586 1447 705 1503 leotrico
726 1445 877 1517 indicens,
894 1461 946 1504 eos
992 1447 1053 1504 suis
1067 1448 1281 1521 deprecabitur.
1296 1447 1326 1506 Si
1344 1449 1425 1508 enim
1437 1449 1580 1508 nominos
1592 1465 1784 1523 magnusve-

146 1547 215 1608 cap.
233 1547 254 1589 x
267 1532 347 1590 hisce
366 1530 547 1604 compellat:
565 1531 629 1587 alit
645 1529 779 1588 habeatis
794 1529 945 1588 scientiam
991 1529 1087 1600 luerit,
1102 1532 1207 1605 spiritu
1218 1530 1417 1602 intelligentie
1430 1532 1558 1607 replebit
1568 1532 1665 1605 illum,
1677 1539 1707 1593 et
1717 1537 1782 1610 ipae

145 1612 781 1686 dhoernendiintersanctumetproianum,
796 1612 946 1686 interpol-
989 1619 1133 1688 tanquam
1155 1615 1265 1673 imbres
1287 1615 1382 1671 mittet
1400 1613 1522 1689 eloquia
1538 1615 1687 1690 sapientie
1708 1633 1781 1692 suar,

145 1697 449 1770 lutomet'mundum,
461 1695 649 1770 doceatisque
657 1695 736 1753 tilios
744 1695 832 1754 lsrael
844 1698 945 1756 omm'a
988 1696 1053 1772 ipsa
1065 1697 1166 1772 palam
1178 1699 1264 1756 iaciat
1275 1697 1463 1770 disciplinam
1471 1697 1613 1758 doctrine
1626 1711 1698 1771 suar,
1711 1703 1741 1759 et
1750 1701 1783 1760 in

143 1785 281 1858 legitim
292 1799 379 1853 mea,
397 1797 465 1856 quae
484 1781 601 1838 loculus
614 1781 658 1837 est
671 1777 814 1838 nominos
835 1781 875 1837 ad
892 1795 944 1839 cos
988 1780 1053 1854 lege
1066 1781 1233 1841 testamenti
1247 1779 1364 1840 bomini
1373 1779 1592 1852 gloriabitur.»

142 1883 200 1943 per
212 1883 340 1926 manum
349 1865 447 1923 llosis.
462 1883 477 1916 c
494 1867 587 1935 itque
602 1865 636 1920 ut
647 1861 738 1934 hujus
748 1878 827 1920 curce
839 1864 944 1922 admo-
1023 1869 1138 1925 veteres
1150 1866 1321 1926 iudaeorum
1335 1863 1463 1924 Rabbiui
1475 1865 1531 1925 toti
1544 1867 1673 1926 arentin
1690 1870 1781 1928 moris

143 1954 230 2010 neret
240 1949 413 2025 pontificem
425 1947 475 2004 vel
488 1945 628 2016 maxime,
642 1946 675 2002 in
687 1946 830 2019 pectorali
845 1947 944 2022 ponti·
987 1950 1114 2021 Litteris3
1135 1951 1264 2026 indeque
1287 1957 1408 2014 Otito
1428 1951 1579 2022 sophetim,
1591 1957 1740 2025 γραμματεῖς
1752 1957 1782 2012 et

143 2034 240 2094 finalis
256 2033 304 2091 sui
327 2033 492 2091 doctrinam
512 2035 541 2089 et
562 2029 729 2101 renisam,
751 2029 819 2100 vel,
839 2033 872 2087 ut
892 2031 944 2089 he·
986 2033 1094 2092 scribo
1109 2038 1178 2092 sunt
1195 2033 1265 2092 dicti
1274 2051 1283 2105 3
1298 2036 1368 2107 post
1381 2031 1529 2092 christtun
1542 2047 1613 2092 vero
1627 2049 1717 2095 nemo
1730 2052 1780 2097 ne-

143 2119 245 2178 braice
258 2121 313 2189 est,
329 2124 447 2180 tntilli
458 2123 550 2179 bittit
562 2119 635 2172 ιιιιιι
646 2118 819 2181 cetcmmim,
833 2113 944 2174 illumi-
986 2118 1040 2177 scit
1051 2118 1240 2177 Hebraeorum
1246 2115 1780 2193 llebbinosnonaliudquamsaeram

145 2203 298 2262 nationem
315 2205 345 2259 et
365 2200 576 2274 integritatem,
589 2198 652 2257 duo
671 2197 738 2255 viter
752 2197 943 2256 sacerdotalis
986 2203 1166 2276 scripturam
1179 2215 1311 2272 versare,
1325 2203 1430 2259 cetera
1447 2215 1570 2260 amusos
1583 2215 1656 2259 esse.
1669 2202 1779 2262 scitum

146 2280 943 2358 decors,oenhnoausymbolisgestare,coremque
986 2289 1031 2346 est
1042 2285 1118 2344 illud
1127 2283 1267 2356 Rabbini,
1276 2283 1483 2360 quianepote
1492 2282 1681 2343 scientiarum
1689 2287 1778 2346 avido

146 2387 266 2447 semper
278 2369 386 2429 intueri
398 2368 503 2428 voluit.
517 2366 574 2426 Sed
582 2366 661 2426 ultra
673 2365 841 2425 tendamus.
985 2373 1122 2441 rogatus,
1140 2383 1214 2425 uum
1233 2367 1292 2425 sibi
1313 2365 1426 2434 liceret,
1440 2369 1493 2425 aut
1510 2367 1661 2438 suaderet,
1673 2369 1778 2429 Grecis

181 2456 332 2530 Propheta
343 2453 462 2527 regins,
475 2465 585 2526 magna
598 2450 777 2524 scriptorum
790 2464 943 2511 sacrorum
985 2453 1074 2513 etiarn
1082 2450 1253 2512 auctoribus
1260 2465 1383 2525 operam
1392 2450 1475 2521 dere,
1489 2449 1600 2508 ironice
1613 2454 1778 2526 respondit,

145 2555 229 2616 pars,
242 2539 394 2608 divinum,
409 2537 548 2612 inquam,
561 2533 639 2593 iliud
651 2534 775 2608 Spiritus
787 2534 883 2593 sandi
896 2549 943 2593 or·
984 2537 1083 2608 licere,
1096 2537 1188 2596 modo
1202 2535 1235 2595 id
1247 2549 1301 2593 nec
1314 2533 1363 2592 die
1373 2533 1491 2604 iaceret,
1504 2548 1560 2592 nec
1570 2537 1674 2592 noete:
1688 2537 1779 2611 scrip-

144 2639 279 2699 gannm,
297 2637 348 2680 eas
367 2623 399 2679 in
411 2621 448 2679 iis
461 2620 533 2694 ipsis
550 2618 693 2678 sublimes
708 2622 738 2676 et
757 2632 881 2676 arcanas
898 2622 942 2676 te·
985 2626 1049 2680 tum
1063 2621 1144 2679 enim
1156 2634 1230 2692 esse,
1242 2619 1274 2676 in
1287 2619 1352 2690 lege
1365 2616 1483 2676 bomini
1495 2616 1704 2676 meditandum
1714 2635 1777 2678 esse

143 2709 255 2768 nebras
270 2720 452 2780 agnoscens,
467 2702 644 2763 creberrime
657 2701 723 2761 aliis
738 2701 865 2774 aliisque
876 2715 943 2758 ver·
985 2704 1033 2764 die
1046 2721 1082 2764 ac
1095 2707 1191 2763 nocta

143 2793 192 2852 bis
205 2795 283 2863 orat,
295 2793 342 2848 Pe.
355 2803 444 2847 arvm
456 2807 464 2846 ε
477 2785 719 2846 allevelaocnlos
729 2800 825 2856 meos,
834 2789 942 2844 etcon·
1019 2789 1065 2848 Ad
1077 2803 1191 2848 novum
1204 2803 1365 2862 pergamus
1377 2787 1450 2847 novi
1467 2786 1587 2846 laederis
1599 2788 1776 2848 instrumen-

144 2875 284 2936 rrderabo
298 2873 447 2932 mirabilia
456 2872 493 2930 de
502 2871 567 2944 lege
578 2873 663 2941 tua,a
676 2868 730 2928 ubi
739 2868 876 2928 hebraice
886 2873 940 2941 est,
983 2876 1049 2932 tum
1062 2892 1071 2930 r
1085 2874 1114 2932 S.
1129 2875 1229 2932 Petrus
1242 2887 1312 2930 oum
1324 2871 1518 2946 epistolarum
1530 2873 1560 2930 S.
1576 2871 1658 2930 Pauli
1670 2875 1775 2931 memi-

144 2970 322 3032 mgmp
333 2938 371 3023 Β]
384 2960 430 3030 pot
444 2958 507 3014 enei
519 2955 654 3024 cambita,
664 2952 836 3012 devolveeb
846 2951 941 3010 oeulis
983 2957 1085 3028 nisset,
1099 2955 1263 3029 subiungit,
1281 2955 1313 3012 in
1329 2953 1366 3012 iis
1381 2953 1521 3029 quadem
1534 2969 1598 3011 esse
1613 2973 1629 3008 ι
1646 2955 1776 3016 difficilia

143 3047 219 3104 meis
233 3045 377 3119 (velamen
386 3039 520 3113 caliginis
529 3038 661 3110 scilicet),
671 3042 702 3095 et
713 3037 792 3095 clare
802 3035 942 3096 intuebor
982 3039 1149 3111 intellectu,
1170 3053 1239 3113 quae
1256 3036 1368 3096 indocti
1390 3041 1419 3094 et
1434 3035 1586 3094 instabiles
1602 3038 1775 3114 depravant,
1897 3108 1899 3112 .

143 3127 295 3186 mirabilia
309 3125 384 3196 legis
394 3128 467 3182 tue.
483 3142 498 3177 ι
510 3123 540 3181 Si
552 3126 652 3182 tantus
664 3121 814 3195 propheta
819 3159 831 3192 ,
843 3120 942 3195 inquit
983 3126 1095 3183 sicutet
1107 3127 1227 3182 ceteras
1236 3123 1410 3196 Scripturas,
1420 3122 1459 3180 ad
1470 3137 1556 3179 suam
1568 3123 1776 3199 ipsorumper·

143 3214 172 3270 S.
185 3212 383 3283 Hieronymus
393 3207 432 3265 ad
443 3208 602 3271 Paulinum,
613 3203 751 3264 tenebras
765 3203 941 3277 ignorantia
983 3208 1138 3280 ditionem,
1151 3227 1166 3264 ιι
1182 3211 1263 3281 epist.
1279 3208 1313 3278 ll,
1326 3221 1392 3280 cap.
1407 3222 1457 3277 ¹¹¹3
1472 3211 1501 3264 et
1518 3208 1646 3265 anterius
1660 3224 1726 3282 cap.
1740 3225 1752 3266 1
1766 3228 1775 3267 z

143 3295 312 3363 confitetur,
324 3307 387 3367 que
399 3306 455 3349 nos
474 3295 562 3365 putas
575 3289 735 3363 parvulos,
750 3292 781 3348 et
792 3303 868 3363 pene
881 3288 940 3347 iac·
985 3293 1115 3351 comnis
1129 3291 1287 3368 prophetia
1301 3290 1454 3364 scripturae
1467 3292 1590 3364 propria
1602 3291 1775 3366 interpreta-

142 3383 238 3437 tantes
249 3377 373 3435 inscitiae
386 3379 474 3434 nocte
487 3373 687 3432 circumdari?
706 3371 766 3431 lloo
779 3375 879 3430 autem
891 3387 941 3431 ve·
981 3375 1062 3436 tione
1075 3391 1137 3436 non
1149 3375 1199 3448 flt3
1214 3375 1369 3434 nonenim
1381 3373 1533 3432 voluntate
1545 3375 1776 3436 humanaallata

141 3463 243 3521 lernen
255 3477 320 3520 non
333 3459 432 3518 solum
445 3461 478 3516 in
490 3457 565 3518 tocie
578 3458 675 3527 llosis,
690 3456 744 3515 sed
756 3460 786 3515 et
802 3456 835 3513 in
847 3458 940 3516 Evan·
983 3465 1026 3520 est
1042 3459 1207 3535 aliqnando
1225 3458 1394 3534 prophetia,
1417 3459 1470 3516 sed
1487 3457 1596 3531 Spiritu
1612 3459 1717 3518 Sancto
1731 3459 1775 3517 in·

141 3546 254 3618 gelistis
276 3549 306 3603 et
328 3542 476 3617 Apostolis
491 3543 624 3616 positum
639 3544 700 3612 est;
718 3543 748 3598 et
760 3539 816 3598 nisi
839 3544 942 3614 aperta
983 3543 1084 3622 spirali
1097 3545 1188 3605 locuti
1201 3547 1271 3602 sunt
1283 3543 1375 3601 sancti
1391 3542 1442 3600 nei
1456 3542 1632 3600 homines.»

141 3631 252 3692 luerint
264 3629 403 3686 universa
416 3641 486 3700 quae
503 3625 612 3699 scripta
625 3627 705 3695 sunt,
717 3624 757 3682 ab
775 3638 810 3680 eo
823 3624 877 3697 qui
887 3624 941 3683 ha·
1018 3630 1086 3703 Ejus
1092 3643 1252 3704 gemenas
1259 3626 1357 3685 officio
1366 3630 1395 3684 et
1402 3626 1536 3700 martyrii
1547 3626 1659 3699 laurea,
1667 3629 1694 3686 S.
1703 3631 1775 3687 Pau-

141 3714 322 3772 betulam
339 3710 450 3780 David,
471 3710 524 3784 ‘iffi
541 3707 636 3782 aperit
656 3710 686 3766 0‘
707 3720 796 3765 ¹²0ffl0
818 3707 939 3780 Plssfltlih
981 3715 1045 3786 lus,
1070 3728 1134 3774 non
1155 3712 1298 3772 naturalis
1317 3711 1428 3784 ingenii
1450 3711 1544 3782 vires,
1570 3712 1624 3769 sed
1643 3713 1776 3784 eiusdem

141 3797 255 3856 claudit
267 3795 515 3868 etnemoaperit,
529 3790 614 3850 nullo
631 3789 692 3849 alio
704 3791 852 3849 reserante
866 3805 939 3864 pan·
982 3797 1107 3872 spiritus
1126 3797 1289 3871 gratimm
1314 3795 1475 3853 divisiones
1500 3799 1669 3869 nuncupat,
1691 3796 1776 3870 quod

142 3883 292 3941 dentur.»
985 3899 1001 3936 ι
1022 3879 1073 3939 alii
1094 3895 1149 3955 per
1170 3879 1415 3955 Spiritumldetur
1433 3894 1531 3936 sermo
1551 3879 1712 3952 sapientise,
1725 3879 1777 3938 alii

177 3966 268 4024 Audit
277 3963 418 4023 ieremias
430 3977 543 4038 capr:
559 3961 762 4035 «Priusquam
779 3964 809 4020 te
825 3960 939 4022 forma·
982 3979 1080 4024 sermo
1094 3963 1233 4034 scientim,
1248 3963 1330 4020 alteri
1341 3961 1426 4032 tides,
1441 3962 1491 4021 elii
1502 3962 1597 4033 gratia
1605 3963 1775 4035 sanitatum,

141 4067 206 4110 rem
218 4051 251 4108 in
262 4053 358 4119 utero,
372 4048 444 4106 novi
456 4051 495 4116 te,
509 4051 538 4104 et
550 4049 711 4121 antequem
723 4046 817 4103 exires
826 4046 864 4104 de
874 4045 940 4104 vui·
982 4049 1033 4109 alii
1046 4048 1181 4122 operatio
1195 4048 1348 4118 virtutum,
1364 4045 1414 4103 olii
1427 4046 1595 4119 prophetie,
1605 4046 1655 4105 alii
1670 4047 1777 4104 discre-

140 4151 191 4206 va,
204 4131 387 4192 sanctificavi
394 4135 436 4202 te,
445 4135 474 4188 ct
486 4131 664 4205 prophetem
674 4127 857 4201 ingentibus
870 4129 939 4188 dedi
981 4131 1023 4190 tio
1037 4131 1206 4207 spirituum,
1214 4129 1264 4187 alii
1273 4145 1381 4202 genera
1393 4129 1575 4201 linguarum,
1585 4129 1634 4188 alii
1647 4130 1776 4205 denique

141 4222 186 4288 le3
203 4239 219 4272 ι
234 4221 263 4274 et
275 4221 376 4274 tamen
390 4215 537 4273 exclamat
552 4231 560 4271 ι
575 4218 700 4286 chae,
714 4213 838 4270 Domine
852 4214 937 4285 Deus,
981 4215 1182 4290 interpretatio
1196 4229 1404 4281 sermonum»
1420 4217 1431 4270 i
1445 4214 1566 4271 Corinth.
1581 4228 1634 4286 ru,
1648 4214 1776 4290 ideoque

142 4317 208 4360 ecre
218 4301 319 4358 nescio
332 4297 428 4372 loqui,
440 4298 512 4372 quia
523 4313 600 4372 puer
613 4312 668 4369 ego
683 4312 788 4353 sum.»
980 4301 1116 4375 posuisse
1132 4301 1222 4356 licum
1238 4297 1270 4354 iu
1292 4297 1418 4354 licclesia
1435 4297 1583 4370 quosdam
1602 4299 1775 4371 Apostolos,

178 4385 282 4456 isaias,
304 4398 371 4457 cap.
393 4396 440 4452 vr,
463 4380 616 4455 Seraphim
635 4379 675 4437 ad
696 4394 728 4436 se
748 4378 938 4438 advolantem
982 4385 1056 4444 alios
1070 4384 1241 4458 Prophetas,
1254 4381 1329 4439 alios
1344 4384 1491 4440 Doctores.
1502 4381 1583 4440 Alibi
1591 4397 1675 4456 vero,
1690 4399 1721 4441 se
1735 4384 1775 4440 ad

143 4469 274 4545 aspexit,
286 4466 464 4540 calculoque
476 4465 570 4537 ignito
580 4479 615 4522 os
626 4461 855 4521 vaticinatorum
868 4463 938 4522 ada·
981 4468 1074 4543 pedes
1085 4465 1251 4525 Gamalielis
1265 4466 1361 4537 legem
1372 4465 1510 4523 edoctum
1519 4458 1687 4539 ¹gloriatur3
1703 4465 1774 4524 alibi

142 4555 314 4628 pfflentem.
957 4571 962 4579 ·
981 4553 1114 4610 Pastores
1127 4554 1158 4607 et
1168 4549 1330 4623 Episcopos
1343 4553 1453 4620 monet,
1468 4553 1502 4607 ut
1512 4565 1543 4607 se
1557 4553 1695 4622 praestent
1704 4565 1775 4622 ope-

176 4635 310 4696 Ezechiel
314 4651 324 4708 3
348 4647 416 4708 oep-
438 4648 473 4704 ιι,
487 4631 612 4690 intuitus
631 4631 759 4706 speciem
776 4629 939 4705 quadrifidi
981 4635 1075 4694 rarios
1086 4632 1320 4704 inconfusibiles,
1331 4636 1408 4690 recte
1421 4636 1577 4690 tractantes
1586 4632 1711 4691 verbum
1725 4649 1774 4689 ve·

144 4721 290 4791 animalia
309 4718 473 4791 gloriaque
487 4714 621 4786 bomini,
633 4729 749 4788 pronus
762 4711 842 4771 cadit
853 4713 885 4771 in
896 4712 939 4772 fa·
980 4719 1085 4790 ritatis,
1098 4721 1132 4775 ut
1149 4718 1265 4792 possint
1283 4716 1434 4774 exhortari
1456 4717 1488 4773 in
1502 4717 1635 4775 doctrina
1649 4731 1731 4786 sana,
1746 4721 1774 4773 et

144 4807 226 4876 cin,
243 4806 420 4875 erectusque
438 4815 457 4858 a
478 4797 585 4874 spiritu
600 4798 676 4870 silet,
690 4797 764 4855 dum
777 4795 886 4869 pariter
904 4811 939 4854 os
981 4818 1033 4864 eos
1053 4803 1106 4877 qui
1128 4800 1333 4860 contradicunt
1353 4815 1494 4873 arguere3
1510 4801 1563 4858 sed
1582 4800 1657 4876 quid
1676 4817 1774 4860 mora·

144 4889 344 4963 cipandatur.
980 4885 1073 4947 murt

175 4974 278 5034 haniel
296 4989 348 5046 vn,
362 4975 392 5044 8,
404 4969 532 5030 verbnm
552 4969 648 5028 heito
666 4969 756 5028 corde
776 4973 938 5043 conservat,
1015 4970 1179 5030 Audiamus
1206 4970 1386 5029 Christum:
1415 4969 1771 5045 «Scrutaminiinquit,
1858 5009 1866 5026 .

145 5060 195 5118 scd
207 5056 440 5130 cogitationibus
460 5054 672 5127 conturbetur,
683 5058 712 5112 et
728 5051 818 5111 iacies
837 5054 864 5112 ei
882 5055 939 5112 im·
979 5056 1180 5131 scripturam»
1196 5056 1271 5130 quin
1283 5070 1354 5112 vero
1368 5055 1468 5112 dotem
1481 5055 1569 5126 hanc,
1583 5057 1627 5114 uti
1645 5058 1673 5113 et
1685 5056 1773 5113 thau·

146 5147 271 5202 mnhtur
278 5182 290 5212 ‚
305 5143 465 5214 stupetque
478 5139 518 5196 ad
535 5138 696 5210 visionem,
714 5153 750 5196 eo
764 5139 850 5212 quod
864 5138 940 5196 desit
981 5140 1175 5214 maturgiam,
1189 5138 1461 5212 miraculorumque
1476 5138 1703 5210 omnigenorum
1720 5154 1775 5212 po-

146 5227 283 5301 interpres
289 5244 300 5298 3
324 5228 355 5281 et
375 5239 431 5283 nos
453 5223 627 5281 eorumdem
643 5221 851 5283 vaticiniorum
862 5243 871 5294 5
886 5239 940 5296 pa·
980 5228 1130 5295 testatem,
1153 5222 1288 5283 Ecclesia
1312 5238 1373 5279 suaa
1394 5225 1569 5279 testamento
1590 5221 1774 5294 consignavit

147 5307 324 5380 rabolarum,
339 5307 544 5380 aenigmatum,
560 5311 588 5364 et
602 5307 811 5381 symbolorum
828 5305 939 5364 iacilio-
980 5307 1250 5383 Christus,quando
1260 5307 1292 5363 in
1303 5306 1411 5362 ooelum
1420 5321 1595 5364 ascensurus
1608 5305 1774 5363 valedicens

148 5405 206 5447 rem
217 5392 291 5466 ipsis
309 5405 418 5450 eorum
431 5389 625 5465 scriptoribus
637 5391 873 5465 intelligentiam,
887 5395 940 5450 aut
981 5395 1139 5468 apostolis,
1159 5389 1275 5467 aperuit
1295 5388 1353 5447 illis
1372 5403 1504 5462 sensum,
1526 5392 1559 5447 ut
1581 5388 1774 5462 intelligerent
