4020 6026
841 657 1299 778 PROOEMIUM.

315 1161 369 1244 lle
392 1189 455 1247 sex
475 1165 622 1248 dierum
646 1166 791 1274 opificio
814 1175 952 1250 veteres
973 1169 1135 1278 theologi
1156 1168 1221 1274 qui
1243 1169 1339 1250 Petri
1363 1169 1562 1251 Lomhardi
1584 1169 1643 1250 vel
1667 1169 1880 1252 sethona

262 1296 456 1401 Aquinatis
481 1301 697 1382 methodum
716 1302 976 1406 sequebantur,
996 1300 1082 1381 satis
1108 1302 1186 1384 lose
1210 1327 1319 1410 agere
1344 1310 1631 1399 consueverunt,
1655 1327 1880 1408 persequen-

263 1437 336 1524 tes,
358 1455 433 1512 non
455 1431 535 1514 sine
553 1432 693 1541 ingenii
712 1443 749 1515 et
769 1434 968 1542 diligentie
992 1434 1119 1532 lande,
1140 1434 1359 1539 questiones
1379 1461 1442 1518 eas
1461 1461 1545 1540 quac
1564 1461 1609 1516 ex
1630 1433 1782 1514 historia
1799 1460 1881 1516 mo-

261 1559 359 1643 saica
378 1561 415 1672 (l
433 1572 470 1644 et
488 1565 519 1645 ll
538 1565 720 1647 Geneseos
737 1565 874 1673 capite)
893 1592 961 1646 sua
983 1567 1095 1647 veluti
1114 1574 1243 1671 sponte
1266 1567 1492 1650 exoriuntur.
1510 1567 1651 1648 Verum
1673 1592 1748 1647 non
1773 1567 1882 1648 aliter

261 1695 341 1777 haec
358 1705 578 1801 pertractare
601 1706 788 1804 poterant,
815 1697 884 1778 nisi
904 1698 958 1779 uti
982 1697 1048 1778 illa
1073 1699 1238 1780 terebant
1264 1707 1429 1805 tempora
1453 1709 1491 1781 et
1516 1707 1630 1781 status
1651 1697 1881 1810 naturalium

147 1829 150 1833 ’
260 1827 499 1910 scientiarum
527 1831 633 1911 valde
652 1831 900 1936 imperiectus.
928 1830 1161 1913 Recentiores
1182 1838 1305 1912 autem
1331 1831 1490 1940 theologi
1511 1831 1577 1937 qui
1601 1856 1789 1912 summam
1811 1831 1881 1912 ali-

259 1986 373 2065 quam
388 1971 424 2044 et
437 1962 544 2070 quasi
558 1961 785 2044 curriculum
799 1988 912 2044 sacrae
925 1963 1099 2045 doctrinae
1113 1963 1354 2062 tradiderunt,
1369 1965 1427 2046 vel
1441 1966 1487 2046 de
1501 1965 1601 2046 hisce
1615 1965 1880 2070 questionibus

258 2092 413 2175 omnino
438 2103 575 2192 tacent,
600 2104 724 2200 utpote
749 2096 815 2201 qui
842 2096 889 2177 de
914 2097 1086 2203 dogmate
1111 2105 1254 2177 tantum
1282 2097 1502 2177 adstmendo
1526 2097 1670 2178 solliciti
1692 2106 1797 2195 sunt,
1820 2098 1879 2179 vel

256 2228 304 2308 de
321 2229 396 2309 Deo
414 2237 575 2312 creatore
598 2230 808 2334 loquentes,
823 2229 1029 2337 generatim
1049 2237 1194 2310 tantum
1208 2231 1256 2310 de
1272 2229 1456 2311 creatione
1472 2238 1509 2311 et
1530 2231 1577 2312 de
1598 2229 1758 2312 mosaica
1775 2256 1878 2312 crea·

257 2359 366 2442 tionis
390 2359 563 2459 historia,
581 2386 658 2443 non
680 2386 790 2459 vero,
811 2372 853 2443 ut
874 2370 1013 2443 veteres
1034 2361 1111 2459 illi,
1132 2362 1179 2442 de
1202 2361 1357 2469 singulis
1381 2363 1461 2468 ejus
1487 2361 1652 2466 partibus
1675 2362 1874 2442 disserunt.

308 2495 405 2575 Cum
422 2501 549 2576 tamen
566 2495 646 2575 haec
664 2493 827 2576 tractatio
849 2519 925 2576 non
946 2493 1051 2602 parvi
1072 2494 1251 2577 momenti
1273 2494 1368 2575 mihi
1388 2519 1466 2574 esse
1486 2494 1665 2592 videatur,
1683 2520 1878 2600 quumque

254 2623 493 2708 inimicomm
520 2627 742 2732 objectiones
766 2636 804 2708 et
828 2626 1056 2709 naturalium
1083 2627 1311 2709 incrementa
1337 2625 1572 2707 scientiarum
1599 2627 1808 2726 effecerint,
1833 2637 1877 2707 ut

254 2760 421 2843 divinam
445 2759 639 2842 creationis
664 2759 855 2843 historiam
880 2760 960 2842 sine
981 2760 1145 2843 maxime
1167 2761 1316 2841 tortasse
1336 2759 1572 2856 difficultate,
1597 2766 1634 2839 et
1656 2761 1783 2842 minus
1804 2759 1877 2842 im·

254 2895 414 3001 perlecta
432 2915 636 3001 exponere,
656 2903 694 2976 et
712 2893 871 2975 validius
892 2895 940 2976 eh
958 2895 1250 2978 adversariorum
1274 2891 1353 2973 telis
1378 2891 1562 2974 vindicare
1583 2891 1753 2996 praesenti
1774 2901 1877 2975 tem-

254 3053 344 3136 pore
362 3028 566 3136 possimus3
589 3027 679 3109 utile
699 3027 777 3109 lore
792 3026 1017 3126 existimavi,
1034 3027 1066 3108 si
1084 3026 1203 3109 brevis
1224 3027 1270 3106 de
1291 3051 1352 3106 scr
1373 3023 1518 3105 dierum
1539 3023 1681 3129 opificio
1699 3031 1875 3108 tractatus

253 3163 505 3264 conficeretur,
536 3163 601 3269 qui
629 3161 906 3268 praelectionum
931 3161 1009 3244 sire
1029 3184 1208 3244 cursuum
1231 3158 1521 3266 theologicorum
1547 3156 1660 3238 veluti
1687 3158 1875 3264 appendix

253 3299 424 3403 quasdam
450 3296 579 3379 haberi
603 3306 736 3402 posset.

305 3430 415 3512 Hunc
433 3455 504 3540 ego
522 3428 751 3513 conscribere
771 3454 884 3510 ausus
900 3455 985 3510 sum
1006 3429 1048 3508 in
1067 3451 1178 3508 usum
1200 3447 1402 3530 paucorum
1424 3417 1616 3532 theologie
1637 3423 1870 3524 auditorum,

252 3562 344 3643 dum
368 3561 602 3672 Georgiopoli
624 3561 665 3642 in
688 3561 860 3642 Amerina
882 3563 1079 3666 degerem,
1098 3584 1183 3666 que
1200 3559 1288 3640 urhs
1307 3566 1362 3639 est
1383 3556 1656 3639 Baltimorensis
1678 3558 1872 3640 archidice

248 3718 373 3777 ceceos
390 3695 484 3776 etin
501 3694 568 3776 ille
580 3693 807 3776 Marilandiae
821 3703 924 3800 parte
942 3694 1029 3787 sita,
1046 3718 1130 3799 quae
1147 3693 1271 3790 modo,
1289 3698 1457 3772 accelera
1474 3690 1624 3798 regione
1637 3691 1750 3771 veluti
1764 3715 1871 3796 sepe·

252 3837 349 3925 rata,
367 3829 557 3909 distraetus
570 3825 773 3909 Columdzic
791 3827 901 3935 vulgo
916 3826 1135 3932 appellatur.
1153 3826 1263 3906 Hunc
1277 3824 1399 3928 ipsum
1410 3821 1526 3918 ¹modo
1545 3822 1641 3928 typis
1654 3822 1867 3915 committo,

250 3961 461 4055 confidens,
481 3983 570 4043 eum
592 3984 669 4043 non
689 3960 862 4043 inutilem
884 3959 1077 4066 theologiae
1097 3956 1267 4039 studiosis
1284 3955 1483 4063 juvenibus
1506 3954 1686 4034 laturum.
1707 3955 1814 4050 Quod
1837 3954 1872 4035 si

250 4095 363 4178 vitam
389 4096 488 4178 Deus
516 4094 685 4200 viresque
713 4093 954 4191 concesserit,
981 4091 1201 4197 ampliorem
1235 4089 1357 4171 adhuc
1385 4089 1432 4168 de
1457 4112 1520 4168 sex
1549 4086 1695 4166 dierum
1721 4087 1872 4192 opificio

250 4228 501 4311 tractationem
525 4229 744 4337 pervulgare
770 4227 865 4308 mihi
890 4251 997 4308 mens
1020 4233 1093 4328 est3
1120 4234 1161 4305 ut
1189 4224 1379 4306 ostendam
1401 4230 1438 4302 et
1460 4220 1645 4301 naturales
1671 4220 1867 4317 scientias,

100 4425 103 4430 .
249 4367 286 4440 et
304 4361 475 4465 prolanas
495 4362 746 4470 quommdam
770 4360 995 4468 populorum
1018 4357 1251 4454 traditiones,
1271 4364 1308 4436 et
1324 4353 1467 4436 divinas
1488 4352 1624 4433 litteras
1647 4354 1694 4433 ad
1716 4354 1870 4435 easdem

249 4495 501 4580 conclusiones
525 4495 799 4604 cosmogonieas
825 4518 893 4575 nos
916 4493 1111 4573 adducere.

124 4621 126 4626 ’
293 4627 459 4711 -Veniam
482 4639 566 4736 pcto
591 4627 754 4734 scriptis,
775 4653 938 4732 quorum
965 4651 1045 4706 non
1069 4626 1193 4730 plone
1215 4621 1321 4702 nohis
1344 4645 1494 4715 cumen,
1517 4619 1583 4698 scd
1606 4622 1752 4698 utelitas
1775 4623 1868 4724 offi-

247 4765 421 4868 ciumque
443 4767 534 4865 fuat.
559 4763 617 4844 Ah
641 4761 794 4844 homine
818 4760 942 4860 latinae
964 4756 1153 4864 scriptioni
1175 4779 1251 4837 non
1275 4763 1418 4835 assueto
1442 4777 1573 4849 nemo,
1595 4761 1636 4833 ut
1657 4763 1770 4858 puto,
1791 4755 1871 4835 ele·

248 4896 413 5003 gantiam
434 4896 707 5003 exquisitiorem
726 4893 907 4976 sermonis
926 4898 1102 4997 expectat.
1123 4890 1241 4970 Nemo
1264 4885 1458 4968 mirabitur
1474 4886 1505 4965 si
1525 4910 1600 4965 non
1619 4887 1729 4966 modo
1749 4887 1872 4967 multa

249 5028 374 5112 minus
399 5039 549 5129 ornate,
574 5029 773 5112 sedetiam
802 5026 974 5134 quaedam
999 5022 1125 5104 minus
1152 5021 1266 5103 latine
1291 5020 1429 5102 dixero.
1459 5019 1539 5100 lete
1565 5018 1693 5100 laudes
1718 5021 1765 5100 ah
1792 5019 1871 5099 illis

104 5184 108 5205 ’
250 5162 330 5268 jure
349 5164 554 5273 exigantur,
572 5162 637 5270 qui
659 5189 721 5245 eas
741 5159 886 5266 assequi
908 5167 944 5240 et
963 5165 1117 5263 possunt
1137 5165 1174 5236 et
1192 5155 1320 5235 volunt
1339 5181 1348 5230 ε
1370 5159 1570 5231 meantem
1592 5176 1714 5259 neque
1735 5179 1866 5258 posse,

248 5321 317 5404 ego
338 5297 417 5403 ipse
439 5298 602 5407 ingenue
625 5297 753 5390 tamor,
774 5315 897 5397 noque
917 5289 1097 5384 voluisse,
1115 5286 1230 5369 oratio
1253 5286 1332 5392 ipsa
1353 5281 1562 5362 declarabit.
