4182 6044
297 302 353 369 ω
802 303 1045 362 conmmanit
1063 305 1097 361 tlt
1114 304 1269 376 mount,
1285 321 1350 365 ω.
1369 307 1424 366 xli.

297 417 356 484 mi,
369 411 452 470 omni
466 409 512 468 die
524 408 676 478 camillen,
693 421 756 464 uon
771 407 868 465 thuris
884 407 1016 479 iumum,
1036 425 1092 466 uec
1134 415 1224 484 caput
1242 427 1311 469 cum
1328 409 1458 486 pedibm
1475 413 1505 468 et
1520 411 1663 468 intestinis
1678 411 1854 470 rorandum
1873 415 1936 468 est:
1949 421 2007 462 aaa

297 502 451 557 umorum
465 491 660 562 mugientium
673 505 791 562 carnem
806 491 859 550 sed
868 492 1092 550 immaculatum
1133 501 1239 569 caput,
1250 497 1355 554 timisti
1369 495 1567 566 divinitatem
1581 495 1684 569 pedes,
1696 496 1917 553 humanitatem
1925 517 1936 567 ;

296 595 419 652 agnum
431 577 515 647 cujus
524 589 627 631 carnes
639 577 835 647 posteaquam
849 575 947 632 omnis
959 575 1092 649 populus
1133 580 1290 651 interiora,
1309 580 1467 638 secretiora
1487 580 1628 652 mysteria
1650 579 1819 651 significant
1836 597 1846 638 ε
1865 597 1937 654 qum

296 659 477 720 credentium
489 656 723 727 manducaverit,
736 673 832 729 agnus
845 660 899 732 qui
911 661 1093 718 sacrificatus
1133 664 1236 722 omnia
1248 663 1394 722 debemus
1407 678 1529 734 vorare,
1543 664 1575 720 id
1586 667 1645 734 est,
1659 663 1790 720 credere.
1808 667 1938 724 «Sacra-

178 755 264 808 ωιιι
295 751 349 814 est,
357 747 470 814 integer
479 746 646 814 perseverat
658 745 687 799 et
696 741 809 799 urus.»
822 745 934 815 Octoco,
947 746 1092 816 sangnine
1132 753 1266 806 mentum
1273 749 1322 805 liei
1331 747 1937 822 dussimiunquitseernardusinspea,

294 827 364 900 agni
376 825 499 896 tingitur
511 826 605 898 postis
624 829 766 899 uterque,
787 842 856 883 cum
868 829 1012 886 memoria
1024 842 1093 901 pas·
1133 832 1356 906 suscipiendum
1374 835 1433 902 est,
1453 846 1513 889 non
1532 829 1772 900 maechandum
1786 846 1937 890 veneran-

295 911 387 970 nouis
399 908 504 968 Christi
516 909 548 966 in
567 911 657 967 corde
674 911 851 984 perfidem,
868 918 896 970 et
916 913 947 969 in
968 929 1018 970 ore
1038 928 1092 986 per
1133 913 1222 985 dnm,
1237 930 1300 973 non
1313 913 1541 987 dijudicandum
1548 931 1557 982 ;
1572 912 1632 972 fide
1643 914 1796 983 sortitum,
1810 929 1874 970 non
1889 916 1937 972 in-

293 993 511 1072 protensionem
526 993 712 1069 imponitur:
729 1016 744 1050 e
759 997 848 1055 corde
868 999 948 1054 enirn
963 998 1092 1055 ereditur
1133 1001 1255 1069 natum3
1269 998 1427 1056 traditione
1441 999 1602 1066 sancitum,
1616 1011 1678 1054 non
1692 997 1900 1054 adinventum.
1918 1018 1934 1051 ι

294 1077 496 1152 ιᾱὶυείίῐίεω,
507 1083 667 1137 creantem
677 1079 822 1138 confessio
832 1079 865 1136 iit
875 1081 914 1138 ad
924 1081 1090 1150 salutem»
1135 1081 1168 1136 Et
1183 1097 1272 1138 serm.
1287 1083 1324 1138 20
1336 1087 1367 1138 ia
1382 1083 1510 1138 contin:
1529 1081 1696 1149 aCbristus,
1710 1081 1764 1149 ait,
1779 1083 1863 1153 tangi
1877 1099 1937 1155 po-

293 1163 416 1238 tingitur
428 1167 457 1222 et
475 1163 716 1237 superliminare,
727 1181 806 1238 ‚cum
826 1180 878 1222 cor
896 1169 1031 1222 nostrum
1051 1165 1091 1222 ad
1133 1167 1202 1234 test;
1221 1165 1273 1221 sed
1290 1163 1411 1234 allecto,
1432 1179 1494 1220 uon
1513 1179 1619 1232 mann;
1639 1168 1728 1234 voto,
1742 1179 1804 1221 non
1820 1167 1935 1236 oculo;

293 1263 380 1323 mom
399 1247 563 1306 coelestinm
585 1262 639 1321 per
657 1249 797 1306 meritum
816 1249 966 1321 passionis
986 1248 1093 1305 Christi
1133 1246 1281 1318 flde,non
1300 1247 1446 1305 sensibus.
1460 1247 1566 1318 Tangis
1583 1261 1676 1303 manu
1689 1245 1775 1316 fidei,
1788 1247 1935 1307 desiderii

174 1337 244 1386 aaa.
294 1331 435 1392 elemtur.
450 1334 542 1398 Nono,
555 1332 676 1404 sanguis
689 1332 826 1405 postibus
841 1332 933 1388 illitus
945 1331 985 1388 ab
998 1335 1092 1392 exter·
1133 1331 1237 1403 digito,
1247 1333 1411 1390 devotionis
1422 1331 1573 1405 amplexu,
1583 1330 1679 1403 tangb
1690 1333 1778 1390 oculo
1790 1333 1932 1392 mentis.»

294 1417 441 1476 minatore
454 1415 575 1474 liberat:
589 1416 662 1489 quia
672 1431 788 1487 omues,
803 1415 856 1489 qui
865 1414 969 1472 Christi
980 1415 1091 1473 meritis
1133 1419 1385 1488 decimoseptimo,
1399 1432 1495 1486 agnus
1515 1431 1546 1472 ru
1560 1413 1934 1476 multisdomibuscomc-
1957 1416 2028 1490 uena

175 1503 268 1556 bean
295 1515 357 1559 uon
371 1501 540 1571 salvantur,
554 1513 635 1558 mors
648 1503 757 1557 eterna
767 1498 956 1558 condemnat.
972 1501 1089 1567 Decimo,
1132 1499 1212 1556 ditur
1223 1517 1230 1555 :
1241 1499 1311 1572 quia
1322 1499 1353 1556 in
1363 1501 1463 1556 multis
1473 1499 1606 1556 Ecclesiis
1615 1497 1745 1556 Christus
1754 1501 1934 1560 immolatur
1946 1487 2028 1537 ’μ

295 1599 397 1644 omnes
410 1585 475 1657 ejus
487 1587 572 1641 nocte
586 1583 799 1640 comedantur:
814 1582 886 1656 qnia
899 1581 1046 1640 christum
1059 1583 1090 1640 in
1132 1588 1161 1642 et
1178 1584 1313 1642 sumitur.
1328 1587 1435 1640 Decimo
1456 1591 1564 1649 octono,
1585 1599 1647 1640 non
1665 1583 1732 1641 lieet
1749 1585 1934 1658 particulam
1957 1583 2027 1631 θέε

295 1667 475 1728 Eucharistia
487 1683 550 1726 non
559 1666 707 1737 ridemus,
721 1666 775 1723 sed
788 1666 820 1722 in
830 1665 901 1723 fidei
912 1665 1090 1723 obscuritate
1131 1667 1201 1740 agni
1220 1673 1302 1726 extra
1323 1668 1446 1726 domum
1469 1666 1573 1724 eilerre
1595 1683 1603 1723 ε
1622 1666 1694 1740 quia
1714 1669 1934 1728 Eucharistiam
1947 1651 2017 1692 ω

190 1755 282 1807 omos
294 1754 446 1812 credentes
455 1750 647 1827 quiescimus.
668 1750 828 1816 Undecimo,
848 1763 911 1808 nou
929 1750 1091 1808 comeduu·
1131 1765 1193 1810 non
1212 1751 1280 1810 licet
1299 1751 1370 1810 dare
1388 1749 1581 1820 infidelibus,
1598 1749 1789 1808 schismaticis
1810 1759 1841 1811 et
1862 1755 1934 1814 aliis

174 1831 219 1868 ¹³⁸·
293 1842 342 1895 tur
354 1836 455 1895 crudae
468 1839 519 1892 aut
532 1834 615 1904 lixoe,
631 1834 685 1892 sed
697 1849 787 1892 assae:
801 1832 909 1891 crudas
925 1848 1027 1892 carnee
1040 1848 1090 1890 co-
1131 1835 1271 1910 quisunt
1290 1839 1372 1893 extra
1394 1835 1562 1892 Ecclesiam.
1584 1837 1692 1892 benno
1708 1851 1796 1903 aoao,
1810 1854 1846 1896 os
1866 1855 1933 1900 non
1958 1833 2028 1881 Μ·
2065 1901 2066 1904 ,

294 1921 397 1994 medii,
408 1917 727 1996 quitlbristumsolum
737 1918 890 1977 hominem
901 1917 1004 1988 credit;
1016 1916 1090 1974 lixas
1131 1918 1346 1990 confringitur:
1361 1917 1433 1992 quia
1453 1933 1540 1976 crura
1558 1919 1672 1977 Christo
1693 1919 1724 1975 in
1744 1935 1830 1978 cruce
1854 1939 1932 1996 pen-
1946 1907 2005 1941 “²

294 2021 390 2081 aqua,
403 2006 458 2080 qui
471 2005 603 2064 bumana
619 2001 733 2060 ratione
746 2005 775 2058 et
788 2001 932 2075 sapientia
950 2000 1090 2074 mysmm
1132 2004 1213 2063 denti
1220 2003 1384 2078 frangenda
1395 2021 1457 2064 non
1467 2009 1561 2075 erant,
1572 2006 1647 2062 sicut
1657 2005 1834 2077 latronibus,
1845 2010 1931 2068 lona.

292 2090 441 2167 passionis
454 2090 484 2146 02
493 2087 680 2146 Euthflrisfiffl
692 2086 851 2156 effiminat,
865 2089 911 2155 ut,
924 2083 978 2158 (lui
991 2083 1023 2140 in
1034 2085 1091 2140 Eu·
1131 2103 1192 2160 xix,
1201 2091 1246 2148 ao.
1257 2092 1368 2147 Rursus
1382 2105 1427 2158 os,
1443 2089 1539 2160 idest,
1551 2087 1694 2146 tortitudo
1707 2089 1821 2146 virtutis
1835 2097 1867 2149 et
1879 2109 1933 2150 ex-

294 2173 432 2232 charistia
452 2187 556 2230 verum
579 2173 671 2228 licum
693 2173 722 2228 et
743 2169 897 2228 hominem
916 2167 1005 2226 latere
1027 2181 1089 2226 uon
1131 2173 1272 2231 cellentiee
1281 2173 1384 2232 christi
1393 2173 1532 2247 passione
1542 2187 1604 2230 uon
1614 2177 1676 2229 erat
1685 2173 1861 2248 hergarda,
1874 2177 1932 2235 sed
2064 2191 2067 2242 i

294 2257 401 2328 eredit3
416 2271 497 2316 assas
523 2255 670 2326 comedit,
694 2256 746 2328 qui
767 2253 886 2325 igneam
905 2252 1087 2322 charitatem,
1131 2260 1327 2316 tantumcaro
1341 2258 1404 2330 eius
1418 2255 1548 2316 infirma.
1566 2257 1718 2323 vicesimo,
1732 2257 1784 2329 qui
1796 2261 1933 2320 comedit
1974 2253 2033 2298 “a''

294 2359 356 2420 qua
377 2341 509 2402 Christus
532 2357 590 2416 pro
616 2339 704 2398 nobis
725 2343 819 2397 tostus
839 2343 898 2407 est,
922 2337 1090 2395 considerat
1131 2355 1254 2412 agnum,
1265 2357 1350 2399 renes
1363 2339 1513 2412 accingat:
1529 2339 1581 2414 quai
1592 2339 1722 2396 comedit
1733 2339 1881 2401 Christum
1895 2345 1932 2403 in
1946 2325 1989 2357 m.

294 2431 324 2487 et
342 2425 539 2504 amplectitur.
562 2422 694 2482 Christus
711 2423 807 2492 enim,
821 2424 856 2478 ut
871 2421 950 2481 cauit
966 2423 999 2478 ll.
1012 2420 1089 2481 'l'tro-
1131 2424 1321 2497 Eucharistia,
1332 2422 1487 2482 libidinem
1497 2428 1526 2480 et
1537 2421 1744 2482 delectationes
1756 2426 1853 2484 carnis
1866 2443 1932 2486 res·

293 2526 382 2574 mas:
1130 2509 1355 2582 tringatiaquit
1368 2509 1395 2566 S.
1410 2506 1575 2580 Gregorius.
1590 2507 1723 2564 vicesimo
1735 2511 1929 2580 primo,idem
1972 2502 2034 2572 Vm?

479 2629 511 2682 Se
523 2639 621 2678 racem
632 2625 695 2676 dedit
708 2623 808 2690 meina,
1130 2595 1227 2652 teneat
1239 2591 1396 2664 baculum,
1410 2592 1497 2666 quasi
1509 2591 1604 2651 viator
1615 2591 1739 2649 tandem
1750 2593 1781 2650 in
1794 2594 1903 2654 caelum
1918 2615 1927 2653 :
2001 2576 2033 2621 μ’
2065 2577 2068 2628 i

480 2699 628 2750 convescens
641 2695 666 2748 in
677 2695 794 2758 mutium,
1130 2680 1173 2736 est
1190 2677 1270 2735 enim
1287 2676 1468 2736 Eucharistia
1480 2675 1619 2734 viaticum
1632 2676 1885 2750 peregrinantium
1897 2687 1931 2740 et

479 2767 511 2820 se
522 2769 623 2819 moriens
636 2769 660 2818 in
673 2767 787 2832 petiam,
1130 2759 1339 2830 morientium
1353 2775 1474 2819 rursum
1494 2757 1601 2817 baculo
1621 2757 1674 2818 iter
1690 2766 1822 2833 peragat,
1834 2763 1869 2820 id
1882 2769 1929 2823 est

478 2837 510 2890 8⁶
522 2849 620 2901 retitui
632 2837 671 2888 (¹²²
683 2837 708 2887 1¹¹
721 2835 845 2900 eremitis
1130 2842 1218 2900 bonis
1232 2843 1374 2918 operibus
1386 2847 1415 2902 et
1432 2841 1587 2901 laboribus
1604 2840 1734 2914 insistat,
1747 2848 1776 2900 et
1788 2845 1820 2902 in
1833 2847 1930 2905 uirtu-

1130 2926 1210 2984 tibus
1225 2929 1343 2985 creseat.
1355 2927 1397 2984 lta
1411 2926 1448 2984 de
1463 2923 1618 2984 Ambrosio
1631 2931 1731 2984 narrat
1744 2928 1884 2988 Paulinus
1895 2931 1931 2990 in

174 3021 279 3072 oauee-
294 3011 466 3077 Duodecimn,
476 3009 502 3068 si
512 3009 588 3084 quid
600 3009 774 3068 remanserit
784 3025 822 3068 ex
834 3025 870 3066 eo
880 3023 976 3085 nsque
990 3025 1088 3084 mane,
1131 3013 1194 3081 ejus
1206 3012 1282 3081 vita,
1298 3027 1367 3068 eum
1378 3011 1442 3082 jam
1454 3009 1631 3066 moriturum
1644 3007 1684 3066 ab
1697 3011 1845 3071 lionorato
1859 3015 1932 3074 Ver-

174 3095 218 3132 ὓ*
293 3096 357 3171 igni
370 3093 575 3155 comburitur:
591 3093 758 3168 quiaquod
772 3092 809 3149 de
823 3093 928 3151 Christi
942 3094 1089 3168 mysteriis
1130 3093 1249 3151 cellensi
1272 3095 1435 3168 Episcopo,
1458 3091 1599 3152 divinitus
1618 3092 1752 3165 monito,
1774 3097 1931 3156 Eucharis-

293 3179 453 3251 intelligere
463 3192 524 3236 nou
535 3191 706 3252 possumus,
717 3177 854 3250 potestati
862 3177 985 3250 Spiritus
994 3177 1088 3236 Sancti
1131 3179 1200 3234 tiam
1210 3175 1932 3256 tanquamviatieumaceepisse.nunietsuhry-

293 3262 442 3322 humiliter
451 3275 651 3331 reservamus,
665 3259 762 3334 inquit
772 3264 800 3320 S.
816 3261 989 3334 Gregorius,
1003 3261 1086 3321 hom.
1131 3266 1306 3332 sostomum,
1319 3259 1372 3319 lib.
1386 3264 1425 3318 lle
1437 3261 1593 3318 sacerdotio
1606 3281 1615 3316 r
1630 3261 1800 3333 «Quidam,
1813 3263 1929 3339 iuquit,

187 3353 273 3428 naum
293 3349 329 3404 it
341 3353 372 3404 in
388 3349 517 3417 Eeiruyel.
533 3347 638 3403 Decimo
652 3349 753 3410 tertio,
766 3345 845 3401 totus
861 3359 958 3414 agnus
971 3345 1088 3403 comedi
1130 3347 1203 3403 mihi
1222 3345 1367 3416 narravit,
1382 3345 1435 3419 qui
1455 3344 1487 3402 id
1505 3345 1619 3403 rideret
1635 3349 1664 3402 et
1679 3345 1829 3417 audierat,
1842 3351 1930 3423 quod

174 3421 246 3464 “¹²¹'‘
293 3432 395 3491 debet:
407 3432 566 3504 quietctus
578 3427 710 3486 Christus
723 3443 793 3486 eum
806 3427 1037 3504 omnibusque
1051 3431 1087 3487 da
1131 3433 1183 3506 qui
1198 3432 1235 3488 do
1249 3432 1304 3490 bac
1323 3432 1383 3490 vita
1401 3431 1554 3503 migraturi
1572 3432 1698 3502 sunt,si
1717 3434 1929 3506 mysteriorum

294 3530 330 3574 eo
342 3517 428 3574 docet
441 3513 583 3580 Ecclesia,
594 3511 674 3569 credi
686 3510 785 3581 dohet,
799 3527 854 3570 uec
864 3513 945 3570 ullus
958 3512 1029 3570 tidci
1042 3529 1089 3571 ar·
1130 3514 1303 3589 hujusmodi
1313 3533 1382 3575 cum
1403 3529 1480 3589 pura
1497 3516 1673 3574 couscientia
1690 3517 1799 3576 tuerint
1812 3520 1930 3594 partici-

185 3603 273 3651 nenne
293 3597 401 3657 ticulus
421 3597 502 3670 rejici
518 3598 625 3671 potest.
646 3597 754 3652 Decimo
772 3603 891 3666 quarto,
905 3597 961 3654 soli
977 3596 1088 3656 ltebraei
1130 3601 1351 3676 pce,spiritnm
1364 3600 1506 3673 adlaturi,
1524 3600 1563 3659 ab
1578 3601 1707 3673 nugalia,
1720 3601 1844 3662 illorum
1861 3621 1928 3663 cor-

176 3668 261 3726 quun
294 3685 323 3742 et
338 3680 525 3758 circumcisi,
537 3679 569 3735 id
590 3681 648 3748 est,
663 3673 817 3736 Christiani
836 3683 864 3736 et
879 3679 1036 3752 baptizati,
1051 3699 1088 3740 ex
1130 3700 1205 3760 poro
1214 3684 1372 3743 satellitum
1381 3701 1463 3744 mora
1474 3685 1651 3758 stipantibus
1660 3690 1781 3760 propter
1791 3703 1929 3763 assump-

294 3779 331 3823 eo
343 3761 518 3831 comedunt,
533 3765 561 3818 et
579 3760 632 3833 qui
645 3760 757 3833 pcccati
774 3763 953 3833 praeputium
973 3769 1088 3824 contra·
1130 3776 1194 3829 turn
1208 3770 1284 3827 illud
1298 3771 1527 3840 Sacramentum,
1539 3769 1608 3826 hinc
1621 3774 1699 3827 rocta
1710 3772 1740 3828 in
1754 3773 1864 3831 coelum
1876 3772 1930 3832 ab·

293 3848 352 3921 xit,
368 3845 456 3905 debet
472 3844 547 3902 illud
564 3841 787 3914 circumcidere,
802 3847 961 3916 antequam
974 3861 1010 3904 eo
1024 3864 1088 3906 res·
1132 3855 1311 3913 ducantur.»
1325 3855 1382 3910 llac
1401 3853 1439 3910 de
1461 3867 1550 3911 eausa
1564 3853 1744 3912 Eucharistia
1758 3871 1777 3913 a
1792 3856 1929 3914 Patribus

188 3939 273 3988 medua
294 3936 386 3991 catur.
402 3933 508 3988 Decimo
528 3933 642 4002 quieto,
661 3942 755 4000 ugnus
773 3928 890 3985 comedi
911 3929 999 3988 debet
1019 3949 1087 3992 cum
1130 3940 1252 3996 vocatur
1267 3937 1482 3994 «Pharmacum
1495 3935 1732 4008 immortalitatis,
1750 3957 1766 3992 n
1781 3941 1928 4013 quiaeJ'us

175 4001 260 4065 ΨΜ
295 4017 406 4092 azymis
418 4013 548 4089 panibus
558 4017 586 4070 et
600 4011 718 4070 lactucis
731 4009 909 4084 agrestibus:
924 4014 965 4071 sic
978 4017 1089 4072 llucha·
1130 4021 1235 4077 virtute
1249 4035 1311 4078 non
1324 4023 1439 4078 tautum
1457 4019 1690 4090 animabantur,
1705 4022 1800 4079 sedet
1818 4039 1928 4098 corpus

294 4102 375 4161 ristie
389 4115 458 4158 cum
477 4098 568 4157 animi
587 4097 731 4170 puritate,
743 4101 772 4152 et
792 4095 895 4153 dolore
911 4097 1088 4181 deponentis
1131 4121 1149 4160 a
1168 4107 1262 4163 morte
1279 4108 1413 4175 resurget
1429 4103 1468 4160 ad
1489 4103 1623 4175 gloriam.
1646 4107 1779 4163 Vicesimo
1793 4109 1927 4175 acuendo,
1940 4104 2025 4151 Vm

295 4185 441 4246 sumenda
454 4187 510 4252 est3
526 4197 645 4238 rursum
659 4178 763 4237 Christi
778 4180 876 4254 passio
897 4198 965 4238 enm
980 4199 1088 4255 inagna
1130 4190 1274 4246 catenatus
1288 4189 1341 4260 sit,
1356 4191 1388 4246 ut
1400 4203 1454 4263 per
1468 4188 1581 4261 lapides
1594 4193 1623 4246 et
1636 4191 1753 4264 spinas,
1767 4191 1801 4249 id
1814 4196 1861 4251 est
1872 4193 1928 4251 dii·
1939 4169 2019 4218 Μ

295 4271 401 4332 mentis
414 4267 541 4344 puritate
556 4269 585 4322 et
599 4264 825 4336 compunctione
839 4267 1019 4322 ruminanda
1034 4274 1086 4324 cst.
1130 4273 1274 4330 ilcnltates
1286 4289 1404 4345 omnes,
1420 4272 1566 4332 inoffenso
1579 4275 1655 4347 pedo
1670 4273 1700 4330 in
1715 4275 1826 4336 coelnm
1838 4293 1928 4352 peuc-

295 4347 1087 4416 AudiAmbrosinminorationeautellissamdieeucla:
1130 4359 1194 4414 iret,
1210 4359 1340 4415 Vicesimo
1362 4355 1460 4424 tertio,
1474 4371 1543 4414 cum
1561 4357 1746 4416 festinatione
1762 4361 1929 4420 comeditur
1963 4366 2023 4411 Μ-

299 4443 435 4509 «Quanta
445 4435 543 4497 cordis
553 4431 738 4502 contritione,
747 4435 775 4489 et
784 4431 985 4504 lacrymarum
996 4433 1087 4504 ionic,
1131 4455 1241 4510 agnus:
1257 4441 1329 4514 quia
1340 4441 1371 4496 in
1384 4441 1566 4499 Eucharistia
1578 4457 1640 4498 non
1652 4445 1714 4500 tam
1723 4445 1868 4517 quaritur
1879 4461 1929 4503 ro-
1939 4440 1970 4500 ²i²
1988 4433 2023 4470 “t

295 4526 408 4598 quamn
428 4516 590 4578 reverentia
608 4518 637 4572 et
656 4518 799 4585 tremore,
820 4522 933 4590 quanta
954 4518 1087 4589 corporis
1132 4522 1246 4596 luptas,
1257 4539 1349 4597 quam
1362 4523 1574 4580 nutrimentum
1586 4525 1700 4583 etvires
1715 4527 1755 4584 ad
1769 4526 1928 4587 laboresin
1940 4495 1972 4536 ω

295 4605 440 4670 castitate.
464 4605 553 4675 iique
576 4599 667 4658 &nimi
689 4601 831 4673 puritate,
854 4600 931 4657 illud
952 4600 1088 4658 divinum
1131 4607 1180 4663 vla
1190 4607 1237 4662 liei
1247 4606 1449 4679 perferendos,
1459 4610 1488 4663 et
1499 4607 1538 4664 ad
1548 4606 1927 4684 testinandnminpauiam

296 4694 326 4750 et
342 4689 457 4746 coeleste
474 4683 647 4760 mysterium
664 4684 875 4742 celebrandum
892 4687 951 4755 est,
965 4685 1088 4742 bomine
1131 4687 1288 4747 caelestem.
1307 4691 1437 4746 l'icesimo
1450 4696 1563 4762 quarto,
1575 4691 1765 4766 primogeniti
1778 4697 1930 4770 AEgyptio·
1962 4699 2027 4747 rmi-

291 4777 389 4854 llieus,
403 4771 455 4828 ubi
469 4785 538 4828 caro
552 4773 602 4828 tua
616 4769 647 4826 in
662 4767 781 4826 veritate
799 4767 939 4839 sumitur,
955 4768 1007 4825 nbi
1021 4783 1088 4826 san·
1132 4789 1211 4843 rum,
1222 4773 1294 4845 quia
1305 4773 1498 4843 deugnonon
1507 4775 1710 4846 comederunt,
1720 4780 1833 4835 mortui
1843 4783 1927 4838 sung
1939 4772 2028 4820 nque

297 4857 363 4930 guis
378 4859 446 4913 tuus
465 4855 496 4912 in
513 4855 632 4913 veritate
652 4852 782 4922 bibitur,
798 4851 852 4912 ubi
870 4852 994 4910 summis
1012 4851 1088 4922 ima,
1133 4857 1174 4913 sic
1188 4855 1241 4929 qui
1254 4855 1463 4914 Eucharistlam
1476 4858 1644 4929 neglexerit,
1654 4863 1749 4916 morte
1760 4865 1929 4936 aeteruape·
1940 4833 1967 4873 ‘³'

285 4937 434 5002 'humanis
449 4939 549 4997 divina
559 4940 742 5011 junguntur,
756 4935 810 4993 ubi
823 4936 906 4994 adest
919 4938 1089 4994 sauctorum
1131 4938 1212 4997 ribit.
1226 4939 1308 4997 Unda
1322 4939 1363 4996 ait
1379 4939 1524 5010 Christus,
1538 4943 1616 4998 loca.
1631 4957 1661 4999 rr
1677 4960 1684 4997 :
1703 4943 1795 5001 aliisi·
1804 4948 1931 5005 mandu-

297 5023 452 5100 praesontia
463 5021 648 5095 angelornm,
662 5019 715 5078 ubi
726 5022 760 5076 tu
772 5034 805 5076 es
818 5019 956 5076 sacerdos
965 5022 993 5075 et
1002 5017 1089 5075 sacri·
1133 5022 1266 5082 carcritis
1280 5037 1400 5080 carnem
1422 5022 1487 5080 Filii
1505 5023 1649 5094 hominis,
1668 5029 1696 5082 et
1708 5023 1846 5086 biberitis
1867 5031 1930 5102 ejus

298 5107 399 5169 ficium
409 5105 582 5164 mirabiliter
595 5107 623 5162 et
632 5099 839 5162 ineffabiliter?
849 5101 920 5170 Quis
931 5101 1020 5172 digno
1031 5102 1089 5159 hoc
1134 5107 1328 5178 sanguinem,
1340 5119 1403 5163 non
1418 5103 1565 5164 habebitis
1581 5105 1673 5163 vitam
1692 5107 1725 5165 in
1744 5110 1844 5170 robis.
1858 5131 1876 5168 a
1891 5115 1932 5172 lta

299 5190 472 5267 mysterium
491 5189 640 5249 celebrare
655 5184 766 5261 possit,
780 5183 837 5240 nisi
853 5188 888 5242 tu
905 5187 980 5244 bens
994 5185 1091 5244 omni·
1133 5205 1170 5248 aa
1185 5192 1213 5247 S.
1228 5187 1474 5262 Gregorio‚tieda
1485 5187 1587 5245 etaliis
1599 5187 1767 5268 lomense,
1783 5195 1931 5269 oncant,

204 5287 280 5346 idn
298 5281 404 5355 potone
414 5271 695 5337 cummunionem
705 5269 873 5344 munt»
885 5273 993 5330 decim
1003 5277 1089 5340 secto,
1134 5277 1164 5332 et
1175 5272 1297 5344 hibera,
1309 5270 1365 5332 lib.
1380 5272 1595 5344 voe-amplo,
1608 5285 1675 5346 cap.
1689 5287 1731 5332 rr.
