4194 6034
282 428 339 490 eet
767 426 1008 480 mehemeth
1025 425 1058 482 tn
1076 423 1235 495 suumin,
1253 438 1315 483 aar.
1334 427 1423 483 xxix.

284 543 399 596 errare,
421 525 501 590 ntur
523 537 616 598 quaer
641 529 840 597 εεςεοιειει,
863 527 981 591 ιιεεειει
1001 543 1075 584 uso-
1116 523 1692 602 ttanoctegttttagdalena,euipretndc
1706 519 1907 581 dictumeste

282 627 363 679 retur
377 610 469 682 idque
481 607 549 672 teon
565 606 674 680 laceb,
688 612 723 670 ιιι
733 609 844 681 pudori
856 613 885 668 et
898 610 1006 672 honori
1017 611 1075 668 hin
1117 612 1231 669 Christo
1241 631 1249 668 ι
1260 613 1348 668 uaria
1361 612 1505 684 optimam
1517 613 1633 681 partem
1646 607 1747 677 elegit,
1762 619 1830 678 quae
1843 617 1908 660 non

285 692 458 755 consuleret.
1117 694 1264 751 auferetur
1275 694 1313 752 ab
1325 709 1370 751 ea.
1383 695 1458 763 llrgo
1471 695 1615 766 tanquam
1628 694 1746 746 mortua
1757 686 1795 744 ab
1807 701 1908 743 amore

318 777 426 840 ὃειιιιιι
438 789 509 848 erge
522 778 577 844 est,
590 791 619 846 p.
633 775 662 834 ιι.
676 774 777 834 haban
791 792 800 832 ι
815 777 981 845 Transeunt,
996 792 1016 832 o
1030 779 1075 833 ta·
1117 778 1268 849 presentis
1281 777 1347 833 vita
1360 780 1388 836 te
1403 789 1523 848 separa,
1538 773 1612 830 sicut
1627 770 1741 844 sepulta
1754 770 1786 826 iu
1800 782 1909 826 monu-

282 856 352 927 eob,
362 861 474 930 septem
485 857 548 920 diss
558 856 623 920 testi
635 857 725 929 hujus
738 857 804 928 lias,
819 857 930 930 quibus
943 859 981 918 de
991 873 1075 916 more
1117 861 1232 927 mento,
1246 875 1308 916 non
1321 857 1432 915 habeas
1444 871 1546 914 curam
1559 855 1597 912 de
1611 853 1755 909 seculo.»

283 941 347 1012 ejus
359 939 667 1012 conticescamus
683 957 691 997 r
705 940 742 997 iis
755 941 880 1012 exactis,
893 941 1010 1000 nedem
1019 941 1075 998 tibl
1154 943 1187 997 Et
1199 942 1226 997 S.
1241 941 1377 1008 Thomas,
1391 941 1414 996 ll
1428 940 1461 1009 ll,
1474 939 1575 1006 Quart.
1590 937 1732 1004 Chlllllltl,
1744 937 1799 992 art.
1813 937 1841 1004 t,
1856 933 1910 990 do·
1928 949 2030 1010 omum·

283 1037 405 1096 quoque
419 1021 587 1093 nechaone,
601 1037 637 1082 ea
649 1027 747 1085 tamen
758 1022 840 1094 lege,
856 1027 887 1082 nt
899 1039 955 1096 pro
969 1039 1002 1080 εε
1016 1039 1076 1080 scr·
1117 1027 1162 1079 eet
1182 1023 1335 1080 lachetem
1355 1024 1428 1092 hies,
1446 1019 1478 1078 td
1499 1023 1542 1077 est
1560 1017 1839 1091 conumplationem
1861 1029 1910 1072 ac-
1932 1011 2021 1128 a

282 1105 346 1160 vias
365 1105 439 1162 mihi
457 1105 531 1164 alios
545 1107 657 1177 septem
671 1120 765 1164 annos
781 1122 789 1162 ι
805 1109 890 1178 turpe
904 1105 983 1162 enim
1001 1107 1076 1162 osset
1117 1105 1191 1162 tionl
1210 1105 1394 1178 precellere,
1414 1105 1505 1176 idque
1523 1102 1632 1176 probat
1645 1104 1712 1157 octo
1730 1097 1907 1158 rationibus.
1936 1136 2015 1180 ,aaa

283 1187 506 1259 etprobrosnnt
527 1187 603 1257 hirs,
617 1188 642 1246 si
658 1188 735 1246 intra
751 1188 814 1246 dies
832 1189 895 1259 ejus
912 1186 1076 1260 nuptiales,
1117 1190 1213 1245 Ριιιιιε
1226 1193 1278 1260 est,
1293 1179 1950 1262 «qutarincontemptetivaconvenittro-u
1983 1203 2029 1244 aa·

285 1284 417 1332 sororem
431 1271 494 1342 ejus
506 1269 749 1343 superinduceres
762 1271 929 1342 coniugm.
940 1269 1011 1326 ilinc
1025 1285 1078 1342 ap
1119 1271 1193 1327 mini
1205 1271 1370 1330 secundum
1383 1271 1415 1328 id
1431 1267 1514 1342 quod
1527 1267 1559 1324 in
1572 1268 1638 1342 ipso
1653 1270 1696 1323 εει
1709 1267 1865 1339 optimum,
1877 1263 1910 1320 ld
1933 1268 2016 1304 ’Μ

285 1357 369 1424 paret
380 1351 487 1409 testum
500 1355 527 1409 et
541 1353 710 1409 convivium
723 1352 855 1424 nuptiale
872 1351 924 1410 illo
942 1355 1077 1424 tempore
1118 1357 1177 1424 est,
1192 1353 1356 1410 secundnm
1375 1351 1567 1420 intellectum,
1579 1353 1608 1407 et
1626 1354 1760 1422 respectu
1775 1348 1910 1424 proprio-

285 1435 391 1506 agituri
409 1435 529 1498 solitum
549 1438 732 1507 perceptam
751 1435 834 1504 dies,
848 1437 882 1491 ut
899 1435 963 1505 jam
980 1435 1077 1506 agitur
1118 1449 1187 1490 rum
1214 1435 1398 1508 obJ‘eetorum
1423 1431 1662 1504 intelligibilium.
1679 1431 1821 1497 Secundo,
1838 1430 1910 1503 qnia

286 1531 340 1592 per
350 1521 418 1577 ιιεε.
432 1518 514 1578 Ιιιειιι
527 1517 692 1578 insinuatur
704 1517 794 1575 ludio.
808 1531 867 1586 ιιι,
878 1518 924 1574 lt.
1118 1519 1291 1590 potestesse
1306 1517 1400 1588 magis
1414 1515 1563 1585 continua,
1577 1529 1669 1588 quam
1682 1514 1785 1571 achra.
1801 1515 1909 1579 ratio,

168 1612 272 1658 vemas.
322 1602 368 1662 28.
383 1602 559 1660 nmnonrna
575 1613 755 1670 ιιιιιιειετι,
773 1601 887 1656 mansa
904 1613 991 1655 nuxrr
1008 1612 1078 1654 nro·
1120 1599 1191 1672 quia
1203 1599 1387 1673 praesancta
1400 1599 1601 1657 delectationis
1614 1597 1718 1654 adfert.
1732 1587 1860 1669 ttam,'nt
1871 1595 1912 1654 ait

185 1694 250 1741 raet
287 1697 354 1748 ιιιιι.
369 1683 498 1739 -Ειεει
516 1697 586 1753 ergo
606 1683 767 1754 tosapuus,
786 1681 859 1740 dum
877 1681 979 1739 asserit
993 1680 1078 1753 quod
1120 1683 1147 1738 S.
1164 1683 1359 1753 Augustinus,
1373 1697 1461 1739 serm.
1475 1683 1512 1738 te
1526 1683 1565 1736 lie
1582 1681 1677 1738 Verbis
1693 1681 1802 1736 ιιειιιιιιι·
1815 1700 1824 1735 =
1838 1682 1911 1737 Μει-

181 1757 260 1862 iffi
286 1764 377 1824 laceb
395 1765 550 1825 liachelom
568 1765 685 1822 duxerit
703 1768 771 1836 post
788 1763 951 1823 secundum
964 1767 1079 1835 septen·
1120 1765 1170 1821 the
1184 1764 1373 1834 turbabatur,
1388 1765 1476 1822 liaris
1495 1761 1680 1837 epulubatur.
1702 1765 1825 1830 onemo,
1839 1763 1911 1838 qnia

167 1877 212 1922 tem
227 1879 274 1934 μ,
287 1848 370 1910 nium
390 1848 553 1916 servitutis,
567 1847 675 1908 scilicet
696 1850 764 1919 poet
783 1843 1008 1920 quatuordecim
1026 1859 1079 1902 an·
1119 1847 1151 1903 in
1161 1849 1222 1908 vita
1235 1847 1461 1920 conmmplativa
1472 1847 1564 1903 homo
1576 1848 1620 1902 est
1633 1845 1728 1916 magis
1745 1844 1911 1918 sufficiens,

178 1943 261 1994 epun-
287 1945 343 1988 nos
358 1929 491 1990 alaeobi
504 1927 594 2001 tuga,
608 1933 636 1989 ct
651 1929 782 1988 adventu
793 1929 825 1984 in
838 1931 953 1998 haran,
967 1925 1077 2000 quibus
1120 1931 1263 2004 quonim
1276 1929 1467 2003 paucioribus
1480 1929 1601 1999 indiget.
1622 1929 1743 1996 Quinto,
1757 1929 1912 2001 quiscum

167 1999 275 2106 ”ciffi
288 2013 405 2072 servivit
416 2011 533 2082 habam
549 2025 620 2068 nam
635 2025 673 2068 es
688 2011 747 2070 hoc
761 2011 827 2069 loco
843 2013 871 2066 et
885 2009 1077 2082 sequentibus
1120 2015 1291 2088 templativa
1307 2018 1429 2087 propter
1448 2029 1479 2070 se
1498 2012 1645 2083 diligitur,
1665 2011 1760 2069 activa
1774 2012 1813 2069 ad
1828 2011 1912 2070 ahud

258 2091 264 2104 '
286 2099 383 2169 patet,
400 2095 485 2168 qnod
497 2093 588 2154 Jacob
608 2093 724 2150 duxerit
742 2092 897 2151 Rachelem
914 2095 982 2164 post
994 2107 1080 2150 exso·
1121 2098 1286 2154 ordinatur.
1304 2098 1401 2166 Sesto,
1424 2095 1495 2169 quia
1515 2094 1646 2152 consistit
1665 2095 1696 2150 in
1718 2095 1824 2166 quiete.
1846 2095 1911 2167 Sep-

287 2182 333 2238 tos
346 2182 458 2252 septem
470 2176 532 2236 dies
546 2192 564 2234 e
576 2174 766 2236 matrimonio
779 2174 847 2245 hiae,
859 2190 893 2232 ao
906 2179 1011 2248 postea
1022 2190 1079 2246 pro
1122 2183 1205 2245 time,
1219 2180 1292 2252 quia
1303 2176 1531 2251 contemplativa
1545 2178 1576 2234 in
1589 2175 1697 2250 divinis
1713 2176 1803 2233 rebus
1815 2191 1914 2233 versa·

287 2260 392 2317 endem
409 2259 542 2317 serviisse
560 2259 634 2316 aiios
653 2261 765 2330 septem
785 2271 890 2314 annos.
905 2257 986 2315 idem
1000 2261 1081 2329 patet
1121 2265 1179 2331 tur,
1194 2261 1289 2318 activa
1305 2261 1337 2320 ln
1355 2261 1504 2318 humanis.
1522 2259 1637 2326 Oetaea,
1658 2260 1730 2333 qnia
1747 2263 1790 2316 est
1810 2275 1914 2317 secun.

287 2359 324 2406 ex
338 2344 524 2404 contentione
535 2343 667 2401 ιιεειιειιε
678 2340 783 2398 ειειιιίε
796 2355 865 2398 cum
879 2340 929 2398 Lia
942 2339 1080 2398 iracunda
1122 2343 1196 2401 dum
1209 2343 1241 2402 id
1254 2343 1338 2416 quod
1354 2347 1398 2400 est
1414 2343 1509 2416 magis
1521 2343 1677 2415 proprium
1690 2342 1823 2414 homini,
1838 2343 1912 2400 scili-

288 2431 316 2486 ει
330 2427 482 2502 pariente,
497 2441 573 2484 vers.
587 2426 633 2484 ³l.
646 2425 687 2482 lta
699 2424 727 2482 S.
741 2421 956 2495 Hieronymus,
967 2426 1081 2494 Augus·
1122 2430 1167 2484 cet
1183 2428 1348 2484 meandum
1361 2423 1562 2496 intellectum,
1576 2445 1591 2479 ε
1608 2431 1662 2483 ete.
1676 2425 1771 2483 Satius
1785 2442 1855 2498 ergo
1869 2433 1914 2484 est

288 2511 382 2580 tinus,
397 2509 536 2567 Αιειιίιιιιε
551 2509 579 2562 ει
592 2506 652 2562 alii.
1121 2509 1466 2582 contemplantemvitem
1477 2508 1623 2582 amplecti,
1631 2509 1765 2584 damper
1773 2509 1912 2568 obedien·

195 2605 275 2654 ιιιειει
324 2595 515 2670 tropologice
524 2634 534 2663 ,
547 2591 655 2656 hachel
673 2596 703 2652 et
717 2592 768 2650 hia
782 2607 899 2652 sorores
915 2592 1081 2664 significant
1118 2593 1193 2651 tiam
1200 2591 1277 2662 licet,
1286 2597 1315 2652 et
1321 2592 1503 2661 charitatem,
1514 2607 1605 2664 quam
1612 2595 1746 2662 agentem
1756 2594 1869 2651 sectari.
1880 2595 1913 2651 ld

168 2673 234 2734 ‘lli'
243 2673 276 2716 θ’*
291 2678 440 2753 duplicem
450 2677 559 2747 vitam,
572 2675 682 2734 scilicet
698 2675 957 2749 corumptattvam
970 2680 998 2734 et
1011 2677 1081 2733 acti·
1123 2675 1206 2748 qnod
1220 2674 1320 2736 docuit
1332 2677 1360 2732 S.
1372 2675 1560 2746 Augustinus,
1573 2673 1626 2731 lib.
1640 2677 1696 2731 ltlil
1706 2677 1744 2730 ne
1758 2676 1840 2733 civit.
1851 2677 1913 2742 Det,

168 2731 277 2850 ῧξρἷξιῖ.
290 2777 368 2820 vam.
388 2763 499 2826 Primo,
515 2758 652 2816 ducenda
668 2760 711 2815 est
731 2757 798 2826 ιιι,
819 2757 851 2816 ιιι
870 2763 913 2815 εει
931 2758 1081 2816 laboriosa
1123 2774 1188 2832 cap.
1202 2773 1251 2814 xrs
1266 2775 1274 2813 ι
1291 2775 1306 2810 ι
1322 2759 1420 2816 Otium
1436 2757 1561 2830 (inquit)
1576 2760 1711 2814 sanctum
1724 2759 1830 2830 querit
1843 2759 1913 2815 oha-

168 2861 215 2902 va.
238 2852 276 2900 ιιι
291 2844 361 2916 (irco
374 2843 454 2904 enim
468 2840 606 2900 hebraice
619 2840 763 2911 signifieat
776 2841 835 2910 hie)
848 2845 877 2898 et
890 2841 973 2914 lippa
986 2860 994 2898 r
1009 2841 1081 2916 quia
1122 2841 1192 2897 ritas
1206 2841 1334 2898 veritatis
1347 2857 1354 2896 ι
1368 2841 1519 2912 negotium
1531 2841 1645 2912 jnstum
1656 2840 1777 2912 suscipit
1790 2841 1913 2898 necesa-

169 2911 253 2963 ⁸⁰²¹'⁸·
288 2927 410 2990 terrenis
423 2927 534 2986 intenta
547 2923 849 2982 etsoilioitaacvarie
862 2924 1082 2996 distraote,vita
1122 2923 1339 2995 tascharitatis3
1354 2937 1445 2996 qnam
1459 2925 1603 2980 εεεείεειε
1617 2923 1642 2978 sl
1655 2923 1756 2978 nullus
1770 2923 1911 2997 imponit,

289 3011 399 3079 activae
415 3008 522 3068 deinde
535 3005 658 3075 nachot,
673 3006 706 3064 id
717 3010 760 3064 εει
779 3007 862 3077 ovis,
875 3007 985 3064 scilicet
997 3008 1081 3080 quies
1122 3007 1318 3080 percipienda
1331 3011 1420 3080 atque
1433 3005 1582 3064 intuendae
1596 3005 1763 3062 vacandum
1783 3010 1826 3062 est
1838 3007 1914 3064 veri·

289 3091 563 3166 contemplationis,
586 3105 679 3164 quem
697 3093 800 3164 utpote
820 3091 977 3164 pulchram
1000 3095 1081 3148 tanto
1122 3090 1207 3162 tatio
1219 3093 1273 3147 ete.
1287 3088 1516 3159 «Felindomus,
1528 3089 1603 3146 aits.
1614 3089 1913 3159 bernardus,serm.3

289 3191 390 3236 amore
406 3174 547 3250 prosequi
563 3173 724 3244 debemus,
738 3178 851 3248 quanto
865 3175 955 3232 tseob
974 3175 1083 3230 amavit
1123 3173 1164 3228 lte
1175 3174 1315 3244 Assump„
1329 3177 1358 3230 ει
1371 3171 1458 3229 beata
1470 3187 1586 3245 semper
1597 3173 1795 3244 congregatio,
1809 3172 1862 3229 nbi
1875 3174 1914 3232 de

288 3261 452 3318 Rachelem.
466 3257 539 3316 Vide
551 3257 579 3316 S.
594 3257 777 3329 Gregorium,
789 3255 842 3314 lib.
856 3259 889 3314 Vl
901 3260 1000 3314 illorul.
1015 3273 1082 3330 cap.
1124 3257 1212 3313 bieria
1225 3257 1335 3314 llartha
1349 3255 1551 3329 conqueritur,
1563 3275 1577 3309 ι
1593 3259 1660 3326 ete,
1671 3255 1729 3312 hoo
1741 3259 1796 3326 est,
1807 3255 1860 3312 nbi
1870 3271 1914 3312 re·

287 3359 395 3414 uvrtt,
409 3345 439 3402 et
456 3342 485 3400 S.
499 3339 713 3412 augusteum,
730 3339 784 3398 lib.
799 3341 866 3399 llllll
883 3341 983 3397 Contra
996 3343 1083 3398 Foue-
1124 3355 1193 3396 rum
1204 3339 1372 3396 divinarum
1387 3338 1595 3410 contemplatio
1609 3339 1650 3394 ita
1661 3339 1800 3410 praevalet
1812 3353 1846 3395 ac
1861 3339 1916 3396 do·

289 3435 364 3493 tum,
377 3441 443 3500 cap.
458 3439 508 3484 ιιι.
525 3427 559 3481 nt
572 3425 599 3481 S.
615 3423 794 3492 bernardus,
807 3421 860 3480 lib.
877 3425 917 3480 lle
929 3423 1009 3479 Modo
1021 3425 1084 3479 bene
1125 3421 1269 3492 minatur,
1283 3427 1316 3478 ut
1330 3421 1366 3478 de
1380 3421 1432 3478 illa
1448 3421 1524 3478 aetio
1541 3425 1661 3480 externa
1677 3423 1768 3479 veluti
1786 3439 1916 3497 conque·

288 3510 399 3568 uiuendi
411 3509 588 3572 adsererent,
603 3521 669 3578 eep.
681 3521 732 3562 ιιιι
746 3523 754 3561 :
770 3505 906 3575 «sativa,
920 3504 970 3574 ait,
982 3506 1083 3563 vitain
1124 3510 1216 3562 ratur.
1239 3507 1432 3576 congregatio
1449 3504 1550 3562 letalis
1569 3513 1627 3576 est,
1641 3506 1673 3562 ln
1691 3522 1752 3578 qun
1771 3507 1859 3564 blena
1877 3507 1915 3564 de

289 3589 447 3650 laboribus
460 3589 550 3660 hujus
567 3588 673 3644 mundi
688 3589 746 3644 lieo
762 3587 868 3656 servit,
883 3587 957 3643 dum
971 3601 1084 3660 paupe·
1124 3589 1235 3646 Martha
1252 3589 1441 3661 conqueritur
1464 3605 1472 3644 ι
1495 3604 1531 3645 eo
1554 3588 1638 3661 qnod
1659 3589 1776 3646 nullum
1797 3593 1916 3662 tempus

289 3687 337 3734 res
350 3672 457 3744 pascit,
472 3670 591 3742 recipit,
609 3669 709 3736 vestit,
720 3667 831 3737 visitet,
845 3669 1025 3739 consolatur,
1039 3685 1085 3728 se·
1125 3672 1230 3742 blariae,
1243 3672 1276 3729 id
1290 3676 1332 3728 εει
1346 3671 1598 3745 contemplationi,
1611 3673 1708 3728 totum
1720 3669 1809 3728 rebus
1822 3675 1916 3729 exten

289 3755 377 3828 pelit,
390 3757 419 3814 et
432 3757 536 3812 caetera
549 3765 641 3822 opere
654 3749 861 3806 misericordiae
874 3749 915 3806 eis
926 3751 1082 3823 impendit.
1124 3755 1171 3810 nis
1185 3754 1384 3826 impendatur.

290 3840 325 3897 nt
343 3840 442 3896 tamen
463 3835 513 3892 lia
533 3833 578 3891 est
599 3831 739 3888 ioecunda
760 3830 791 3886 in
809 3830 895 3902 tiliis,
907 3833 979 3905 quia
997 3836 1084 3891 multi
1160 3837 1344 3910 symbolice,
1357 3838 1519 3896 nichardus
1532 3839 1570 3897 de
1584 3840 1611 3896 S.
1631 3839 1757 3910 victore,
1770 3836 1825 3895 lib.
1841 3839 1864 3896 lt
1878 3841 1918 3898 tie

292 3923 361 3981 sunt
375 3917 477 3988 activi,
493 3920 523 3974 et
540 3913 629 3990 pauci
643 3911 873 3986 contemplativi.
889 3915 997 3972 Rachel
1012 3931 1083 3974 vero
1124 3920 1270 3974 Duodecim
1279 3921 1459 3992 Potriarelr's,
1473 3921 1525 3994 qui
1533 3920 1701 3978 inscribitur
1712 3920 1854 3991 benjamin
1864 3925 1916 3978 ιιι·-

292 4004 374 4072 οιιε,
393 4001 442 4058 vel
461 4001 564 4059 videns
584 3999 763 4074 principium
777 3999 829 4069 (ιιι
845 3999 952 4056 Rachel
971 3999 1084 4058 dicatur
1124 4017 1191 4058 ner:
1205 4001 1345 4071 anachel,
1360 4001 1472 4076 inquit,
1486 4007 1530 4058 cst
1544 4003 1675 4060 studium
1688 4001 1852 4076 sapientia,
1866 4003 1917 4061 lia

290 4085 378 4159 quasi
388 4063 444 4146 ῑιἰι
462 4091 529 4146 nur
542 4099 594 4144 ruo
607 4083 679 4147 etet,
693 4079 798 4150 idest,
811 4081 884 4137 uidit
897 4083 1083 4155 messapiam)
1126 4083 1304 4140 desiderium
1313 4085 1447 4154 iustitioe3
1460 4083 1512 4140 sed
1524 4085 1728 4143 scimustaeob
1738 4091 1851 4158 septem
1865 4101 1917 4144 en-

291 4169 514 4240 interprctntur,
523 4165 595 4238 qula
606 4161 825 4235 contemplativi
837 4163 984 4237 simplices
998 4170 1026 4221 ει
1040 4165 1085 4221 in·
1126 4167 1171 4223 nis
1183 4183 1240 4240 pro
1254 4167 1377 4223 Rachele
1392 4167 1561 4238 servivisse,
1575 4171 1604 4224 et
1620 4166 1799 4225 videbantur
1812 4168 1839 4225 ei
1853 4169 1915 4228 dies

291 4255 430 4310 nemetes
451 4252 520 4308 sunt
539 4247 614 4306 sient
633 4261 720 4315 oves,
739 4249 768 4302 et
789 4247 828 4303 ab
849 4248 932 4304 omni
953 4248 1084 4306 tumultu
1125 4249 1213 4320 pauci
1224 4264 1285 4321 pree
1296 4250 1405 4305 amoris
1416 4250 1628 4322 magnitudine.
1641 4250 1718 4318 Quid
1728 4251 1918 4310 miraristss·

292 4332 392 4394 secuti
412 4329 515 4400 alieni,
530 4333 565 4388 ut
576 4329 632 4388 soli
645 4327 754 4386 dimum
772 4329 1013 4402 contemplationi
1031 4333 1085 4390 ad·
1126 4331 1260 4387 eundum
1271 4330 1505 4402 magnitudinem
1519 4333 1747 4405 pulchritudinis
1760 4337 1823 4393 erat
1835 4351 1918 4408 mag-

292 4416 435 4474 herentes
447 4454 457 4484 ,
471 4412 589 4471 videant
602 4411 689 4468 illum
705 4413 758 4483 qni
772 4412 812 4469 ait
828 4429 835 4466 ι
849 4415 909 4482 Ego
923 4429 990 4469 sum
1003 4415 1086 4486 prin-
1126 4413 1231 4469 nitudo
1252 4412 1427 4470 dilectionis.
1445 4414 1523 4482 Quid
1540 4415 1618 4470 enirn
1639 4416 1782 4488 sapientia
1799 4418 1917 4476 dulcius

292 4498 423 4572 eipinm,
436 4496 490 4569 qui
507 4498 536 4553 ει
555 4494 665 4567 loquor
684 4492 810 4550 robis.»
830 4493 864 4548 Et
883 4494 975 4566 paulo
992 4497 1084 4554 aute:
1125 4495 1308 4569 possidetur,
1328 4496 1477 4554 ardentius
1499 4497 1652 4568 diligitur-t
1665 4500 1727 4568 eJus
1745 4500 1836 4558 decor
1853 4517 1918 4570 om-

295 4583 365 4641 altn
379 4579 483 4651 utiam
496 4577 570 4636 nihil
584 4593 669 4648 egere
682 4576 786 4646 libeat,
801 4577 855 4633 sed
866 4577 1008 4649 despectis
1021 4593 1086 4635 om·
1125 4583 1327 4653 nemsuperat
1337 4580 1598 4652 pulchritudinem,
1610 4581 1673 4652 ejus
1687 4582 1792 4640 dulcor
1805 4583 1919 4642 excedit

293 4663 382 4722 ndens
394 4661 472 4722 curis
485 4661 596 4731 saculi,
607 4659 647 4717 ed
657 4658 817 4716 videndam
828 4659 933 4716 taciem
944 4661 991 4718 sui
1001 4661 1085 4718 Crea·
1127 4677 1247 4718 omnem
1264 4663 1447 4719 suavitatem.
1463 4665 1510 4718 list
1527 4663 1606 4719 enim
1622 4664 1782 4736 speciosior
1797 4666 1874 4737 sole,
1890 4672 1918 4725 et

292 4747 365 4805 toris
381 4746 499 4804 animus
512 4743 677 4802 inardescat
694 4758 703 4798 r
717 4741 760 4799 ita
774 4746 809 4807 ut
818 4743 882 4815 jam
896 4743 1010 4800 noverit
1023 4759 1086 4800 car·
1126 4761 1216 4818 super
1229 4759 1349 4804 omnem
1363 4744 1586 4817 dispositionem
1600 4744 1751 4803 stellarum
1763 4747 1823 4804 luel
1837 4765 1918 4806 ccm-

293 4829 340 4886 nis
356 4827 555 4902 corruptibilis
575 4826 695 4899 pondus
716 4840 784 4882 cum
804 4839 929 4882 moerore
950 4830 1084 4898 portare,
1125 4834 1238 4901 parata,
1251 4829 1397 4884 invenitur
1410 4827 1503 4900 prior.
1518 4828 1589 4884 ilino
1602 4829 1796 4901 quaerendum
1809 4835 1852 4890 est
1865 4849 1919 4891 eur

293 4912 422 4985 totisque
435 4909 587 4970 desideriis
600 4913 702 4983 optare
719 4907 899 4980 hymnidicis
912 4908 1085 4978 angelorum
1127 4927 1230 4968 omnes
1249 4910 1387 4980 conjugia
1406 4911 1463 4966 Liae
1483 4915 1634 4982 tantopere
1655 4912 1849 4986 exhorreant,
1864 4918 1918 4994 qui

293 4995 392 5056 choris
412 4995 569 5064 interesse,
587 4996 724 5066 appetere
746 4991 901 5048 admisceri
920 4991 1085 5053 coelestibus
1126 4991 1158 5049 in
1180 4994 1320 5065 amplexu
1341 4994 1449 5049 llachcl
1470 4997 1586 5050 tanturn
1608 4996 1766 5068 suspirant.
1790 4999 1919 5059 Perfecta

294 5077 425 5148 civibus,
443 5077 481 5134 de
501 5079 610 5134 nunna
630 5073 850 5147 incorruptione
872 5073 904 5131 in
925 5079 1085 5146 conspectu
1122 5073 1234 5147 justitia
1250 5076 1335 5148 J'ubet
1357 5075 1492 5132 inimicos
1515 5077 1655 5150 diligere,
1671 5085 1824 5156 parentes,
1846 5099 1918 5156 pro·

295 5155 732 5231 enneadecaeteridem:
749 5154 1088 5214 ostentastivavitaast
1125 5159 1191 5230 pria
1216 5175 1342 5232 quaeque
1364 5159 1547 5236 relinquere,
1567 5160 1648 5224 illata
1674 5163 1754 5222 mala
1774 5165 1919 5237 patienter

294 5242 465 5316 sepulcrum
478 5239 625 5298 secularis
638 5240 715 5308 vita,
730 5237 771 5296 ita
784 5238 1012 5311 contemplativa
1024 5240 1085 5296 vita
1125 5241 1219 5312 terre,
1240 5241 1371 5305 oblatam
1393 5243 1520 5314 gloriam
1543 5243 1654 5316 ubique
1678 5245 1836 5308 declinare.
1860 5250 1919 5308 Sed

295 5329 339 5385 εει
357 5327 585 5384 monumentum
599 5321 701 5383 active
716 5321 794 5381 vitae.
807 5321 853 5382 sd
867 5336 934 5384 evm
946 5320 1026 5382 euim
1039 5337 1086 5383 es-
1126 5323 1165 5382 ab
1178 5323 1268 5393 hujus
1284 5324 1390 5384 mundi
1407 5325 1590 5382 amatoribus
1602 5326 1678 5400 quid
1691 5329 1829 5401 stultius,
1843 5332 1919 5405 qnid

296 5408 453 5466 rendentes
465 5405 647 5480 sepeliuntur
661 5406 692 5463 in
706 5405 804 5480 qrriete
818 5405 1084 5479 mntemplationis.
1125 5405 1305 5465 laboriosius
1327 5421 1390 5463 esse
1412 5409 1586 5480 reputetur
1605 5410 1675 5468 ilinc
1701 5414 1744 5468 est
1770 5414 1854 5485 quod
1878 5413 1918 5472 ab
