4100 6024
257 366 277 426 (i
803 363 977 424 antonum
994 363 1114 424 SACRAE
1131 363 1336 422 SCRIPTURAE.

258 469 383 544 arnna,
397 471 503 532 aalma
515 465 779 536 immortalitatem,
792 463 973 539 libertatem,
985 484 1048 544 pm
1125 467 1234 528 Eadem
1254 471 1298 524 est
1315 467 1343 524 S.
1357 461 1619 534 clementis‚haati
1637 458 1711 520 Petri
1723 459 1842 522 contus
1853 463 1884 518 ει

258 567 329 623 nas,
341 555 463 627 praemia
483 557 636 628 creataque
656 549 758 606 amnia
772 552 882 620 tangit,
896 551 1002 606 certius
1021 553 1049 607 ει
1090 550 1220 623 alumni,
1232 551 1392 622 sententia,
1406 551 1496 622 Epist.
1511 549 1539 603 s.

259 637 382 696 solidius
402 651 492 710 quam
514 633 661 692 naturales
680 632 806 688 scientim
820 636 1048 708 persequuntur,
1126 639 1195 710 Quae
1212 638 1297 696 tertia
1319 639 1401 710 parte
1421 635 1458 692 de
1478 633 1679 690 incarnatione
1696 631 1884 706 quartantur,

260 731 368 792 easque
381 717 474 778 sicubi
488 717 638 786 aberrent,
654 715 685 772 tn
698 713 778 772 vlam
791 717 946 776 reducunt.
1090 720 1191 779 omnia
1209 737 1226 777 ε
1246 724 1375 796 quatuor
1389 715 1569 790 Sirogellis,
1583 729 1650 792 qna
1667 715 1758 772 vitam
1777 711 1885 771 Christi

196 841 201 853 .
296 799 383 870 Quod
400 803 438 858 ad
457 797 620 859 secundum
639 797 753 869 gratim,
767 803 795 854 et
813 801 930 856 tertium
943 797 1050 856 divini·
1090 803 1431 878 enarrant,deprompta
1451 804 1533 869 sunt,
1557 811 1625 873 quta
1638 799 1675 858 da
1692 795 1885 855 Sacramentts

248 879 326 944 'tatis
345 883 501 953 ordinem,
514 895 602 940 nemo
620 897 681 938 nan
698 879 778 938 videt
790 895 859 938 cum
875 883 907 938 lt.
921 881 1048 954 mama,
1089 887 1257 958 veteribus,
1271 901 1307 942 ex
1325 883 1467 954 Levittc03
1489 895 1558 958 quae
1575 883 1612 938 de
1634 879 1825 942 sacramentis
1843 877 1887 936 ie-

259 965 516 1042 haeapbilosophis
529 965 678 1037 incognita
691 961 780 1020 fuisse
793 965 992 1036 (cumnaturae
1004 963 1050 1022 lu·
1090 969 1136 1044 gis
1158 983 1259 1037 nava,
1282 983 1319 1026 ex
1339 971 1419 1026 Nava
1438 965 1623 1023 Testamenta
1645 963 1772 1038 sparsim
1792 961 1886 1038 petita

260 1067 329 1108 men
342 1047 578 1122 transcendant),
593 1053 622 1105 ct
639 1047 764 1106 sinebat
780 1047 974 1119 revelatione,
986 1049 1049 1106 sins
1091 1057 1169 1112 sunt.
1185 1055 1257 1124 Qun
1271 1054 1301 1110 in
1313 1051 1411 1128 prima
1424 1048 1561 1108 secundae
1575 1048 1613 1104 de
1628 1043 1830 1120 beatitudine,
1846 1045 1886 1103 da

142 1145 165 1190 s.
178 1143 248 1200 aas
261 1135 309 1193 ltei
322 1133 414 1192 serbo
429 1135 496 1192 sciri
506 1147 568 1191 non
581 1145 680 1207 posse.
693 1131 793 1188 uiden·
806 1145 893 1204 erga,
902 1135 936 1189 ut
946 1147 1049 1188 amnes
1091 1137 1205 1196 actibus
1216 1137 1372 1206 humanis,
1385 1131 1535 1206 phemio,
1547 1131 1729 1206 spontaneo,
1738 1127 1887 1204 passioni.

149 1209 242 1311 ⁸3¹3}
260 1230 359 1276 rerum
378 1217 497 1276 ordines
509 1231 593 1274 sacra
605 1213 752 1289 Scriptura
770 1213 1049 1285 ambiat,cmntbos
1091 1222 1168 1294 hus,
1182 1224 1303 1298 peccato
1315 1216 1469 1302 originali,
1482 1213 1590 1271 veniali
1599 1254 1609 1286 ,
1623 1209 1755 1286 mortali,
1767 1211 1805 1272 de
1817 1225 1887 1284 gra·

148 1327 240 1385 pronus.
260 1319 291 1359 se
304 1302 449 1371 insinuet,
464 1306 492 1358 ει
512 1299 597 1372 quasi
611 1299 658 1355 sol
674 1297 825 1372 sapientias
835 1295 933 1356 omnis
946 1296 1050 1354 verita-
1091 1303 1149 1376 ris,
1162 1303 1288 1374 meritis,
1299 1299 1449 1360 demeritis
1460 1301 1632 1368 mactantur,
1646 1297 1746 1364 unde,
1762 1309 1886 1370 quaeso,

260 1383 406 1444 tisradlos
419 1399 479 1442 ose
493 1379 650 1440 diffundat·
1092 1387 1149 1446 nisi
1170 1387 1221 1444 liei
1240 1385 1417 1444 revelatione
1436 1379 1593 1439 constanti
1606 1379 1677 1448 Quas
1700 1377 1732 1435 fn
1754 1375 1887 1438 monada

139 1479 197 1526 ma·
215 1484 248 1526 ur
295 1474 476 1542 Aristoteles,
497 1469 545 1530 vei
562 1469 698 1546 quisquis
718 1471 762 1527 est
782 1469 895 1539 auctor,
912 1465 991 1525 libra
1013 1470 1050 1525 ue
1092 1463 1585 1542 secundadefide,spe,charitate
1598 1461 1886 1540 dispensadarum

155 1543 230 1648 Ἥ
260 1559 372 1624 Munda,
386 1569 521 1632 quaerens
532 1554 606 1628 quid
620 1555 764 1611 sititensi
781 1553 861 1608 adca
874 1549 906 1608 in
917 1551 1032 1610 mundo
1040 1571 1049 1623 ,·
1092 1553 1182 1611 sacris
1195 1552 1306 1610 Litteris
1319 1549 1463 1618 nituntur,
1477 1551 1511 1603 ut
1524 1543 1621 1602 amnis
1637 1557 1741 1602 earum
1754 1543 1887 1601 intellec·

151 1614 173 1648 a
227 1635 233 1647 '
259 1643 371 1717 inquit,
385 1645 428 1698 est
441 1643 530 1710 naus,
543 1637 628 1712 qnod
639 1635 746 1694 innaai
761 1634 952 1707 gubernator,
966 1635 1050 1710 quod
1092 1641 1140 1694 tus
1151 1636 1191 1693 ad
1201 1636 1257 1693 ista
1266 1634 1322 1691 tria
1333 1631 1485 1700 referatur,
1494 1629 1535 1686 ait
1543 1629 1571 1686 S.
1585 1629 1776 1699 Augustinus,
1790 1625 1844 1685 lih.
1860 1629 1885 1687 ll

258 1727 290 1784 in
304 1742 392 1783 curru
405 1725 526 1796 auriga,
547 1723 577 1778 in
593 1722 686 1778 charo
704 1723 877 1794 praecentor,
891 1717 922 1774 ln
936 1717 1050 1777 civitate
1093 1722 1132 1777 lle
1145 1723 1276 1778 Doctrina
1286 1719 1453 1781 Christiana,
1466 1729 1532 1787 cap.
1542 1728 1589 1772 xi..
1611 1711 1798 1772 «Finisanim
1809 1728 1887 1786 praa-

259 1810 322 1880 lex,
337 1809 368 1865 io
385 1809 512 1865 exercitu
529 1805 689 1877 imperator
705 1819 713 1862 r
727 1823 742 1858 a
763 1803 820 1859 nisi
834 1801 917 1875 quod
939 1801 971 1858 in
991 1801 1050 1860 iliis
1093 1804 1186 1880 cepti,
1200 1803 1239 1859 ait
1252 1800 1424 1875 apostolus,
1438 1801 1481 1854 est
1494 1796 1619 1854 charitas
1633 1795 1671 1854 de
1684 1794 1773 1851 corde
1786 1810 1885 1869 puro,

258 1892 439 1967 principatus
451 1885 617 1945 laboriosus
631 1891 685 1957 est,
693 1884 881 1960 perturbatus
890 1889 918 1942 at
927 1885 1032 1943 anxius
1039 1903 1048 1958 ς
1092 1891 1121 1943 ει
1134 1886 1311 1943 canscientia
1324 1883 1415 1954 hona,
1429 1880 1523 1937 attide
1530 1895 1591 1936 non
1597 1877 1700 1936 ficta.»
1719 1877 1810 1934 «lide
1822 1893 1887 1936 non

259 1979 290 2034 in
306 1979 362 2032 ilco
379 1973 553 2037 incutimus,
570 1969 737 2028 liberrimus
756 1970 785 2024 ει
802 1966 1048 2028 ordinatissimus.
1092 1969 1194 2039 licta,a
1210 1985 1248 2026 en
1260 1967 1314 2025 tihi
1326 1965 1400 2024 fluas
1414 1965 1539 2034 sincera3
1555 1961 1755 2020 «conscientia
1769 1961 1884 2034 bona,s

259 2062 339 2116 idam
354 2057 461 2114 dixeris
477 2055 515 2112 de
529 2069 611 2111 sacra
624 2051 786 2125 Scriptura,
800 2065 868 2124 quar
882 2051 946 2108 aliis
960 2053 1050 2110 scien·
1093 2067 1130 2112 an
1143 2067 1227 2128 spes:
1238 2052 1320 2110 hona
1333 2047 1413 2108 anim
1425 2045 1603 2105 conscientia
1614 2051 1723 2122 sperat,
1738 2046 1817 2104 maia
1831 2047 1887 2104 da·

140 2155 197 2199 aaa·
214 2157 248 2198 ec
259 2144 306 2200 tiis
320 2142 382 2198 dux
389 2147 443 2210 est,
456 2139 520 2207 lex,
533 2137 670 2210 princeps
688 2139 717 2192 ει
734 2135 923 2192 moderatrix.
948 2135 1051 2209 Empe·
1093 2141 1204 2210 sperat3
1221 2133 1372 2191 «charitas
1392 2132 1429 2190 da
1448 2129 1538 2188 carde
1553 2145 1678 2204 pura,s
1694 2129 1885 2189 eocharitas.

146 2215 241 2286 tim·
260 2227 359 2286 docies
370 2237 453 2292 aera,
467 2225 588 2293 rogatus
601 2219 676 2294 quid
686 2222 761 2276 esset
773 2221 859 2289 Dens,
872 2220 1049 2291 respondit:
1094 2223 1164 2290 Qua
1182 2219 1221 2277 da
1235 2216 1364 2290 justitia,
1382 2213 1569 2283 tortitudine,
1585 2212 1758 2286 prudentia,
1772 2217 1887 2287 tempa-

140 2287 247 2381 ffflffi
261 2315 335 2367 heus
352 2313 397 2366 est
414 2307 529 2382 sphera
540 2301 863 2377 incomprehensibilis,
880 2303 965 2373 cujus
984 2317 1051 2360 cen·
1092 2305 1204 2373 rantis,
1218 2307 1248 2361 et
1265 2301 1346 2358 bisce
1363 2297 1485 2357 mnexis
1501 2295 1658 2354 dauthar
1676 2295 1783 2354 docent
1794 2296 1888 2356 Thea-

147 2397 237 2468 unaqaa
261 2399 338 2451 trum
360 2396 404 2449 est
424 2385 552 2462 ubique,
572 2383 806 2444 circumferentia
827 2399 987 2458 nusquam.
1005 2385 1051 2444 Sia
1093 2389 1171 2461 logi,
1186 2390 1251 2446 tum
1271 2391 1363 2448 tiosos
1380 2383 1518 2444 inliaoda
1539 2385 1568 2440 et
1587 2383 1793 2440 hemacorum
1807 2397 1886 2455 pra·

146 2458 248 2561 illibi,
261 2477 376 2549 roganti
388 2473 533 2550 quidnam
546 2471 583 2529 sit
595 2483 679 2529 sacro
691 2469 849 2544 Scriptura,
861 2471 939 2527 recte
952 2469 1048 2530 dicas:
1093 2472 1183 2546 ceptis
1194 2468 1400 2544 judicialibus,
1415 2467 1527 2542 quihus
1536 2465 1586 2537 111⁸
1598 2464 1706 2537 tui(1¹¹⁰
1720 2463 1807 2535 ditiis
1820 2471 1887 2524 mm

141 2531 230 2637 ”2112ss
261 2561 380 2635 Spbrera
394 2563 437 2615 est
454 2555 616 2629 disciplina
629 2551 951 2626 incomprehensibilis,
966 2553 1051 2626 cujus
1093 2557 1232 2615 Salomon
1243 2556 1275 2612 in
1284 2553 1455 2618 Prmerbiis,
1464 2551 1635 2614 Ecclesiaste,
1643 2548 1806 2620 Sapientia,-
1820 2550 1887 2606 tum

259 2649 392 2703 centrum
413 2643 456 2699 est
476 2638 605 2712 ubique,
625 2634 858 2695 circumferentia
876 2651 1049 2710 nusquam:
1095 2638 1309 2698 Ecclesiasticus
1319 2632 1621 2710 complectitur:inde
1631 2632 1811 2703 scriemrest
1825 2632 1887 2689 dic-

258 2731 308 2786 Dei
326 2726 406 2785 enim
424 2723 553 2781 verbum
571 2723 615 2779 est
634 2721 782 2797 Scriptura
802 2723 1051 2790 sacrationem
1092 2727 1153 2794 tus,
1168 2721 1255 2796 quasi
1268 2719 1365 2791 dicas,
1381 2718 1479 2776 omnis
1491 2717 1594 2774 virtus.

258 2811 364 2869 mentis
386 2811 493 2865 nostra
510 2805 638 2862 verbum
654 2807 782 2861 mentem
802 2803 1050 2882 ipsum,ejnsque
1128 2811 1214 2868 Sacra
1229 2807 1309 2865 enim
1325 2805 1473 2882 Scriptura
1486 2805 1561 2861 siaa
1576 2799 1801 2877 SpirituSanota
1814 2819 1886 2863 aan-
1945 2813 1985 2857 aa.

258 2909 344 2951 sensa
366 2891 467 2949 amnia
486 2888 574 2946 refert
586 2907 594 2945 ι
607 2887 647 2946 ita
664 2889 692 2945 S.
711 2888 859 2961 Scriptura
880 2889 986 2947 mentis
1007 2890 1051 2948 di·
1093 2891 1179 2951 cinna
1197 2895 1333 2950 contexta
1352 2895 1412 2960 est,
1431 2893 1464 2946 ut
1484 2887 1625 2945 omnibus
1643 2887 1733 2958 iacis,
1747 2890 1886 2964 tempori·

257 2979 334 3035 mam
347 2977 487 3045 Verbum,
503 2976 533 3031 in
548 2987 613 3030 sesa
627 2973 760 3044 unicum,
773 2977 802 3028 et
813 2972 915 3030 divino
924 2973 1051 3033 intellec·
1093 2975 1165 3046 hus,
1178 2973 1329 3050 personis,
1341 2971 1581 3042 difficultatibus,
1595 2971 1747 3046 periculis,
1761 2973 1885 3045 morbis,

257 3062 300 3119 tui
313 3065 341 3119 ει
361 3058 523 3132 cognitioni
541 3057 627 3131 quasi
644 3057 833 3131 adaquatum
849 3058 925 3130 (quo
943 3057 1051 3116 scilicet
1093 3058 1180 3117 malis
1194 3057 1355 3132 pellendis,
1370 3055 1457 3114 banis
1471 3052 1666 3126 acaemandis,
1681 3055 1831 3114 erroribus
1839 3057 1887 3128 jn·

257 3161 303 3216 se,
318 3159 365 3201 res
379 3157 497 3212 omnes,
512 3141 659 3198 naturales
672 3145 701 3199 ει
713 3141 960 3214 supernaturales,
976 3145 1050 3200 heus
1094 3141 1247 3214 galandis,
1261 3139 1450 3212 dogmatibus
1469 3137 1648 3209 statuendis,
1662 3138 1818 3196 virtutihus
1840 3139 1886 3198 in-

256 3243 319 3285 uno
337 3226 443 3284 mentis
462 3225 552 3282 cernit
569 3227 599 3281 in
616 3223 697 3296 ictu),
711 3223 851 3297 exprimit
862 3225 1010 3300 permulta
1022 3231 1050 3285 et
1093 3225 1240 3295 serandis,
1260 3223 1337 3283 vitiis
1357 3221 1569 3299 propulsandis
1585 3237 1648 3280 sese
1665 3223 1885 3296 accommodet;

255 3309 354 3380 varia,
369 3313 403 3366 ut
420 3309 526 3365 mentis
542 3312 649 3365 nostrae
667 3309 828 3380 angustiis,
843 3325 911 3382 quaa
928 3311 1050 3368 unicum
1093 3315 1127 3367 ut
1137 3311 1242 3367 merita
1255 3309 1283 3366 S.
1296 3307 1419 3365 Basilius
1437 3321 1503 3364 eam
1518 3303 1642 3364 officinae
1653 3305 1883 3366 instructissima
1896 3317 2015 3374 mnam

257 3393 333 3450 iilud
346 3392 545 3449 vastissimum
558 3407 620 3448 non
632 3391 725 3464 capit,
736 3396 833 3449 totum
846 3391 983 3467 quidem,
997 3394 1050 3451 sed
1093 3395 1260 3468 comparet,
1283 3405 1351 3466 quae
1369 3391 1487 3463 omnia,
1503 3393 1530 3447 ct
1549 3391 1646 3448 omnis
1665 3392 1778 3462 generis
1796 3393 1885 3467 phar·
1897 3385 1931 3424 ⁸²²
1948 3381 2015 3437 ιω

257 3475 403 3532 frustatim
425 3473 510 3547 quasi
536 3473 654 3546 pueris,
675 3489 729 3547 per
754 3475 850 3530 varias
877 3477 1049 3548 sententias,
1093 3491 1178 3534 macc
1190 3474 1347 3550 quibusvis
1360 3473 1474 3532 morbis
1486 3473 1672 3548 suppeditat—2
1683 3473 1722 3532 fta
1732 3475 1884 3550 nimirum,
1905 3453 2006 3548 ᾚῗ

259 3557 413 3630 exemplo,
426 3555 633 3614 similitudines
653 3556 762 3613 sensim
776 3557 898 3628 ingerat.
913 3559 999 3632 atqui
1013 3575 1050 3616 cx
1093 3563 1127 3616 ut
1139 3575 1177 3616 ex
1188 3573 1224 3617 ea
1235 3557 1371 3626 Ecclesia,
1385 3557 1459 3616 dum
1470 3561 1605 3632 tempora
1615 3562 1698 3615 erant
1713 3559 1884 3633 ltartyrum,

258 3643 316 3698 hoc
330 3639 436 3698 deinde
450 3640 536 3713 quasi
547 3639 636 3710 mari,
651 3639 820 3697 scholastici
838 3640 919 3696 rivos
932 3643 1051 3698 conclu·
1093 3641 1223 3700 hauserit
1235 3641 1429 3700 constantiam
1443 3653 1528 3698 suam
1541 3645 1569 3697 et
1579 3639 1797 3714 fortitudinem
1813 3645 1886 3702 dum

258 3725 377 3782 sianum
387 3721 630 3794 theologicarum
642 3723 781 3779 oducunt.
795 3723 876 3779 Tolle
890 3725 1050 3781 aSchoias-
1093 3731 1228 3799 tempora
1245 3727 1422 3795 Doctorum,
1442 3723 1592 3798 sapientia
1613 3725 1740 3794 lumina,
1762 3726 1889 3786 flumina

258 3808 315 3864 tica
328 3809 355 3863 S.
370 3806 565 3879 Scripturanr,
586 3821 647 3862 nan
661 3805 871 3876 theologiam,
886 3805 939 3862 sed
957 3807 1052 3864 Philo·
1094 3808 1282 3882 eloquendam
1300 3807 1372 3865 dum
1383 3813 1517 3880 tempora
1524 3807 1742 3876 haredrornm,
1755 3809 1825 3868 fidei
1837 3810 1888 3869 ilr-

260 3890 396 3963 sophiam
414 3889 518 3959 dahis3
539 3887 734 3964 Philosophus
757 3889 829 3956 eris,
850 3903 912 3945 nan
930 3889 1052 3948 Theola-
1094 3899 1254 3965 rnamenta,
1268 3907 1403 3950 errorum
1416 3891 1616 3962 eversionem
1631 3889 1662 3948 in
1675 3895 1835 3967 prosperis,
1851 3911 1888 3952 ex

260 3972 636 4046 guszutramqueinaiccm
648 3987 754 4029 nexant
766 3975 868 4044 junge,
881 3970 1052 4032 ornneferes
1094 3991 1130 4034 ee
1150 3975 1284 4033 didicerit
1304 3973 1501 4032 humilitatam
1519 3978 1547 4030 et
1566 3975 1759 4047 modestiam
1783 3976 1814 4033 in
1835 3979 1889 4036 ad·

260 4060 403 4129 punctum
417 4061 446 4113 ει
455 4055 594 4126 theologi
608 4057 637 4112 et
651 4053 831 4129 Philosophi.
1094 4059 1205 4131 versis,
1223 4059 1511 4132 magnanimitatem
1527 4055 1559 4114 in
1572 4061 1673 4131 tepora
1683 4099 1694 4130 ,
1704 4061 1850 4118 fervorem
1859 4067 1889 4123 at

197 4181 203 4196 .
297 4145 336 4200 ita
351 4159 418 4218 quaa
432 4144 622 4216 primaparta
636 4142 674 4202 de
687 4144 735 4199 ilci
750 4142 874 4200 essentia
888 4144 917 4200 et
931 4143 1052 4203 attribu·
1095 4141 1297 4215 diligentiam3
1312 4142 1455 4216 denique,
1471 4140 1497 4197 si
1515 4140 1638 4213 quando
1656 4145 1699 4198 tot
1719 4142 1888 4204 labantibus

261 4229 316 4296 tis,
328 4228 364 4284 da
375 4226 631 4300 predestinatione
642 4270 649 4295 ‚
660 4225 698 4286 de
711 4227 846 4298 Angelis,
861 4225 899 4283 da
913 4225 1034 4284 homine
1041 4266 1052 4298 ,
1095 4229 1195 4292 annis,
1205 4227 1305 4296 senio,
1319 4223 1460 4294 maculis,
1474 4223 1565 4280 navis
1578 4223 1767 4297 deformatur,
1781 4243 1818 4286 ex
1832 4229 1890 4288 hac

261 4311 298 4367 da
310 4326 398 4384 apere
410 4309 938 4384 sexdierum(quodtotumextieaes.
950 4324 1052 4384 capr,
1095 4325 1214 4370 morum
1225 4309 1410 4383 perditorum
1423 4307 1646 4379 restitutionem,
1657 4314 1746 4384 atque
1760 4311 1890 4371 reditum

260 4394 384 4466 petitum
403 4409 466 4451 esse
479 4393 605 4468 liquet),
622 4398 820 4450 tractantur'a
841 4395 873 4451 1).
894 4393 1007 4450 Thorna
1025 4396 1054 4451 at
1096 4393 1136 4452 ad
1153 4392 1309 4466 pristinam
1326 4390 1499 4463 dignitatem
1520 4395 1549 4448 et
1572 4395 1681 4448 statum
1703 4393 1760 4451 sibi
1780 4395 1892 4454 adscis-

259 4475 455 4545 Saholasticis‚
465 4477 572 4533 hausta
584 4479 613 4534 et
625 4477 753 4534 deducta
766 4476 923 4534 suntexlis
932 4491 1000 4552 qum
1009 4493 1055 4536 sa·
1097 4483 1152 4536 cat.
1169 4477 1210 4534 lta
1227 4477 1256 4534 S.
1270 4475 1434 4534 bernardus
1447 4475 1477 4532 in
1490 4473 1542 4532 illa
1555 4475 1659 4534 Christi
1668 4477 1775 4552 verba,
1802 4480 1835 4538 Si
1846 4485 1892 4542 εις

261 4574 378 4617 ararum
398 4557 570 4617 litterarum
584 4559 761 4618 revelatione
774 4559 943 4618 didicimus.
958 4559 1053 4628 Quare
1095 4556 1426 4633 patrimonasterii,
1447 4559 1531 4616 aenda
1551 4564 1643 4616 amaia
1663 4577 1724 4633 qno
1745 4563 1843 4633 hoba,
1862 4573 1891 4624 at

262 4645 289 4701 S.
304 4643 478 4718 Dionysius,
493 4644 585 4716 digito
602 4643 750 4702 adfantes
767 4644 1054 4716 intenta,aoelestem
1097 4645 1134 4700 cta
1159 4645 1341 4714 paupertim,
1369 4648 1396 4699 et
1419 4643 1526 4700 habebis
1554 4645 1708 4702 thesaurum
1734 4651 1765 4704 in
1791 4652 1854 4708 cato
1879 4668 1890 4708 r

261 4742 346 4786 suam
361 4725 555 4786 hierarchiam
568 4727 609 4784 ita
625 4725 758 4784 orditur:
772 4727 836 4786 aad
850 4743 947 4785 sacras
960 4728 1055 4804 Scrip-
1100 4727 1193 4784 ailae
1200 4767 1210 4797 ,
1225 4727 1278 4797 ait,
1298 4725 1390 4784 verba
1408 4731 1477 4784 sunt
1490 4743 1558 4801 qum
1570 4732 1773 4804 contemptum
1785 4733 1893 4794 mundi

261 4814 342 4866 tures
363 4808 586 4881 intelligendas,
598 4814 689 4883 prout
707 4809 773 4866 filas
785 4827 805 4867 a
819 4810 952 4868 Patribus
971 4825 1054 4870 acce·
1097 4810 1129 4868 in
1147 4810 1287 4867 universo
1307 4809 1440 4880 mundo,
1456 4816 1485 4868 et
1500 4811 1698 4869 voluntariam
1717 4829 1892 4888 persuasere
1913 4829 1920 4846 ·

261 4894 361 4967 pimus
370 4893 564 4963 contuendas,
573 4908 629 4968 pro
638 4891 752 4949 viribus
761 4908 930 4966 pergarnus,
940 4895 968 4950 et
979 4909 1054 4968 quas
1097 4895 1893 4970 paupertatemhaeasuntquaamanachisclaustrara-

261 4975 305 5033 ilii
319 4975 406 5033 uobis
421 4975 469 5033 vel
482 4991 536 5052 per
552 4977 653 5046 signa,
666 4977 714 5034 rei
731 4992 785 5050 per
798 4977 995 5048 intelligentiae
1010 4993 1055 5035 sa·
1097 4977 1196 5051 plant,
1211 4978 1325 5034 deserta
1337 4979 1556 5036 anachoretis.»
1571 4981 1611 5036 ita
1620 4982 1647 5036 S.
1659 4981 1827 5041 thidentina
1839 4986 1893 5060 Sy·

262 5061 394 5119 orationis
404 5077 512 5118 arcana
522 5060 716 5130 tradiderunt,
725 5060 886 5117 caelestium
898 5060 1055 5133 spirituum
1098 5063 1197 5118 nodus
1210 5060 1342 5117 Ecclesia
1352 5061 1592 5119 reformationem
1605 5079 1623 5119 a
1636 5063 1664 5120 S.
1679 5065 1827 5139 Scriptura
1840 5084 1892 5126 ar-

263 5143 464 5203 dlstinctiones
487 5147 515 5200 et
533 5143 652 5202 ordines
662 5184 672 5214 ,
686 5143 717 5199 in
731 5147 875 5216 quantum
893 5157 1054 5216 passumus
1098 5145 1323 5217 ditur,totoqua
1336 5141 1433 5217 prima
1449 5145 1565 5202 decreto
1583 5149 1621 5201 iia
1638 5149 1840 5215 defunctione
1853 5151 1893 5210 ds

263 5226 460 5301 speculemur.
471 5247 485 5279 a
497 5225 525 5283 Si
539 5225 618 5282 enim
631 5226 757 5297 Angeias
766 5239 828 5282 non
837 5226 991 5300 pingerent
1002 5241 1056 5283 no·
1097 5241 1158 5283 una
1172 5226 1295 5284 lectione
1310 5229 1337 5284 S.
1352 5228 1506 5301 Scripturas
1522 5227 1619 5284 ubivis
1636 5229 1771 5287 focorum
1789 5233 1835 5290 vai
1847 5233 1894 5292 in·

263 5310 311 5368 bis
332 5327 422 5368 sacrae
444 5310 572 5378 Littera,
596 5309 663 5380 quis
685 5306 815 5381 apelles,
838 5309 905 5380 quis
930 5309 1054 5382 oculus,
1098 5311 1254 5381 stituenda,
1266 5311 1314 5368 vel
1326 5313 1575 5384 accomodatam
1586 5311 1709 5372 sollicita
1723 5316 1892 5390 quamtusa

264 5390 939 5466 quodacamenecsvestigandodettnccssett
1098 5395 1238 5469 precipit.
