4118 6042
662 295 904 356 conclaustrali
923 299 957 355 ΙΝ
976 297 1129 372 exeruit,
1148 315 1212 360 etr.
1231 303 1286 359 XV.
1741 303 1794 360 573

156 399 299 474 castigant
316 404 346 460 et
359 401 480 477 pulsant
493 419 561 462 cum
575 403 603 462 S.
617 403 720 461 Paulo.
742 405 784 462 lta
799 405 949 478 Origenes,
997 409 1067 472 mm,
1084 406 1115 464 id
1133 410 1177 465 est
1194 423 1311 466 amarae.
1331 407 1402 465 llinc
1421 409 1502 481 patet
1520 405 1602 464 hune
1618 405 1721 464 locum
1741 421 1796 479 per

156 487 316 559 Rupertns,
330 491 359 544 et
371 488 399 544 S.
414 486 587 544 Ambrosius
602 489 648 544 Ad
665 489 802 558 Vc'rptcer.
998 490 1237 563 anticipationem
1256 491 1356 551 vocari
1370 494 1452 548 Mora
1469 511 1477 548 ε
1492 490 1650 549 nonenim
1666 487 1797 548 vocaba-

30 573 143 624 vmar.
191 570 812 638 tl‚QnmuarrncrranarnrcnrszGrurxaus
821 574 950 630 Donum:
997 577 1046 632 tur
1059 577 1154 646 tlara,
1168 591 1235 632 cum
1248 577 1426 650 caprimum
1439 581 1583 635 venerunt
1602 575 1728 648 ilebraei3
1743 575 1797 632 sed

124 683 127 690 ·
156 657 952 738 ammosamaranrmmmsxsr.--llebraiceesttttnt
998 675 1016 716 a
1036 661 1131 731 llose,
1145 665 1305 735 postquam
1322 677 1415 735 aquas
1437 661 1500 733 ejus
1518 678 1634 720 amaras
1651 660 1795 734 gustarit,

158 718 225 801 tietb
237 741 371 796 oottctan
385 741 489 807 tatem,
503 739 535 798 id
549 745 609 811 est,
624 745 651 798 et
662 738 861 814 respondebat
874 740 950 810 illis,
999 743 1094 800 dictus
1108 748 1151 800 est
1164 746 1258 809 Marc,
1275 748 1307 801 ut
1318 744 1366 802 hic
1378 744 1493 803 dicitur.

157 821 267 880 scilicet
278 823 350 880 llosi
363 823 486 897 aliisquo
496 822 566 880 viris
579 823 681 897 (ratem
693 823 772 880 enim
782 827 825 880 est
838 838 952 880 mascu-
1033 828 1080 884 25.
1094 828 1148 895 Qui
1158 826 1319 900 (Dominus)
1331 842 1467 886 osrnrnrr
1479 845 1506 886 er
1519 845 1637 900 uranon,
1652 844 1729 898 ouon
1738 843 1795 886 cna
1809 833 1914 908 verare.

25 909 145 958 naeuo-
157 905 268 978 linum)
289 907 528 979 praecinentibus.
552 909 593 964 lta
614 906 756 964 llatcblns
779 910 807 963 et
829 905 951 964 liebraei.
1000 923 1122 967 nrsrsser
1140 926 1170 968 rx
1188 925 1294 982 roone,
1310 926 1339 967 ru
1356 926 1533 970 nuncnnrrau
1553 929 1647 972 rausa
1665 929 1745 972 surr.
1760 943 1796 956 -
1815 897 1908 950 nimum

32 972 146 1080 {iffi
158 991 239 1048 Unde
253 989 352 1060 Philo,
366 989 418 1046 lib.
433 993 472 1047 De
483 991 682 1062 Acriatttaro,
696 994 780 1064 putat
793 991 842 1047 hic
859 989 952 1046 iactos
1001 993 1138 1050 llebraice
1151 997 1204 1065 est,
1216 995 1310 1052 docuit
1320 1012 1379 1050 eam
1389 998 1493 1066 liquam
1500 1015 1510 1064 ,·
1522 996 1592 1054 hinc
1606 1003 1728 1070 apparet
1738 998 1796 1054 hoc
1822 959 1895 1064 Ἢ

32 1066 145 1146 vtmrbm.
158 1089 221 1131 esse
234 1075 311 1130 duos
327 1074 453 1144 choros,
467 1090 563 1132 unum
581 1075 757 1143 mulierum,
772 1073 896 1130 alterum
910 1072 953 1128 vi·
1000 1081 1112 1133 certum
1129 1076 1202 1147 ligni
1220 1094 1314 1148 genus
1331 1077 1440 1150 luisse,
1455 1095 1562 1136 arcana
1579 1083 1607 1137 ct
1625 1080 1749 1138 mirifica
1765 1080 1795 1138 vi
1808 1094 1875 1140 *ew
1888 1083 1911 1130 in

33 1160 49 1200 ἱ
70 1155 148 1200 ¹⁰¹¹*
158 1173 270 1226 rorum,
280 1173 317 1213 ex
330 1158 455 1214 adverso
470 1161 590 1228 stantes,
598 1162 626 1214 et
640 1157 759 1214 alternis
771 1157 952 1214 carminibus
1001 1160 1176 1216 dulcorandi
1188 1161 1358 1235 praeditum,
1368 1163 1530 1235 praesertim
1542 1163 1566 1219 si
1577 1164 1696 1236 copiose
1709 1163 1796 1238 aquia
1827 1144 1895 1188 ¹¹¹¹·

32 1229 96 1263 Μ·
158 1240 215 1298 sibi
235 1240 360 1298 invicem
378 1243 590 1314 respondentes
595 1260 604 1314 ;
618 1246 647 1298 et
665 1243 793 1300 Oleaster
810 1246 894 1315 putat
910 1242 954 1298 vi·
1000 1241 1227 1315 inspergeretur,
1242 1244 1377 1319 illudque
1392 1262 1441 1301 eas
1456 1250 1522 1303 actu
1536 1246 1716 1317 dulcorasse,
1732 1251 1796 1304 tum

158 1327 224 1395 ros',
237 1325 314 1382 licse
325 1325 517 1397 praecinente,
529 1325 662 1398 singulos
674 1326 778 1382 cantici
791 1343 893 1382 versus
908 1339 954 1381 ce'-
1000 1325 1180 1397 salsuginem
1200 1343 1237 1383 cx
1255 1327 1340 1400 aquis
1355 1329 1545 1400 exsugendo,
1559 1333 1624 1386 tum
1638 1331 1679 1386 eis
1695 1329 1796 1387 dulce-

158 1408 278 1480 ciniss03
296 1409 404 1466 deinde
418 1411 538 1467 llariam
552 1427 621 1466 cum
634 1409 751 1466 leminis
766 1410 806 1468 ad
820 1409 954 1480 singulos
1000 1408 1101 1464 dinem
1117 1409 1172 1465 sibi
1187 1410 1319 1466 innatam
1334 1413 1520 1484 suggerendo
1533 1430 1541 1468 t
1555 1411 1596 1468 sic
1608 1412 1686 1468 enim
1700 1412 1797 1486 glyce-

158 1508 260 1550 versus
272 1493 460 1566 respondisse
475 1494 654 1551 succinendo
668 1499 695 1549 et
713 1492 848 1550 iterando
864 1493 954 1548 inter·
1000 1491 1091 1549 rizam
1109 1492 1254 1550 hordeato
1263 1535 1272 1564 ‚
1286 1494 1334 1550 vel
1349 1510 1446 1568 aquae,
1462 1495 1621 1567 adpotum
1636 1495 1796 1553 dulcoran-

158 1576 253 1634 calarc
262 1576 320 1634 hoc
329 1593 449 1635 carmen
460 1595 468 1634 z
481 1578 657 1634 «Cantemus
669 1577 794 1632 Domino
806 1594 812 1631 ι
826 1574 952 1646 gloriose
1002 1575 1076 1631 dum
1090 1577 1232 1633 adhibent
1245 1577 1371 1648 medici;
1387 1577 1440 1634 sed
1453 1578 1543 1650 hujus
1556 1577 1630 1650 ligni
1648 1578 1737 1651 longe
1751 1579 1797 1636 ce·

157 1662 238 1719 enim
249 1660 455 1732 magnificatus
469 1665 521 1731 cst,
532 1677 643 1734 equum
655 1665 683 1718 et
692 1675 877 1717 ascensorem
891 1658 954 1730 ejus
1000 1657 1090 1714 lerior
1109 1663 1137 1714 et
1151 1659 1296 1716 efficacior
1313 1659 1369 1718 luit
1390 1661 1455 1732 ris,
1469 1676 1562 1736 quam
1580 1662 1617 1718 sit
1632 1661 1794 1736 glycerizoe.

158 1745 265 1817 dejecit
277 1745 308 1801 in
323 1761 414 1802 mare.
429 1765 443 1800 r
465 1745 541 1803 lllud
554 1745 633 1802 enim
648 1745 745 1802 solum
757 1744 804 1799 lric
818 1741 913 1800 Maria
927 1744 955 1798 et
1002 1743 1042 1797 lta
1056 1741 1221 1811 Cajctanus.

158 1829 334 1886 mulieribus
343 1829 482 1886 tribuitur
489 1829 567 1899 3boc
577 1829 656 1884 enim
666 1827 756 1884 fiebat
764 1827 796 1883 in
807 1827 872 1883 aliis
882 1824 954 1882 sub-
1037 1823 1108 1880 llinc
1127 1827 1259 1898 sequitur
1279 1826 1339 1882 vim
1362 1825 1439 1884 hanc
1462 1827 1639 1886 dulcorandi
1660 1829 1691 1885 in
1713 1829 1796 1900 ligno
1810 1839 1848 1883 vu
1865 1837 1916 1884 aar·

158 1913 228 1970 inde
243 1912 380 1983 canticis,
394 1917 427 1970 ut
440 1915 542 1971 rsarm.
557 1928 666 1982 cxxxv,
683 1912 791 1969 chorus
806 1909 930 1967 canebat
946 1927 953 1965 ι
1000 1907 1059 1964 hoc
1073 1909 1238 1966 naturalem
1251 1908 1358 1981 fuisse,
1373 1912 1470 1984 qualis
1488 1913 1572 1969 estin
1587 1913 1674 1969 melle
1688 1917 1716 1970 et
1729 1931 1798 1970 can·
1821 1902 1906 1946 ΨΜ

161 1995 370 2054 «confitemini
383 1996 519 2067 llomino,
534 1996 679 2069 quoniam
689 1994 799 2065 bonus,
811 1994 955 2068 quoniam
1001 1991 1048 2049 nis
1063 1993 1208 2064 sacchari;
1224 1993 1277 2050 sed
1290 1993 1379 2065 longe
1389 1995 1485 2066 major
1499 1999 1528 2052 et
1540 1995 1684 2053 efficacior
1698 1996 1753 2053 luit
1766 1995 1797 2053 in
1810 1966 1917 2080 {22¹2ss

159 2081 190 2136 in
204 2083 347 2138 aternum
361 2080 563 2138 misericordia
574 2080 676 2152 ejus,r
692 2082 720 2136 et
734 2080 873 2153 deinceps
886 2095 956 2152 pro-
1001 2075 1082 2146 ligno
1097 2076 1170 2132 boc:
1184 2075 1298 2134 sienim
1312 2093 1373 2134 una
1384 2083 1467 2150 gutta
1478 2079 1535 2136 olei
1545 2080 1663 2151 vitrioli,
1677 2081 1724 2137 vel
1738 2082 1798 2139 sul·
1810 2085 1854 2129 tuit
1875 2099 1916 2131 m-

159 2163 339 2238 sequebatur
352 2163 427 2222 alios
440 2180 543 2222 versus
558 2182 567 2221 :
582 2167 673 2222 coetus
686 2163 806 2221 veroad
820 2163 955 2234 singulos
1001 2157 1105 2232 pharis
1125 2159 1272 2233 integrum
1291 2161 1401 2218 vitrum
1421 2178 1506 2236 aquae
1532 2179 1618 2220 acore
1644 2168 1671 2220 ct
1692 2180 1797 2237 saporo
1818 2148 1906 2194 Μ*

157 2263 262 2306 versus
284 2248 453 2306 succinebat
475 2253 503 2306 et
523 2247 674 2323 repetebat
695 2265 702 2304 :
727 2248 901 2316 «Quoniam
922 2247 955 2303 in
1002 2259 1057 2299 suc
1071 2242 1179 2314 inficit,
1194 2243 1300 2317 quidni
1314 2244 1501 2303 idemlacere
1515 2247 1684 2319 potueritin
1696 2247 1799 2305 dulco-

159 2335 303 2390 aternum
316 2333 518 2390 misericordia
532 2333 604 2404 ejus.
620 2351 635 2386 e
651 2333 692 2390 lta
706 2335 734 2388 et
748 2330 956 2388 Genebrardus
1001 2327 1102 2384 randis
1123 2328 1209 2400 aquis
1229 2329 1287 2384 hoc
1305 2327 1422 2400 lignum
1442 2329 1650 2387 efficacissimae
1665 2329 1797 2403 virtutis,

159 2415 191 2474 in
205 2417 305 2473 Psclm.
324 2431 411 2476 nxrn.
714 2475 717 2482 ,
1002 2410 1090 2467 nobis
1105 2409 1172 2468 licet
1189 2411 1391 2484 incognitum,
1406 2414 1464 2470 Deo
1479 2415 1579 2470 tamen
1592 2413 1799 2470 notissimum?

195 2501 267 2564 llaec,
281 2503 422 2560 sententia
444 2501 531 2558 valde
548 2501 715 2576 probabilis
734 2504 777 2557 est
794 2517 801 2556 τ
816 2499 860 2556 illi
875 2499 955 2556 enim
1001 2493 1030 2551 Si
1043 2493 1160 2566 lignum
1172 2494 1239 2552 vite
1252 2495 1355 2552 innata
1364 2512 1419 2553 sua
1428 2497 1458 2553 vi
1471 2502 1587 2572 poterat
1599 2498 1714 2554 homini
1727 2515 1799 2577 pro-

160 2586 238 2644 teret
261 2585 460 2644 masculinum
477 2566 544 2650 nrtb
566 2587 665 2652 tatem,
692 2588 721 2642 et
742 2583 869 2640 verbum
899 2592 955 2665 wll
1001 2593 1106 2650 rogare
1119 2577 1418 2650 vitaminaeternum,
1428 2579 1534 2653 quidni
1547 2580 1664 2652 lignum
1676 2581 1801 2654 aliquod

161 2676 243 2734 teau,
265 2669 350 2744 quod
369 2667 490 2742 proprie
514 2668 660 2741 significat
680 2666 859 2742 respondere
869 2708 879 2737 ,
896 2682 956 2724 res·
1003 2663 1073 2720 dare
1094 2663 1188 2736 possit
1206 2667 1299 2734 Deus,
1311 2663 1397 2737 quod
1411 2663 1513 2722 innata
1530 2681 1585 2723 sua
1605 2665 1634 2722 vi
1651 2666 1801 2737 ingentem

161 2754 301 2830 ponsorie
318 2753 379 2811 sive
392 2753 558 2812 alternatim
572 2768 694 2823 canere,
706 2770 733 2825 q.
749 2751 778 2808 d.
793 2751 867 2807 Viris
880 2767 956 2824 pra·
1003 2762 1089 2820 aqum
1106 2747 1225 2822 copiam
1243 2747 1399 2806 dulcorare
1419 2747 1534 2822 possit?
1546 2749 1639 2823 ldque
1659 2753 1704 2806 sat
1724 2751 1801 2808 clare

162 2837 327 2897 cinentibus
338 2837 559 2912 respondebant
576 2841 604 2894 et
617 2835 809 2894 succinebant
820 2833 955 2904 icminm,
1003 2829 1148 2902 significat
1167 2829 1402 2900 Ecclesiasticus,
1421 2846 1487 2905 cap.
1511 2847 1634 2901 xxxrnr,
1653 2848 1729 2890 vers.
1753 2836 1772 2890 l
1791 2851 1799 2890 :

163 2924 251 2982 Maria
269 2921 355 2997 quasi
378 2923 452 2980 duce
473 2923 640 2994 praeeunte,
655 2924 683 2977 at
701 2919 859 2976 inchoante
876 2917 956 2974 idem
1006 2912 1210 2984 «altissimus,
1221 2912 1333 2986 inquit,
1347 2913 1457 2972 crearit
1470 2915 1507 2972 de
1520 2918 1597 2972 terra
1611 2916 1799 2989 medicinam,

162 3005 396 3080 carmen,quod
409 3005 501 3062 lloses
515 3007 544 3060 ct
557 3002 669 3060 llcbrai
682 3001 898 3075 praecinuerant
911 3018 919 3056 ι
932 2999 958 3056 si
1003 3000 1032 3053 et
1052 2996 1098 3053 vir
1119 2996 1253 3070 prudens
1274 3011 1337 3055 non
1358 2997 1528 3056 abhorrebit
1546 2998 1642 3069 illam3
1663 3015 1762 3057 nonne
1781 3016 1801 3058 a

161 3093 241 3150 enim
254 3093 377 3150 seorsim
390 3089 490 3148 aviris
502 3090 628 3147 chorum
641 3087 787 3156 iecissent,
799 3085 958 3142 etcecinis-
1002 3080 1086 3152 ligno
1106 3079 1258 3138 indulcata
1279 3084 1323 3137 est
1346 3097 1426 3156 aqua
1447 3083 1595 3139 amarat»
1615 3082 1723 3139 scilicet
1743 3084 1801 3141 hoc

162 3182 227 3238 sent
245 3176 379 3247 lemine,
396 3191 459 3232 non
478 3172 648 3248 repetiisent
670 3185 791 3228 carmen
806 3169 955 3241 virorum,
1003 3162 1071 3222 loco
1094 3163 1199 3230 modi,
1213 3179 1276 3237 quo
1297 3163 1360 3221 sine
1378 3163 1472 3222 dubio
1495 3163 1601 3221 alludit
1623 3165 1801 3224 Ecclesiasti-

162 3263 216 3322 eed
228 3261 310 3320 aliud
323 3275 480 3318 occurrens
494 3256 676 3315 cecinissent.
1004 3264 1075 3306 cus:
1091 3247 1224 3322 loquitur
1237 3249 1338 3305 autem
1350 3247 1414 3321 ipso
1427 3246 1465 3306 de
1479 3247 1606 3305 naturali
1618 3250 1799 3323 proprietate

197 3345 253 3404 Alii
266 3349 364 3402 tamen
374 3340 610 3418 putantllariam
622 3336 818 3397 cnmleminis
832 3337 957 3395 seorsim
1005 3337 1034 3389 et
1052 3331 1178 3403 virtute,
1193 3347 1285 3405 quam
1305 3330 1417 3388 habent
1433 3330 1549 3403 herbae,
1567 3331 1648 3404 ligna
1666 3336 1694 3390 et
1712 3335 1801 3406 phar-

162 3428 265 3489 ariris
278 3428 347 3503 (hoc
360 3425 439 3484 enim
453 3425 575 3484 innuere
588 3423 706 3481 ridetur
718 3425 745 3475 τὸ
758 3436 868 3492 carasco
882 3420 956 3494 suot)
1006 3431 1091 3475 maca
1108 3417 1148 3472 ad
1164 3415 1377 3473 medicandum
1395 3413 1579 3474 hominibus.
1594 3417 1635 3474 lta
1652 3417 1801 3490 lyranus,

162 3516 192 3572 et
207 3517 276 3589 post
291 3512 372 3570 viros
392 3510 531 3568 cecinisse
545 3508 622 3566 illud
634 3507 715 3564 idem
728 3520 848 3562 carmen
861 3507 957 3562 totum
1005 3501 1158 3572 cajetanus
1168 3504 1197 3558 et
1210 3499 1270 3558 alii.

162 3613 182 3657 a
198 3596 292 3673 capite
305 3596 345 3654 ad
358 3595 487 3664 calcem,
501 3592 585 3668 quod
598 3589 654 3648 viri
667 3589 834 3647 cecinerant
848 3605 856 3645 r
871 3588 912 3646 ita
926 3591 959 3646 ut
1039 3585 1116 3642 Licet
1127 3587 1159 3642 ll.
1171 3583 1322 3654 Salomon,
1335 3587 1365 3640 et
1375 3599 1413 3641 cx
1425 3599 1462 3640 eo
1473 3583 1628 3641 abulensis
1642 3599 1726 3644 secus
1737 3601 1803 3646 scn-

162 3683 251 3741 llaria
259 3681 357 3756 prima
368 3679 444 3737 illud
457 3677 603 3747 didicerit,
616 3675 664 3732 rel
675 3691 693 3731 a
706 3675 795 3744 Mose,
805 3672 880 3730 rela
895 3672 959 3746 Spi-
1003 3670 1076 3728 tiant
1091 3685 1099 3725 ε
1115 3671 1174 3726 lloc
1190 3667 1321 3741 lignum,
1335 3666 1491 3741 inquiunt,
1505 3671 1548 3724 cst
1565 3669 1693 3742 adelpha
1711 3669 1802 3743 vulgo

162 3766 220 3825 ritu
232 3767 336 3824 Sancto
350 3765 422 3839 (erat
436 3761 515 3820 enim
529 3759 746 3834 prophetissa),
760 3756 871 3830 illaque
883 3771 960 3830 prae·
1004 3751 1171 3824 nominata,
1186 3767 1253 3826 quae
1266 3765 1303 3808 ex
1315 3767 1346 3807 se
1360 3767 1463 3808 amara
1476 3755 1519 3808 est
1532 3755 1561 3808 et
1571 3752 1737 3826 mortifera3
1751 3771 1803 3812 vo-

162 3852 276 3910 cinenta
289 3853 401 3907 caterae
414 3843 675 3914 succinucrint,uti
688 3839 897 3900 inchorofieri
910 3856 959 3898 so-
1003 3835 1059 3894 luit
1081 3852 1153 3908 ergo
1174 3852 1239 3894 eam
1263 3839 1338 3893 Deus
1361 3834 1503 3893 adhibere
1523 3836 1564 3894 ad
1581 3837 1802 3897 dulcorandum

162 3935 212 3993 let.
225 3937 290 3992 llaec
299 3931 441 3990 sententia
452 3931 540 3988 etiam
554 3933 598 3986 est
610 3925 786 4001 probabilis.
1004 3937 1113 3995 aquas,
1126 3923 1159 3976 ut
1173 3937 1209 3978 eo
1220 3920 1316 3992 majus
1330 3924 1406 3977 esset
1416 3918 1609 3990 miraculum,
1621 3937 1683 3994 quo
1697 3921 1803 3980 amari-

6 4071 7 4080 ,
36 4025 104 4072 vm.
114 4025 150 4068 rr.
198 4019 244 4076 22.
258 4021 344 4075 Tnnrr
357 4029 451 4072 aaran
470 4015 581 4071 llorsrs
594 4015 693 4070 lenanu
709 4025 746 4066 nn
764 4025 835 4066 nani
848 4012 956 4067 Rnnno.
1004 4006 1078 4062 tudo
1094 4003 1157 4074 ejus
1172 4001 1288 4059 dulcori
1302 4001 1396 4074 magis
1410 4004 1453 4060 est
1467 4003 1631 4074 contraria,
1645 4008 1737 4078 utque
1752 4021 1802 4063 ex·

163 4131 200 4147 ..
217 4099 356 4172 «ΝΜ»
378 4095 516 4156 hebraice
529 4103 584 4167 por
602 4097 691 4158 tama,
708 4091 796 4149 idest
813 4090 961 4163 proficisci
1005 4086 1134 4160 pressior
1157 4088 1231 4141 esset
1253 4088 1344 4158 typus
1368 4084 1463 4141 crucis
1481 4089 1509 4150 el
1530 4085 1678 4159 passionis
1697 4088 1802 4148 Christi

163 4186 250 4258 lecit,
264 4182 373 4254 movit,
395 4179 497 4252 duxit;
518 4176 670 4247 «lsrael,r
693 4174 788 4232 idest
808 4173 958 4247 populum
1005 4167 1212 4238 amarissima,
1227 4167 1339 4241 dequa
1351 4181 1423 4226 mox
1436 4168 1545 4227 dicam.

164 4268 251 4330 lsrael
261 4311 271 4342 ‚
283 4267 362 4325 tilios
376 4263 483 4334 lsrael,
496 4265 570 4339 puta
581 4258 683 4318 tacohi
698 4261 843 4332 posteros.
857 4259 960 4318 Noster
1041 4257 1087 4315 Sic
1100 4255 1200 4314 Abbas
1212 4254 1350 4315 Besarion
1361 4254 1520 4320 ambulans
1530 4253 1615 4329 iuxta
1626 4274 1719 4330 mare,
1732 4275 1801 4318 cum

163 4356 307 4428 interpres
326 4348 419 4408 verbo
437 4349 520 4414 tulit,
533 4345 692 4421 providam
709 4341 796 4400 llosis
814 4357 885 4416 erga
907 4343 960 4400 lle-
1006 4341 1170 4416 discipulas
1183 4341 1246 4414 ejus
1258 4340 1347 4402 ltules
1359 4341 1468 4414 sitiret,
1482 4357 1572 4400 orans
1589 4342 1698 4400 salsam
1712 4345 1802 4402 maris

163 4439 260 4497 bracos
276 4451 396 4504 curam,
412 4431 500 4506 quasi
516 4429 619 4488 matris
637 4428 717 4486 tilios
739 4442 809 4485 suos
830 4427 898 4484 sinu
915 4425 960 4483 lo·
1005 4441 1116 4500 aquam
1129 4425 1161 4482 in
1172 4425 1293 4484 dulcem
1305 4425 1457 4496 convertit,
1471 4439 1533 4500 qua
1545 4425 1625 4483 sitim
1638 4426 1801 4501 discipulus

8 4581 10 4594 ,
162 4523 274 4592 ventis,
288 4515 461 4590 indicat3dc
474 4513 617 4589 quavide
630 4513 712 4570 Nam.
728 4526 770 4582 xi,
783 4511 829 4568 lt.
1005 4510 1152 4579 restinxit,
1174 4513 1208 4566 ut
1225 4507 1352 4566 habetur
1369 4506 1403 4566 in
1426 4510 1501 4568 Vitis
1522 4511 1650 4582 Petrum,
1664 4526 1730 4584 cap.
1750 4526 1802 4582 nr,

8 4639 11 4660 t
39 4609 106 4660 tm,
115 4613 150 4657 ar.
198 4607 244 4662 23.
258 4607 299 4662 Er
312 4615 425 4660 accessi
437 4613 508 4656 surr
521 4611 551 4654 ru
562 4609 709 4654 oasnrrun
723 4595 790 4666 Son,
801 4621 839 4638 -·
851 4593 883 4654 in
896 4609 959 4668 quo
1004 4607 1090 4650 num.
1104 4594 1167 4650 ele.
1182 4591 1276 4652 Simili
1288 4591 1433 4651 miraculo
1450 4591 1571 4650 Elisaus
1583 4607 1677 4666 aquas
1689 4593 1802 4651 steriles

9 4665 11 4677 Ι
164 4689 288 4762 angelus
301 4685 413 4744 invenit
423 4687 502 4755 Ager
513 4680 651 4739 ancillam
662 4677 788 4736 abraha
800 4680 958 4748 errantem,
1006 4676 1120 4734 sanarit
1132 4691 1186 4750 per
1197 4676 1257 4748 sal,
1269 4676 1356 4750 quod
1367 4676 1476 4734 siccare
1484 4680 1513 4733 et
1523 4680 1737 4750 consequenter
1747 4681 1804 4734 sto-

163 4774 239 4832 inter
251 4771 343 4828 Gades
356 4775 384 4827 et
396 4767 505 4837 Barad,
523 4766 588 4824 Gen.
604 4780 670 4836 xm,
680 4768 708 4822 7.
723 4765 765 4821 lta
778 4765 806 4821 S.
818 4763 961 4835 Hierony·
1005 4761 1072 4818 rilia
1090 4758 1340 4831 racerasoret,1v
1357 4760 1461 4832 Rerum
1478 4775 1517 4828 u,
1530 4761 1577 4816 20.
1595 4760 1703 4816 Verum
1719 4757 1802 4833 priua

163 4875 241 4916 mus.
255 4861 348 4930 Atque
359 4854 428 4911 hinc
442 4851 526 4921 forte,
539 4849 646 4908 scilicet
658 4849 697 4906 ab
709 4855 795 4922 Agar,
810 4847 960 4905 desertum
1006 4844 1092 4919 quod
1103 4842 1180 4915 dixi,
1196 4843 1293 4901 verius
1304 4847 1358 4902 est.

162 4942 222 5001 hoc
235 4942 313 5012 Acro
331 4940 486 4995 vocatura
499 4933 637 4992 Chaldaeo
653 4932 721 5003 hic;
739 4933 888 4988 desertum
900 4931 959 4987 hoc
1041 4927 1213 5000 Allegorice,
1225 4927 1283 4986 hoc
1293 4927 1410 4999 lignum
1420 4926 1567 4998 significat
1579 4927 1696 5000 lignum
1707 4927 1802 4987 crucia
1822 4937 1916 4995 argum

164 5028 219 5085 Sur
239 5025 298 5082 alio
319 5035 442 5097 quoqne
461 5017 583 5077 nomine
600 5020 723 5074 vocatur
740 5014 859 5083 Etbam,
874 5016 958 5074 Num.
1006 5011 1110 5070 Christi
1123 5029 1131 5067 z
1146 5010 1225 5068 illius
1241 5011 1321 5069 enim
1340 5011 1446 5068 virtute
1454 5054 1464 5083 ,
1478 5011 1624 5069 memoria
1636 5019 1665 5070 et
1678 5013 1803 5072 medita·
1816 4999 1856 5045 ¹¹⁰⁰
1876 4999 1921 5048 ‘¹¹¹²

164 5123 269 5180 xxxnr,
284 5111 311 5177 l,
327 5107 364 5164 de
375 5120 437 5180 quo
451 5102 513 5161 dixi
526 5117 591 5175 cap.
606 5098 898 5182 praeced.,vcrs.129.
1005 5096 1086 5154 tione
1099 5096 1211 5153 Sanctis
1227 5095 1325 5152 omnis
1339 5094 1427 5152 labor
1444 5099 1474 5152 ct
1490 5096 1579 5154 dolor
1597 5095 1747 5156 dulcescit.
1762 5099 1804 5156 lta
1833 5066 1904 5170 ἓξὲξ,

200 5194 240 5249 Ετ
261 5203 407 5248 rrxnnurr
425 5201 455 5244 nt
472 5188 565 5244 Mane.
583 5213 620 5228 -
638 5186 685 5240 Est
704 5182 768 5239 heac
784 5181 887 5254 quinta
904 5183 959 5240 lle-
1007 5179 1157 5252 Origenes,
1169 5178 1380 5250 lbeodoretus,
1394 5181 1554 5252 Nyssenus,
1568 5181 1724 5256 liupertus,
1736 5187 1805 5240 Am-
1822 5184 1916 5237 enirm,

165 5275 315 5334 braeorum
328 5271 443 5331 mansio
454 5271 486 5328 in
500 5271 626 5340 deserto,
640 5283 709 5341 qum
721 5266 800 5323 dicta
811 5268 855 5323 est
867 5265 960 5334 Marc,
1005 5263 1135 5336 brosius,
1146 5262 1201 5322 lib.
1214 5266 1254 5320 lic
1263 5264 1302 5319 iis
1315 5265 1366 5335 qai
1378 5268 1488 5336 myster.
1503 5266 1664 5332 initiantur,
1681 5281 1746 5340 cap.
1759 5281 1792 5321 nr
1815 5258 1923 5304 ΨΜ

166 5357 205 5418 ab
221 5358 416 5417 amaritudine
430 5369 594 5430 aquarum,
608 5367 677 5427 quar
694 5353 777 5408 erant
789 5357 890 5414 ntra
904 5367 963 5409 mo·
1006 5347 1132 5423 cyrillus
1156 5345 1217 5419 (rel
1235 5346 1336 5421 potius
1357 5337 1551 5406 Clictovae'us:
1572 5347 1620 5406 hic
1635 5347 1715 5408 enim
1735 5308 1802 5406 oeto'
1827 5307 1911 5354 m
