4100 6024
712 361 887 424 decoriati
905 362 1024 425 SACRAE
1040 363 1245 426 scultinna.
1775 367 1795 424 7

1 507 2 538 2
69 482 101 554 ²¹:
199 463 295 531 Quare
308 462 580 536 qnamntiiis,imc
594 466 757 524 nemesmia
770 468 956 541 sithacipsa
1000 469 1080 539 tegio
1094 471 1204 528 multos
1224 467 1370 541 infecerit,
1385 475 1415 529 ei
1435 467 1576 528 latissime
1589 484 1622 528 se
1642 468 1791 544 sparserit.

47 541 151 646 {mettim
162 545 192 602 S.
207 546 380 642 Litterarum
395 546 628 620 disciplinoiliis,
643 549 696 620 qui
707 551 836 608 nonsibi
847 551 903 609 soli
914 551 957 609 ri·
1036 554 1079 610 iii.
1096 553 1286 626 Dispiciamus
1304 569 1390 624 ergo,
1405 553 1490 628 quod
1503 542 1586 610 tertio
1600 554 1667 612 loco
1681 569 1791 630 propo·
1849 564 1884 609 rr.

47 615 143 707 aaz}
162 632 255 726 vani,
268 632 322 688 sed
334 634 401 727 yrias
418 646 540 705 quoqne
553 635 666 704 partem
684 632 810 690 aliorum
824 650 957 692 commo-
999 633 1087 693 sitom
1101 635 1166 706 init,
1180 649 1271 710 quam
1285 635 1383 692 incites
1397 637 1489 694 divini
1503 636 1619 693 codices
1629 636 1697 694 sint.
1707 640 1746 695 Ac
1757 641 1790 696 ut
1801 619 1854 722 ᾖξ’·
1877 635 1911 670 ¹¹¹·

9 797 14 808 .
50 738 138 797 araa-
163 713 211 770 dra
229 715 957 790 imperuuntur,maxi1naqueiis,quieacraris·
998 716 1125 774 broviicr
1145 719 1228 792 qnod
1249 719 1361 789 sentio,
1385 721 1528 792 quodque
1551 724 1679 778 munere
1700 722 1789 794 nitor,
1810 692 1913 797 seffl'

74 801 112 833 ¹¹²
161 800 234 892 nent
245 799 410 892 cathedras,
428 802 597 858 metaoanta
609 813 657 856 res
668 799 810 873 loquitur,
822 817 955 878 commu·¹
997 802 1368 874 praemiitam‚Soripiuram
1376 817 1488 858 sacram
1499 802 1630 875 profanis
1640 803 1789 878 omnibus,
1803 813 1831 845 ¹³
1857 803 1912 848 diffl-

159 895 269 953 msque
289 896 425 938 nmmum
447 883 683 940 Ecclesiastarum
704 884 898 940 consuetudo.
923 886 956 940 Et
998 883 1253 954 creciacensis,
1269 881 1414 954 Hebraeis,
1433 888 1462 941 ot
1479 884 1634 958 quibusvis
1653 887 1733 957 aliis,
1748 886 1792 946 in·
1811 862 1899 908 Μ’

158 978 232 1020 vero
245 979 308 1022 non
321 979 436 1038 nupera
448 965 512 1022 haro
525 982 533 1022 e
548 965 602 1038 qui
617 967 727 1022 ueteres
739 966 850 1036 voluit,
865 965 955 1038 longe
997 964 1115 1022 tellecta
1132 967 1227 1024 multo
1243 963 1439 1024 difficiliorem
1453 983 1516 1024 esse
1533 969 1690 1026 contendo.
1706 971 1739 1030 id
1752 985 1791 1030 an

157 1046 325 1122 pleniorem
343 1048 376 1105 in
398 1049 502 1123 priscis
518 1047 579 1107 illis
593 1063 746 1108 sacrorum
765 1047 955 1122 eloquiorum
997 1046 1037 1104 ita
1052 1063 1084 1104 ss
1096 1047 1221 1118 hebeat,
1235 1047 1400 1106 videamus.
1416 1049 1564 1124 Scriptura
1579 1066 1662 1108 sacra
1681 1055 1792 1112 aniene

159 1131 360 1203 cognitionem
373 1131 548 1205 perspiciet,
563 1134 591 1190 et
604 1146 701 1204 nsque
713 1147 749 1188 eo
767 1131 906 1202 uberem,
922 1136 955 1189 ni
997 1131 1158 1201 universis,
1173 1131 1308 1188 omnium
1327 1146 1488 1201 consensu,
1506 1135 1571 1190 tum
1589 1135 1689 1192 multis
1711 1136 1790 1208 aliis,

158 1229 239 1286 saepe
251 1229 350 1272 sermo
364 1229 469 1272 eornm
481 1213 591 1284 omnis,
599 1214 747 1287 Scriptura
760 1228 822 1271 non
835 1218 896 1271 torn
910 1213 955 1271 in·
997 1216 1060 1272 tum
1073 1213 1131 1272 hoe
1144 1213 1307 1284 antecellit,
1320 1213 1405 1288 qnod
1419 1219 1529 1272 caterae
1543 1230 1635 1274 unam
1649 1217 1792 1279 duntaxat

157 1297 262 1368 iarius,
271 1314 363 1371 quam
375 1299 522 1356 concinna
534 1296 677 1371 quapiam
689 1300 792 1356 ostem
804 1312 899 1355 nexus
911 1297 955 1354 vi·
996 1310 1056 1353 una
1071 1296 1186 1369 phrasi,
1200 1297 1264 1356 hac
1277 1301 1406 1370 quatuor
1419 1301 1453 1354 ut
1467 1297 1624 1356 minimum
1635 1300 1714 1360 dicat
1723 1317 1790 1362 een·

158 1383 280 1453 deatum
293 1398 391 1457 neque
403 1382 569 1451 mirabitur,
584 1382 609 1439 si
622 1382 779 1454 origenes,
793 1382 953 1453 antonios,
995 1380 1100 1438 tentiae
1115 1397 1123 1435 ε
1142 1381 1331 1453 nequeenim
1347 1380 1480 1436 solarum
1498 1395 1623 1450 vocum,
1639 1384 1692 1442 sad
1704 1389 1733 1442 et
1744 1401 1791 1446 re-

157 1466 336 1535 vincentios,
345 1465 511 1536 caerulaei
520 1464 643 1540 templa,
653 1465 680 1521 si
692 1479 775 1524 areas
788 1465 953 1525 tastamenti
995 1477 1064 1519 rum
1081 1463 1118 1520 iis
1133 1464 1330 1522 indicaturum
1346 1463 1437 1520 habnt
1454 1463 1712 1539 significationem
1727 1484 1790 1543 quo

156 1555 347 1622 nuncupatos
359 1549 471 1619 legerit.
995 1544 1044 1617 tit,
1057 1550 1090 1604 ut
1103 1546 1233 1604 litteralis
1247 1561 1351 1604 sensus
1359 1587 1369 1617 ,
1382 1546 1513 1604 historica
1531 1550 1583 1603 aut
1599 1547 1641 1608 rei
1655 1553 1790 1621 proxime

192 1639 335 1696 pmpgrg
348 1639 376 1696 s,
390 1637 557 1708 firmam,
570 1638 650 1696 xum
662 1638 775 1704 uma„
788 1636 953 1710 11501911.
995 1629 1093 1686 verbis
1106 1629 1197 1687 sacris
1220 1645 1366 1702 expressas
1390 1629 1612 1700 intelligentiam
1633 1632 1789 1693 exhibeat:

157 1738 230 1780 cuns
243 1721 320 1780 iilud
337 1720 420 1791 lobi,
437 1723 525 1778 Habet
538 1729 680 1792 eremium
693 1737 821 1780 cencium
840 1737 953 1778 suanam
995 1711 1282 1782 haecverohistoria,
1293 1717 1401 1771 autres
1411 1712 1526 1782 similis,
1536 1711 1619 1771 uliud
1630 1715 1790 1776 decbristo

155 1811 323 1880 percupio.-
340 1810 545 1877 «Argentum,
564 1804 677 1878 inquit,
698 1809 741 1862 est
759 1804 886 1878 eloquii,
904 1805 952 1864 vel
996 1796 1120 1854 homino
1134 1795 1292 1870 portendat
1305 1797 1491 1867 vaticinium,
1506 1795 1664 1870 allegorico
1679 1815 1769 1858 sensu
1778 1821 1787 1873 3

157 1891 309 1964 sapientia
319 1889 558 1959 mantuanense,
567 1890 595 1946 S.
606 1887 765 1961 Scriptura,
775 1903 809 1944 oc
818 1889 843 1944 si
852 1892 951 1961 aperte
994 1877 1077 1936 alind
1090 1878 1225 1937 moribus
1234 1879 1429 1939 informandis
1439 1880 1595 1950 idoneum,
1603 1884 1788 1956 tropologico

158 1975 237 2031 dicat
250 1991 260 2030 :
275 1975 332 2042 Qui
348 1974 388 2031 ad
405 1987 483 2031 nera
495 1971 713 2045 paredicationis
726 1971 817 2030 verba
831 1986 863 2027 se
876 1985 951 2044 prae-
995 1963 1196 2032 commendei;
1218 1963 1366 2037 ulliusque
1383 1964 1469 2022 tertio
1491 1979 1523 2020 se
1544 1965 1699 2036 porrigens
1708 2007 1718 2037 ,
1736 1983 1789 2040 per

156 2063 257 2133 peret,
272 2071 391 2116 necesse
410 2060 453 2112 est
467 2059 502 2113 ut
517 2068 673 2114 causarum
687 2055 816 2126 origines
829 2071 848 2111 a
861 2054 951 2112 sacris
994 2061 1150 2118 anagogen
1159 2047 1675 2118 coelestitSflcremesstuinfflnissmute
1684 2065 1789 2122 apecu-

155 2143 274 2217 paginis
291 2145 407 2210 mmm
423 2143 457 2197 ut
476 2153 564 2196 0an
586 2139 669 2212 quod
690 2139 834 2212 loquitur,
848 2138 887 2196 ad
908 2139 952 2196 di.
994 2127 1085 2186 bada
1098 2134 1257 2204 proponat.
1272 2133 1366 2204 Atque
1385 2144 1422 2186 ex
1439 2129 1519 2187 hisce
1534 2130 1584 2187 vix
1596 2145 1692 2190 unum
1709 2149 1787 2208 sape

155 2228 234 2284 rina
247 2224 428 2284 auctoritatis
441 2222 669 2281 tundamentum
682 2226 909 2295 revocabatque
920 2224 951 2280 in
994 2213 1158 2285 genuinum
1170 2227 1328 2288 assequare
1344 2231 1352 2270 s
1365 2213 1418 2286 qui
1431 2229 1502 2285 ergo
1518 2218 1578 2272 tres
1592 2219 1712 2273 caeteros
1725 2221 1787 2277 tam

156 2306 952 2377 mnmncinmiocuncnnsuessanensis.rugus
992 2295 1428 2371 iaciiitameritatapromittent

155 2395 236 2452 tinus
245 2395 284 2451 oct
293 2395 490 2450 Volusenum:
501 2391 575 2447 silio
583 2390 739 2450 salubriter
750 2395 778 2446 et
786 2405 879 2464 prava
888 2407 951 2450 eor·
1028 2384 1080 2451 Αῑ,
1094 2380 1226 2454 inquies,
1240 2380 1395 2437 histotitius
1408 2377 1576 2452 prepollet,
1591 2380 1672 2439 buno
1690 2398 1786 2445 nnrrm
1873 2423 1879 2436 -

154 2479 304 2550 figuntur,
316 2483 445 2549 pipam
452 2475 633 2546 nutriuntur,
643 2477 671 2531 et
681 2487 791 2544 magna
800 2473 951 2532 oblectan.
993 2479 1107 2539 quilllo,
1117 2468 1221 2538 satque
1235 2479 1304 2522 elim
1317 2480 1333 2520 Θ
1347 2462 1521 2522 scholastica
1529 2463 1649 2522 Velitaifl
1663 2469 1787 2541 0011]Ῑοἰο

157 2567 206 2620 nr
218 2561 355 2632 nanim
370 2561 419 2618 rue
435 2559 506 2616 nuic
518 2559 661 2617 accone
673 2557 811 2615 inimicus
827 2560 870 2613 est
887 2557 951 2615 ani·
994 2552 1022 2605 ei
1034 2548 1150 2618 metior,
1161 2549 1199 2606 ne
1212 2547 1388 2622 symbolice
1398 2547 1587 2621 retineatur
1597 2554 1787 2625 estnequam

157 2663 242 2714 mus,
258 2645 312 2718 qui
329 2645 377 2702 vel
390 2643 518 2701 mando
533 2656 599 2700 eam
612 2641 705 2702 nescir
717 2657 779 2698 esse
794 2639 952 2700 salubrem.
993 2631 1078 2691 facile
1092 2631 1189 2706 quivis
1199 2630 1329 2702 effingat,
1344 2647 1406 2689 non
1416 2631 1502 2688 anxie
1512 2630 1629 2689 laboro.
1643 2634 1698 2690 Sed
1708 2636 1788 2710 vide,

159 2746 252 2798 mam,
266 2729 314 2806 pal
329 2728 394 2784 odit
406 2724 577 2798 aegrotando
592 2725 808 2782 medicinam.»
966 2759 970 2768 .
994 2734 1032 2776 ne
1046 2717 1149 2775 similis
1163 2717 1355 2789 Neoptolemo
1373 2716 1419 2773 isti
1433 2716 1581 2787 Enniano,
1595 2718 1649 2789 qui
1664 2738 1679 2771 a
1692 2719 1789 2792 philo·

84 2877 86 2879 ·
192 2814 295 2870 Merito
311 2827 382 2884 ergo
403 2810 621 2884 deplorandum
640 2813 684 2866 est
705 2808 793 2866 eiiam
813 2810 871 2867 hoo
887 2824 952 2867 mvo
995 2800 1114 2874 sophaii
1128 2799 1243 2857 stavella
1256 2799 1383 2870 dicebat,
1394 2800 1445 2856 sed
1458 2798 1571 2871 paucis,
1582 2813 1652 2856 iiam
1664 2803 1788 2864 omili'iio

158 2892 953 2970 nnscr0,qnodsuisoecniihominihusvitiodatsuic-
993 2885 1076 2944 hlud
1085 2885 1242 2958 Plisselee‘
1253 2881 1790 2954 1¹⁰¹¹15110⁸¹1²Supel'flssi‘iiessuflThto·

158 2999 315 3055 mnymus,
329 2985 362 3036 (η
377 2981 483 3050 Pi'tllth.
495 2978 613 3044 stultat„
630 2993 700 3036 cum
715 2977 746 3034 in
763 2979 873 3034 caetepig
889 2993 952 3036 0111.
994 2971 1098 3041 logum
1112 2983 1194 3040 8888.
1208 2970 1281 3024 Nam
1295 2966 1455 3040 imprimis,
1468 2965 1553 3039 quod
1567 2966 1605 3022 ad
1620 2969 1789 3043 mysiissllm,

156 3066 248 3124 nibus
256 3064 370 3124 artibus
378 3063 462 3137 prius
472 3063 583 3120 discere
592 3060 728 3118 homines
736 3061 850 3118 soleant
860 3078 952 3136 quam
994 3056 1075 3113 hunc
1094 3052 1279 3127 precipuum
1297 3065 1360 3108 esse
1378 3049 1531 3122 Scriptura
1545 3063 1684 3120 sensum,
1699 3066 1788 3114 omne

157 3153 284 3219 docere,
296 3149 328 3204 in
341 3147 431 3204 sacris
449 3145 558 3203 Litteris
577 3145 683 3201 docere
702 3143 860 3216 plerosque
878 3145 952 3202 velle
995 3143 1079 3196 vetus
1092 3138 1307 3193 Testamentum
1320 3132 1464 3206 loquitur,
1479 3131 1564 3204 quod
1575 3133 1712 3205 proxime
1725 3138 1791 3210 qui-

157 3235 243 3308 quod
255 3247 414 3305 nunquam
427 3229 583 3288 didicerint
596 3245 604 3284 2
623 3228 724 3298 «sola,
739 3228 845 3301 inquit,
860 3229 953 3302 Sorip.
996 3225 1065 3279 dcm
1076 3216 1156 3276 iilius
1166 3215 1307 3291 temporis
1321 3220 1413 3286 gesta,
1424 3219 1476 3272 aut
1485 3215 1625 3285 gerenda,
1638 3219 1791 3289 potissime

157 3325 294 3376 turarnm
305 3332 354 3373 ars
366 3320 423 3383 eat,
437 3329 529 3394 qoam
542 3313 600 3370 sibi
613 3312 725 3386 passim
739 3327 842 3370 omnes
856 3313 953 3371 vindi.
994 3319 1066 3363 vero
1086 3300 1233 3361 Christum
1250 3297 1363 3373 ubique
1383 3297 1549 3372 symbolice
1569 3299 1715 3370 siguificat
1728 3319 1737 3360 ε
1752 3304 1791 3361 si·

157 3407 246 3472 cant,
261 3406 291 3458 et
309 3415 378 3458 cum
397 3413 483 3456 aures
501 3395 607 3471 populi
627 3409 764 3455 sermone
786 3396 951 3468 composito
995 3390 1065 3448 mile
1077 3387 1115 3444 de
1127 3384 1190 3442 aliis
1201 3383 1357 3455 judicium.

156 3487 325 3555 mulserint,
338 3481 489 3558 quidquid
501 3480 639 3549 dixerint,
653 3480 711 3537 hcc
726 3480 822 3551 legem
831 3481 884 3536 ilai
896 3496 953 3554 pu.
1031 3480 1071 3532 ao
1081 3469 1337 3547 quemadmodum
1350 3467 1501 3540 lonatbae,
1515 3470 1526 3526 i
1540 3470 1606 3541 ltep.
1617 3485 1683 3545 cap.
1695 3487 1743 3543 xx,
1758 3479 1791 3532 ut

157 3577 221 3630 tant
237 3589 244 3628 :
259 3585 314 3627 nec
326 3569 400 3625 scire
414 3566 589 3636 dignantur,
602 3563 677 3636 quid
691 3563 860 3636 Propheta,
878 3563 952 3637 quid
994 3555 1131 3618 familiari
1145 3569 1214 3634 ,rem
1227 3554 1304 3610 lianc
1320 3556 1487 3625 spectemus
1504 3552 1658 3626 exemplo,
1671 3555 1791 3626 signum

156 3654 293 3730 apostoli
309 3649 472 3720 senserint,
485 3649 538 3708 sed
552 3649 592 3706 ad
606 3663 727 3704 sensum
744 3661 834 3704 suum
851 3647 953 3705 incon·
995 3643 1074 3714 iuga
1086 3637 1187 3698 unrici
1201 3637 1323 3696 latenter
1337 3636 1476 3706 daturus,
1486 3635 1598 3708 jaciens
1611 3636 1744 3708 sagittam
1754 3656 1791 3698 ex

156 3755 234 3814 grna
246 3739 351 3814 aptant
361 3732 529 3792 testimonie
543 3747 550 3787 r
565 3731 652 3804 qnasi
664 3729 777 3800 grande
791 3729 837 3799 sit,
849 3733 878 3788 et
890 3744 952 3790 non
995 3724 1144 3793 condicto,
1156 3735 1343 3796 puerumque
1354 3735 1422 3778 eam
1434 3718 1714 3777 collecturumulira
1722 3736 1792 3794 pro-

155 3821 382 3881 vitiosissimnm
398 3815 526 3876 docendi
540 3830 648 3887 genus,
659 3815 821 3886 depravare
838 3818 953 3872 senten·
995 3809 1079 3882 gredi
1094 3804 1219 3880 jubens,
1237 3805 1298 3866 duo
1312 3801 1498 3875 significabat
1512 3820 1519 3858 :
1535 3803 1618 3876 prius
1636 3804 1788 3877 proxime,

155 3909 231 3976 tias,
244 3910 274 3964 at
286 3904 326 3964 ad
342 3902 527 3961 voluntatem
540 3914 625 3956 snam
645 3898 824 3970 Scriptorum
838 3898 952 3956 trahere
995 3899 1030 3952 ut
1041 3907 1117 3966 puer
1131 3889 1268 3959 sagittam
1279 3887 1407 3956 tolleret3
1427 3887 1553 3944 alterurn
1567 3887 1708 3942 remotim
1716 3928 1725 3958 ,
1737 3890 1789 3947 sed
1815 3894 1893 3942 &nne

154 3991 410 4065 repugnantem.»
421 3983 564 4042 Nimirum
576 3984 655 4038 tenet
666 3979 829 4037 insanabile
843 3980 953 4037 multos
996 3976 1080 4052 quod
1101 3973 1197 4032 mulio
1215 3972 1310 4042 magis
1328 3969 1464 4040 volebat,
1484 3969 1586 4026 [laridi
1608 3969 1717 4029 scilicet
1732 3972 1789 4032 bac
1800 3954 1909 4073 ffi‘yffl'·

156 4073 287 4133 docendi
296 4067 461 4137 cacoethes,
469 4064 602 4124 discendi
611 4079 734 4136 paucos,
748 4063 832 4136 isque
841 4077 952 4136 parvus
996 4075 1068 4119 voce
1087 4056 1259 4126 admonito,
1280 4055 1383 4127 lugam
1404 4071 1468 4112 esse
1487 4056 1698 4128 capessendam
1720 4075 1728 4113 ε
1748 4059 1789 4116 iia
1801 4080 1909 4136 tramp-

154 4173 337 4230 amorzqno
351 4154 399 4225 iit,
412 4156 523 4210 uisam
536 4149 626 4206 instar
636 4162 710 4204 cerae
722 4148 754 4205 in
766 4161 886 4205 omnem
900 4161 955 4221 gy·
996 4157 1119 4218 prorsus
1141 4139 1190 4197 hic
1216 4155 1279 4196 sese
1303 4153 1350 4196 ree
1373 4137 1479 4207 babet,
1507 4142 1609 4210 cstqua
1633 4139 1789 4198 historicus
1827 4141 1889 4187 nera

154 4241 517 4317 rentpnriem,iuomnem
524 4230 955 4306 mirabilimetamorphositra·
995 4225 1151 4302 Scriptura
1170 4238 1273 4282 sensus
1290 4221 1387 4294 prior,
1406 4220 1457 4277 scd
1475 4221 1617 4294 mysticus
1629 4221 1746 4295 potior-3
1762 4229 1791 4282 et

157 4329 270 4388 daoant
281 4324 422 4391 formam,
433 4334 527 4391 eaque
536 4333 591 4374 ceu
599 4315 769 4373 diuinorum
782 4329 955 4374 sermonum
996 4326 1034 4370 ex
1047 4307 1172 4378 boanti
1185 4322 1223 4365 ex
1235 4304 1298 4375 iilo,
1313 4304 1547 4363 valentissimum
1561 4304 1657 4361 trabat
1669 4307 1792 4365 Theolo-

156 4410 365 4479 aleatores,ut
376 4419 443 4462 sors
456 4402 567 4471 tulerit,
577 4401 693 4468 ludant,
704 4399 767 4455 vim
781 4399 808 4456 ei
821 4413 899 4472 saepe
913 4397 956 4456 ai·
998 4412 1055 4468 gus
1066 4391 1213 4464 dogmatis
1226 4390 1273 4447 sui
1287 4387 1454 4448 stabiliendi
1464 4393 1683 4460 argumentum,
1693 4393 1718 4447 si
1727 4393 1793 4466 qui·

157 4497 268 4566 ierant,
281 4489 412 4565 siquod
425 4489 458 4545 in
471 4485 589 4557 Virgilio
604 4499 666 4541 non
681 4484 790 4540 terrent
803 4483 910 4553 Poetae,
924 4482 956 4541 in
999 4480 1068 4537 dem
1086 4491 1154 4534 eum
1176 4489 1238 4531 esse
1258 4473 1422 4544 genuinum
1445 4476 1575 4542 constet,
1598 4473 1683 4530 sicuti
1702 4489 1739 4530 ex
1756 4491 1793 4533 eo

159 4581 275 4639 ahenos
290 4589 412 4642 unaue,
427 4574 532 4627 contra
549 4573 720 4625 sanctorum
740 4568 874 4637 Petrum,
900 4565 955 4622 Ca·
998 4560 1128 4620 Christus
1144 4556 1285 4614 Dominus
1299 4559 1328 4613 et
1347 4553 1479 4629 Apostoli
1495 4570 1573 4628 saepe
1594 4554 1793 4616 efficacissime

159 4678 292 4731 nonum,
305 4656 519 4724 conciliorum,
533 4650 693 4709 tridentini
700 4649 877 4725 prasertim,
891 4664 958 4719 gra·
999 4643 1197 4711 concludunt3
1211 4640 1258 4696 sin
1271 4655 1332 4696 non
1346 4641 1473 4709 constet,
1487 4636 1539 4696 sed
1553 4638 1728 4710 ambiguum
1741 4641 1793 4714 sit,

159 4748 282 4805 amima
299 4743 418 4800 decreta
434 4738 646 4810 distorqucant.
664 4737 700 4790 at
714 4733 794 4790 unde
813 4731 876 4788 brec
893 4747 959 4789 om·
999 4741 1197 4800 germannsne
1209 4723 1235 4780 is
1247 4723 1305 4780 loci
1316 4721 1396 4779 iliius
1410 4721 1448 4777 sit
1461 4721 1603 4794 mysticus
1617 4737 1735 4793 sensus,
1748 4739 1794 4783 eo·

160 4832 231 4890 nia?
241 4827 387 4895 arbitror,
402 4837 439 4881 ex
455 4820 590 4879 oscitanti
603 4823 631 4876 ei
643 4816 957 4891 pervulgatoquadam
999 4811 1074 4885 quid
1086 4808 1216 4878 mirum,
1230 4805 1275 4862 sin
1289 4821 1324 4862 ex
1336 4805 1428 4862 dubia
1442 4804 1594 4876 praemissa
1613 4803 1705 4861 dubia
1722 4805 1796 4864 inie-

160 4913 279 4988 ignaria
294 4929 302 4968 ι
319 4909 452 4967 sinistras
469 4905 636 4964 didicerunt
658 4901 782 4969 litteras,
803 4899 885 4973 piget
904 4913 956 4955 eos
999 4899 1080 4951 ratur
1100 4888 1272 4949 conclusio?
1291 4888 1413 4946 Perinde
1430 4888 1508 4943 enim
1525 4903 1561 4942 cx
1583 4887 1723 4945 historico
1740 4889 1795 4961 qui

162 5000 274 5056 &aare
293 4993 401 5050 sedulo
424 4989 509 5064 quod
532 4987 672 5055 doceam,
692 4985 818 5058 ipsaque
840 4981 959 5056 pigritia
999 4977 1103 5035 littera
1116 4976 1251 5042 inhaeret,
1266 4973 1292 5029 si
1304 4974 1433 5030 incertus
1450 4972 1476 5028 is
1488 4971 1525 5029 sit
1538 4976 1567 5029 et
1584 4969 1708 5040 dubim,
1722 4987 1795 5030 neu·

162 5087 280 5140 noctem
294 5091 402 5134 corum
416 5071 564 5131 mentibus
580 5068 709 5127 offundit
714 5108 724 5138 ,
737 5071 772 5123 ut
785 5067 814 5124 S.
830 5066 957 5137 Scripiu·
998 5061 1114 5135 tiquam
1126 5057 1196 5114 cerii
1209 5056 1364 5130 quippiam
1379 5055 1518 5112 ciieceris.

162 5180 225 5222 ram
242 5162 380 5231 facilem,
394 5161 423 5215 ci
442 5155 536 5214 cuivis
559 5159 665 5226 suopte
682 5150 802 5222 ingenio
824 5150 958 5224 perviam
1035 5148 1125 5202 Porro
1133 5143 1218 5200 fictos
1227 5159 1290 5200 esse
1300 5142 1464 5216 spirituales
1477 5156 1591 5212 sensus,
1604 5147 1633 5199 ci
1642 5159 1793 5216 quemque
1830 5153 1867 5198 rr.

164 5249 353 5315 arbitrentur,
370 5244 537 5317 putentque
555 5253 586 5295 ee
606 5237 680 5294 scire
700 5235 784 5308 quod
805 5235 958 5302 nesciunt,
1000 5249 1055 5290 suo
1079 5233 1248 5288 commento
1270 5243 1358 5302 posse
1380 5243 1432 5283 eos
1452 5225 1544 5282 cuivis
1566 5225 1707 5300 adaptare
1725 5243 1794 5284 ore-

166 5337 192 5389 st
204 5331 317 5390 nescim
328 5345 360 5388 se
375 5325 516 5384 nescimt.
531 5323 597 5381 itae
612 5321 685 5379 meli
697 5321 795 5379 omnis
808 5319 893 5376 radix
910 5332 960 5374 ex·
999 5315 1084 5386 iloni,
1098 5313 1189 5371 veluti
1206 5312 1312 5385 siquis
1326 5310 1452 5367 Proham
1466 5309 1634 5366 Falconiam
1650 5310 1728 5383 (quas
1741 5312 1794 5366 Lc-

167 5414 317 5488 iirpanda,
336 5414 445 5486 utpote
458 5421 527 5482 qua
548 5403 720 5481 longissime
744 5407 877 5479 serpente
891 5419 963 5460 con·
1001 5403 1063 5459 tina
1076 5397 1132 5459 tuit
1144 5394 1274 5483 Sappho)
1289 5393 1440 5476 Suadam
1454 5393 1578 5474 Virgilii,
1593 5397 1623 5450 et
1634 5391 1794 5452 Eudoeiam
