4088 6032
174 306 177 316 ’
248 342 267 398 a
797 338 972 398 nucoutuu
990 341 1109 398 sacca
1128 341 1332 398 masereca.

249 445 411 518 Augustam
423 440 515 502 iliada
528 442 645 500 Homeri
658 441 698 500 ad
710 441 859 501 Christum
871 460 1040 504 accommo-
1086 446 1219 520 phrasim
1234 445 1400 516 imbibere,
1419 449 1449 504 et
1467 446 1554 520 quasi
1574 445 1769 504 domesticam
1787 447 1820 504 in
1842 463 1880 506 eo

250 527 364 596 dautes,
376 526 516 597 imitatus,
527 526 705 600 scripturam
719 527 746 584 S.
761 527 819 599 piae
830 543 891 584 sua
900 528 1041 586 adinven·
1086 529 1196 588 versari
1208 548 1215 586 :
1227 530 1311 604 quod
1317 530 1370 602 qui
1380 529 1511 602 negligit,
1524 529 1609 588 dictis
1617 529 1798 603 quibusdam
1810 529 1879 587 hinc

248 609 323 669 tioni
336 613 516 683 attemperet,
526 609 726 682 perniciosum
740 612 783 666 est
796 610 912 681 sentire,
926 612 1040 684 pericu·
1086 613 1155 671 inde
1178 611 1394 670 difficilioribus
1414 612 1557 686 excerptis
1579 612 1789 686 explicatisque
1809 629 1880 670 con·

248 696 340 754 losius
353 693 457 751 facere.
474 694 591 750 sienim
605 693 747 767 mysticus
757 709 844 750 uerus
856 699 900 752 est
913 695 1041 768 Scriptu·
1086 698 1192 766 tentus,
1213 711 1368 769 nunquam
1389 696 1429 754 ad
1441 711 1525 754 sacca
1547 696 1648 768 adyta,
1667 711 1820 767 arcanum,
1835 698 1880 754 in·

248 795 289 837 ra
306 793 423 847 sensus,
438 777 464 834 si
485 793 555 834 eum
570 777 618 835 vel
635 779 765 836 maxime
782 778 904 850 Spiritus
919 779 1040 835 Sanctus
1086 794 1189 851 quam,
1203 783 1372 838 sauctorum
1382 779 1570 852 eloquiorum
1584 779 1767 852 penetrabit;
1783 781 1836 837 sed
1850 783 1880 838 et

249 861 555 934 decreveratque
577 861 690 919 ratione
712 861 841 918 liberum
854 862 962 936 cuique
975 860 1039 932 erit,
1084 857 1170 920 facile
1196 879 1215 922 a
1237 865 1356 922 veritate
1376 867 1404 920 et
1424 867 1521 921 mente
1546 863 1696 937 scriptoris
1717 863 1876 922 aberrabit.

248 963 319 1006 eum
331 950 364 1003 ut
378 945 458 1003 volet
471 946 640 1018 exponeret
662 959 724 1018 qua
745 943 841 1003 fronte
860 944 972 1002 cerebri
993 944 1040 1002 sui
1086 946 1188 1004 Videre
1207 947 1265 1004 hoo
1277 951 1321 1004 est
1336 947 1369 1005 in
1390 947 1543 1006 nonnullis
1560 947 1801 1020 antiquioribus,
1814 963 1878 1006 uon

248 1033 316 1107 quis
329 1033 542 1100 commentum,
557 1029 679 1103 Spiritus
693 1030 789 1087 Sancti
803 1034 931 1088 mentem
945 1029 1020 1086 dicet
1028 1070 1039 1100 ,
1084 1028 1210 1087 indoctis
1223 1020 1336 1104 alioqui
1349 1030 1427 1102 viris,
1446 1030 1499 1105 qui
1513 1030 1546 1088 in
1562 1045 1594 1088 re
1610 1030 1785 1103 Theologica
1800 1031 1876 1090 adeo

248 1131 338 1189 seque
353 1129 465 1188 suaque
485 1116 518 1170 ut
532 1112 655 1186 Spiritus
668 1112 764 1170 Sancti
783 1113 927 1171 fanaticus
939 1112 1040 1170 vendi·
1084 1111 1185 1170 leviter
1210 1115 1391 1188 quandoque
1412 1119 1530 1188 arrepto
1554 1115 1700 1174 mamete
1727 1116 1876 1190 quopiam

247 1199 339 1260 tabit?
358 1199 499 1256 Viderunt
511 1197 580 1267 hoc,
599 1199 798 1270 caveruntque
814 1196 936 1266 sedulo,
956 1195 1009 1269 qui
1022 1211 1039 1254 e
1085 1210 1168 1254 sacro
1178 1195 1351 1265 abutuntur,
1365 1201 1399 1254 ut
1411 1198 1553 1257 hereticis
1565 1199 1672 1258 uostris
1686 1199 1874 1270 cachinnum,

247 1283 382 1342 Patribus
403 1280 576 1352 allegoriam
594 1280 723 1338 maxime
735 1283 907 1350 versaruut,
923 1280 976 1352 qui
989 1295 1040 1338 eo·
1084 1281 1239 1339 Catholicis
1252 1280 1344 1340 bilem
1358 1287 1507 1342 moveant.

248 1370 316 1427 dem
337 1365 444 1440 Spiritu
463 1363 561 1438 pleni,
576 1378 637 1421 uon
655 1365 694 1422 ad
710 1365 835 1437 plausus
849 1379 956 1422 suosve
969 1378 1039 1420 con·
1119 1365 1256 1422 Praeclare
1265 1367 1293 1424 S.
1306 1367 1461 1438 Gregorius
1471 1370 1617 1442 prooemio
1626 1373 1657 1426 ia
1667 1372 1749 1427 libros
1760 1373 1873 1443 mcum,

248 1454 349 1524 ceptus
363 1449 553 1518 astruendos,
571 1446 624 1504 ubi
638 1448 766 1506 arridere
785 1449 917 1518 videtur,
930 1450 1038 1504 munere
1082 1447 1222 1506 lectorem
1236 1452 1346 1518 monet,
1365 1449 1448 1509 aliter
1467 1466 1499 1508 se
1512 1451 1641 1510 subinde
1654 1451 1807 1510 historiam
1824 1471 1876 1512 ex·

247 1550 313 1592 eam
335 1532 516 1601 obtrudunt,
537 1533 587 1588 aut
605 1531 778 1589 inconcinne
799 1531 889 1588 tronti
906 1545 1036 1598 ocream,
1082 1531 1203 1604 plicare,
1213 1548 1304 1606 quam
1318 1537 1415 1592 Patres
1426 1534 1565 1592 iecerint:
1580 1535 1605 1592 si
1615 1536 1706 1606 enim,
1714 1537 1875 1610 inquit,illi

249 1619 333 1692 quod
342 1618 434 1688 vulgo
446 1615 563 1686 dicitur,
574 1613 654 1672 tibia
666 1615 782 1687 galeam
797 1614 965 1689 applicant;
986 1615 1039 1672 sed
1082 1613 1211 1674 seriatim
1224 1621 1330 1674 cuncta
1341 1621 1533 1691 exponerent,
1547 1634 1616 1692 quae
1629 1635 1666 1677 ex
1679 1623 1762 1692 parte
1775 1621 1875 1694 tetige-

249 1703 292 1760 rei
305 1698 652 1768 itceamdeuineiunt‚ut
665 1699 1039 1773 apteperomuiaconsen-
1082 1702 1167 1768 runt,
1191 1716 1257 1757 eam
1279 1701 1383 1760 seriem
1405 1701 1563 1760 locutionis
1583 1717 1675 1775 quam
1698 1707 1796 1761 mucre
1818 1705 1874 1762 visi

134 1785 238 1841 mysticus
250 1786 311 1843 tiat.
325 1785 403 1842 Sicut
421 1782 501 1840 enim
514 1783 545 1838 iu
558 1782 697 1840 historico
710 1782 801 1840 verba
820 1797 867 1839 res
881 1785 975 1851 gestas
989 1781 1040 1838 de·
1082 1785 1161 1852 suunt,
1176 1782 1331 1842 observare
1344 1801 1535 1859 nequaquam
1548 1785 1721 1859 potuissent.
1735 1787 1824 1845 ltulta
1831 1788 1875 1845 vi·

129 1848 237 1952 ζξψὲξξζ
250 1872 367 1938 neunt,
382 1867 423 1925 ita
437 1867 467 1922 in
481 1866 655 1938 allegorico,
675 1882 721 1924 res
743 1869 831 1938 gestae
849 1865 921 1922 alias
944 1865 1039 1936 magis
1082 1864 1187 1923 delicet
1198 1866 1376 1940 inseruntur,
1390 1874 1533 1943 praeeunt,
1557 1873 1788 1943 consequuntur,
1806 1887 1875 1946 quse

130 1968 226 2016 litterae.
249 1969 370 2013 maenas
381 1951 567 2023 significant:
582 1955 626 2022 ut,
639 1951 696 2008 nisi
709 1950 851 2023 allegoria
861 1951 1039 2025 respondeat
1082 1963 1151 2005 cum
1162 1949 1229 2008 loco
1243 1967 1335 2024 quem
1342 1956 1502 2026 pensantes
1511 1953 1713 2026 comparanda
1723 1955 1874 2026 sunt,elo-

247 2037 394 2104 historia,
408 2035 482 2091 falsa
494 2049 617 2107 prorsus
629 2034 667 2091 sit
686 2039 715 2092 et
737 2035 871 2092 evanida.
887 2036 928 2092 Ea
950 2049 1038 2092 eausa
1082 2032 1207 2090 cationis
1220 2050 1309 2092 sacra
1322 2037 1431 2095 modus
1441 2037 1507 2095 aliis
1520 2038 1608 2094 etiam
1620 2036 1652 2094 in
1665 2037 1737 2095 locis
1756 2053 1874 2111 pecces

247 2123 274 2180 S.
297 2121 510 2191 Hieronymus,
525 2117 556 2174 in
579 2118 642 2175 Osee
664 2133 730 2192 eap.
751 2133 770 2174 x
784 2117 931 2186 scribens,
954 2117 1038 2190 quod
1081 2114 1219 2186 tigandus
1232 2122 1285 2190 est,
1299 2119 1415 2192 phrasis
1429 2120 1641 2194 disquirenda:
1656 2137 1725 2194 qua
1743 2122 1769 2178 si
1781 2139 1873 2198 expo

246 2205 283 2262 de
295 2217 364 2273 rege
375 2200 493 2273 Assyrio
503 2200 614 2274 passim
624 2200 739 2271 dicitur,
746 2201 831 2273 juxta
838 2201 1036 2274 tropologiam
1080 2198 1179 2256 sitioui
1190 2216 1252 2258 non
1264 2203 1439 2273 cohaereant,
1451 2204 1625 2278 haudquam
1639 2219 1675 2262 ea
1687 2205 1817 2276 genuina
1830 2212 1874 2265 est

245 2289 284 2347 ad
305 2285 451 2344 Christum
470 2285 615 2342 deducere
636 2285 730 2358 (quod
745 2284 909 2358 aliquando
925 2284 1038 2358 impru·
1080 2279 1137 2340 loci
1157 2286 1317 2356 sententia,
1332 2287 1505 2360 neutiquam
1521 2302 1556 2345 ea
1577 2287 1718 2345 orationis
1732 2293 1871 2362 potestas,

245 2372 318 2432 dens
332 2373 418 2428 antea
439 2368 503 2440 ipse
522 2365 639 2438 iecerat)
661 2369 788 2442 impium
807 2383 868 2424 esse
882 2368 988 2438 docet;
1008 2371 1037 2424 et
1079 2365 1124 2421 vis
1138 2370 1166 2423 et
1185 2369 1291 2425 notio:
1312 2375 1345 2426 ut
1366 2370 1500 2443 ambigas
1517 2385 1596 2444 saepe
1610 2371 1725 2443 utrius,
1739 2371 1873 2446 ipsiusne

245 2456 370 2530 prologo
385 2453 417 2510 in
429 2450 567 2520 abdiam,
579 2453 732 2524 semetipse
747 2451 854 2523 arguit,
865 2452 950 2524 quod
964 2451 1037 2508 olim
1079 2449 1122 2506 rei
1136 2465 1174 2507 an
1186 2451 1313 2525 phrasis,
1325 2453 1490 2513 obscuritas
1503 2453 1541 2511 sit
1554 2454 1660 2527 maior.

246 2538 400 2610 allegorice
419 2535 596 2610 prophetam
609 2535 689 2593 hune
702 2535 906 2609 explicuisset,
921 2536 1037 2592 histori-
1114 2541 1205 2598 Taceo
1231 2542 1358 2614 variam,
1380 2546 1409 2600 et
1425 2544 1513 2618 quasi
1531 2542 1722 2615 omnigenam
1744 2548 1873 2606 materias

246 2637 312 2682 eam
325 2621 388 2692 ejas
400 2619 622 2690 intelligentiam
631 2619 759 2676 necdum
770 2622 928 2676 assecutus.
1079 2621 1327 2696 amplitudinem:
1348 2627 1518 2700 quidecim
1540 2629 1603 2686 toto
1622 2628 1712 2686 veteri
1732 2642 1871 2704 novoque

180 2743 187 2758 .
281 2706 326 2765 ed
345 2703 518 2762 historicum
532 2719 622 2772 vero,
639 2707 672 2761 ut
692 2704 717 2761 is
733 2719 812 2761 unus
825 2703 879 2761 tibi
900 2703 1035 2776 sufficiat,
1078 2707 1273 2768 instrumento
1300 2725 1361 2768 non
1388 2713 1602 2785 pertractatur,
1637 2714 1690 2768 aut
1715 2713 1873 2786 angitur?

246 2793 321 2864 quot
340 2788 517 2862 quantisque
532 2786 709 2857 adjumentis
731 2791 775 2844 est
789 2789 886 2860 opust
906 2804 997 2861 quam
1011 2790 1036 2844 is
1078 2792 1211 2864 Exempli
1224 2795 1260 2850 sit
1274 2793 1374 2864 instar,
1389 2798 1423 2851 ut
1436 2797 1559 2867 Regum,
1569 2793 1813 2869 uaehebsorum,
1822 2801 1871 2857 Ps-

245 2890 322 2947 saepe
332 2871 524 2930 reconditus?
538 2886 629 2944 quam
643 2869 763 2928 liebraea
775 2871 877 2945 phrasi
891 2873 1034 2944 Graeeave,
1079 2875 1150 2945 dra,
1166 2876 1290 2934 Danielis
1304 2882 1332 2934 et
1352 2879 1479 2937 aliorum
1492 2878 1704 2952 Prophetarum
1718 2881 1871 2942 volumina

244 2963 273 3014 ci
285 2971 382 3026 noco,
402 2971 422 3012 a
440 2954 609 3027 caeterisque
630 2953 770 3012 omuibus
784 2953 962 3028 discrepanti
975 2956 1036 3013 dic·
1077 2957 1232 3031 intelligas,
1248 2977 1339 3034 quam
1348 2964 1430 3020 varia
1444 2963 1567 3020 historia
1580 2963 1710 3033 Gentilis,
1719 2969 1794 3038 quot
1806 2981 1871 3024 mo·

244 3040 331 3100 tionis
345 3053 451 3111 genere
468 3037 607 3094 abditus?
626 3052 719 3110 quam
741 3037 877 3096 sublimis
896 3038 1035 3098 altissime
1078 3043 1215 3115 uarehioe,
1227 3046 1425 3118 Assyriorum,
1439 3047 1602 3118 bladorum,
1615 3049 1779 3120 Persarum,
1795 3052 1871 3108 Grae-

244 3140 320 3199 saepe
335 3139 398 3181 sese
418 3122 525 3178 librat?
544 3125 643 3195 Neque
659 3122 691 3179 id
712 3123 832 3180 mirum.
852 3124 880 3182 si
898 3124 976 3182 enim
990 3140 1036 3182 sa·
1078 3141 1192 3199 corum,
1207 3131 1409 3189 Romanorum
1421 3132 1655 3204 pernoscenda?
1673 3136 1748 3206 quot
1771 3150 1869 3194 mores

243 3210 376 3281 pientum
394 3206 485 3264 cerba
508 3221 593 3264 sensa
616 3207 708 3263 animi
729 3207 869 3280 sapientis
892 3208 1034 3282 produnt,
1077 3211 1219 3282 gentium,
1229 3213 1301 3270 ritus
1311 3213 1465 3286 taedarum,
1476 3214 1636 3287 bellorum,
1646 3217 1867 3291 sacrificiorum,

241 3308 361 3366 voxque
373 3291 533 3364 respondet
555 3291 739 3364 conceptioni
758 3293 883 3350 mentis:
898 3292 950 3350 ubi
972 3294 1035 3352 hacc
1077 3295 1295 3354 connubiorum
1317 3298 1528 3372 perquirendi?
1548 3304 1624 3373 quot
1642 3299 1761 3358 urbium
1784 3303 1868 3372 situs,

242 3375 364 3433 emlesiis
381 3378 410 3430 ei
429 3373 530 3430 diviua
542 3373 645 3443 luerit,
661 3389 753 3447 quam
773 3389 890 3434 neeesse
908 3379 950 3432 est
972 3378 1035 3436 elo·
1076 3375 1245 3450 fluminum,
1260 3381 1417 3452 montium,
1426 3381 1582 3454 regionum
1596 3398 1632 3440 ex
1645 3383 1783 3443 universa
1794 3388 1869 3444 anti-

242 3459 389 3516 eutionem
402 3457 510 3529 pariter
527 3457 671 3514 coelestem
685 3471 748 3514 esse
762 3462 791 3514 et
809 3457 964 3516 divinam?
984 3475 1034 3520 ne-
1075 3461 1227 3533 quissime.
1237 3462 1454 3537 chorographia
1467 3470 1497 3523 et
1509 3467 1735 3542 cosmographia
1754 3471 1870 3542 perius-

241 3541 315 3598 miui
328 3544 427 3598 autom
448 3537 575 3596 dubium
590 3554 689 3596 sacros
703 3538 795 3596 libros
810 3556 895 3598 seusa
910 3542 1034 3616 Spiritus
1075 3543 1198 3601 trandit

241 3623 347 3693 Sancti,
362 3621 593 3696 sapientiamque
611 3621 712 3678 aterni
730 3621 817 3678 Verbi
837 3639 891 3680 sua
905 3625 1033 3684 dictione
1110 3627 1154 3684 lV.
1170 3628 1275 3686 Verum
1287 3645 1325 3688 ne
1337 3631 1405 3704 quis
1418 3631 1468 3690 hic
1481 3634 1639 3708 serupulus
1656 3638 1784 3711 supersit
1811 3655 1867 3712 age
1880 3650 1938 3708 cap.
1964 3664 1998 3698 π.

242 3706 419 3780 complecti:
442 3709 475 3764 ut
493 3704 619 3778 proinde
640 3719 701 3762 uon
722 3705 806 3762 humi
825 3723 960 3778 serpere,
981 3712 1034 3768 sed
1074 3711 1172 3782 prima
1183 3711 1221 3768 ab
1237 3713 1349 3784 origiue
1366 3729 1429 3771 rem
1444 3717 1636 3791 deducamus,
1652 3682 1866 3798 videamusque
1878 3713 2000 3786 ΜΨ

241 3793 272 3848 in
290 3790 385 3848 altum
398 3789 509 3859 erigere
524 3803 586 3845 sese
609 3790 756 3860 oporteat,
776 3789 802 3852 ei
825 3789 931 3848 divinis
953 3792 1033 3851 hisee
1075 3796 1230 3867 quomodo
1253 3797 1335 3853 omni
1356 3813 1472 3873 semper
1489 3805 1588 3874 atate,
1608 3804 1763 3864 difficultas
1781 3810 1866 3880 juxta
1879 3775 2001 3884 1⁵quss

241 3873 367 3947 eloquiis
390 3871 429 3928 ed
443 3871 544 3928 divina
564 3869 710 3942 cogitata,
723 3872 910 3946 primamque
928 3876 1033 3934 recita·
1075 3893 1109 3934 ac
1123 3877 1249 3948 dignitas
1257 3883 1284 3938 S.
1298 3881 1470 3955 Scriptura,
1482 3891 1510 3942 et
1524 3888 1716 3946 reverentiam
1725 3892 1770 3948 sui
1781 3907 1866 3951 acue-
1877 3899 1938 3946 uicis
1961 3855 2001 3947 'et

241 3962 300 4013 teuc
314 3956 467 4030 pervolare
479 3955 548 4028 quis
559 3955 668 4027 cupiat.
1074 3961 1127 4031 rit,
1142 3964 1170 4017 et
1184 3961 1317 4020 studium
1331 3966 1505 4025 Sanctorum
1518 3971 1693 4030 accenderit.
1708 3977 1793 4047 Apud
1815 3979 1866 4034 lle-
1883 3963 1990 4020 ΜΨ

175 4085 182 4101 .
277 4044 378 4098 Pateor
402 4039 560 4112 equidem,
587 4038 781 4098 scholasticos
806 4042 943 4100 Doctores
965 4059 1032 4118 per·
1074 4042 1865 4135 braospervulgataesttraditio,cuienostrisastipu-
1882 4021 1992 4129 Ἧι

240 4125 335 4184 mirlta
348 4141 364 4180 e
377 4125 529 4197 Scripturis
543 4123 687 4181 subtiliter
698 4139 861 4195 accersere,
876 4141 969 4198 eaque
983 4143 1031 4186 su·
1073 4125 1171 4184 lentur
1184 4129 1211 4184 S.
1227 4128 1366 4201 Hilarius,
1381 4133 1456 4190 Pscl.
1469 4139 1539 4202 u,et
1552 4137 1690 4207 Origenes
1708 4140 1791 4201 hom.
1803 4148 1821 4202 5
1834 4149 1865 4203 ia
1883 4118 2000 4204 amaras

239 4208 330 4265 biuda
344 4207 486 4265 discutere
492 4227 501 4276 ;
513 4207 566 4266 sed
577 4223 645 4265 suas
658 4208 715 4281 ipsi
729 4207 786 4266 sibi
804 4213 896 4267 metas
910 4211 1031 4269 Theolo·
1072 4212 1167 4282 Nam,
1181 4213 1281 4269 lloseu
1293 4229 1361 4270 cum
1370 4214 1446 4285 lege,
1461 4217 1549 4274 etiam
1557 4219 1630 4290 legis
1639 4183 1901 4296 explicationem&¹
1918 4211 2001 4271 ⁵⁰⁶⁹·

239 4293 310 4362 giris
337 4290 550 4364 questionibus
574 4289 733 4361 definiunt,
754 4306 821 4364 quae
842 4291 954 4350 affatim
972 4295 1030 4368 ipsi
1072 4295 1104 4351 iu
1128 4299 1229 4352 monte
1252 4297 1320 4354 Sina
1342 4297 1483 4356 divinitus
1504 4303 1672 4376 accepisse:
1687 4309 1773 4383 eique
1790 4277 2002 4384 pras-,2¹24

239 4375 367 4432 uictorias
387 4379 416 4431 et
435 4389 532 4447 operae
550 4373 701 4446 theologo
716 4375 893 4446 utilissima,
909 4383 936 4432 et
957 4393 1029 4435 vero
1072 4383 1191 4450 ceptum
1204 4394 1277 4449 esse,
1292 4383 1325 4436 ut
1336 4379 1432 4453 legem
1441 4383 1590 4458 scriberet,
1602 4389 1655 4446 sed
1663 4389 1736 4462 legis
1750 4396 1866 4454 occulta
1877 4395 1935 4441 uu.

238 4458 422 4527 necessariae,
446 4456 656 4530 suppeditant,
679 4462 712 4513 ut
735 4457 817 4514 aliud
836 4474 873 4516 ex
895 4461 1028 4534 professo
1071 4461 1211 4532 mysteria
1223 4465 1252 4518 et
1271 4477 1357 4520 sensa
1377 4467 1475 4536 iosue,
1490 4472 1518 4525 et
1530 4469 1578 4526 hie
1591 4475 1804 4548 sacerdotibus,
1819 4479 1865 4536 hi-

237 4556 323 4611 agere
337 4554 399 4596 non
412 4538 498 4596 liceat
516 4540 663 4610 :perinde
682 4544 714 4595 ut
726 4542 778 4613 qui
790 4558 887 4599 sacras
902 4544 1029 4604 elucidat
1071 4561 1130 4618 que
1153 4551 1365 4620 consequenter
1391 4551 1508 4608 vicariis
1535 4555 1597 4611 suis
1624 4561 1855 4621 suceedentibus

237 4624 365 4692 Litteras,
381 4620 507 4679 subinde
520 4622 709 4692 Theologicas
720 4623 924 4682 eoirelusioues
939 4628 1028 4684 sacris
1071 4643 1180 4699 magna
1188 4629 1294 4686 silentii
1304 4632 1446 4704 religione
1457 4638 1628 4697 revelarent.
1637 4607 1868 4705 liiuchnatolius

237 4707 384 4764 secundis
404 4706 569 4776 involutas,
587 4706 696 4763 evolvit
708 4709 890 4780 accuratius,
912 4711 975 4782 sed,
991 4728 1027 4769 ne
1070 4712 1152 4784 apud
1163 4713 1449 4784 Eusebium‚lib.lill
1460 4722 1547 4787 ilict„
1559 4739 1735 4801 capnion,
1746 4731 1867 4804 Septua-

236 4793 314 4848 ultra
326 4791 488 4862 crepidam,
502 4790 541 4847 ad
556 4806 626 4849 suos
641 4791 739 4848 statim
759 4807 790 4849 se
803 4793 905 4866 recipit
916 4798 1027 4853 cancel·
1069 4795 1151 4866 ginta
1163 4798 1336 4870 biterpretes
1351 4803 1508 4861 Ptolemaeo
1526 4806 1731 4885 Philadelpho,
1746 4817 1868 4888 AEgypfi

236 4875 292 4932 los.
307 4878 414 4933 Verum
436 4874 518 4932 aliud
537 4879 581 4932 est
601 4875 731 4934 delibare
753 4877 926 4950 quidpiam,
944 4881 1027 4938 aliud
1069 4879 1142 4949 regi,
1156 4885 1358 4951 percunctanti
1376 4887 1480 4958 multa,
1493 4904 1531 4945 ex
1548 4891 1634 4950 iliosis
1656 4896 1868 4957 traditionibus

235 4961 313 5016 certo
324 4958 499 5016 etcontinuo
508 4957 752 5031 idipsumordine
762 4966 929 5034 pertexere3
943 4965 1026 5023 aliud
1068 4965 1257 5035 respondisse
1271 4973 1379 5028 narrat.
1402 4974 1436 5028 ut
1448 4975 1566 5047 Esdras,
1579 4977 1627 5036 vel
1640 4980 1777 5054 quisquis
1797 5000 1868 5042 aue.

236 5043 407 5100 senteutiam
420 5043 593 5116 quampiam
607 5046 757 5114 excutere,
779 5044 861 5101 aliud
877 5045 1025 5118 integrum
1069 5051 1116 5103 tor
1126 5047 1179 5104 lib.
1193 5051 1226 5104 iV
1240 5052 1335 5108 Esdrae
1352 5055 1415 5128 (eui
1426 5057 1479 5113 etsi
1492 5074 1554 5116 non
1567 5063 1729 5136 canoniea,
1743 5068 1868 5125 eanoni-

234 5126 394 5196 volumen,
410 5141 574 5200 omnesque
590 5127 653 5198 ejus
672 5128 829 5185 sententias
848 5128 980 5198 diligenti
997 5135 1026 5187 et
1068 5130 1108 5187 cis
1129 5134 1228 5190 tamen
1249 5137 1388 5207 adjuncto
1402 5156 1457 5196 sua
1469 5141 1544 5200 fides
1561 5147 1706 5220 censat),
1721 5164 1788 5223 cap.
1803 5165 1865 5223 xiv,

233 5211 336 5266 exacto
345 5209 580 5267 antecedentium
589 5213 617 5267 et
626 5211 868 5283 consequentium
877 5213 1022 5284 examine,
1067 5215 1139 5272 llosi
1153 5216 1281 5275 edictum
1290 5220 1394 5278 reiert:
1408 5225 1498 5281 silae
1510 5226 1542 5283 in
1552 5229 1851 5300 palamteeiescerba

233 5291 422 5350 Hebraeorum
434 5293 661 5365 Graecorumque
680 5291 808 5350 fontium
821 5294 1022 5368 vestigatione,
1067 5301 1095 5356 et
1107 5299 1170 5356 haec
1181 5301 1355 5362 abscondes.
1367 5325 1381 5360 c
1392 5306 1452 5364 Sibi
1461 5310 1581 5381 pariter,
1591 5315 1688 5370 Esdrae
1697 5319 1780 5389 puta,
1792 5280 1865 5376 eum

234 5379 463 5448 senatuumque
485 5377 603 5432 Petrum
622 5374 760 5445 lectione,
781 5377 931 5447 evolvere,
942 5378 1022 5437 illius
1067 5383 1116 5438 bei
1130 5384 1270 5443 instinctu
1281 5387 1373 5448 libros
1385 5389 1521 5455 dictasset
1533 5396 1597 5468 204,
1609 5398 1704 5457 simile
1716 5401 1836 5470 jussum
1852 5421 1862 5464 s
