4182 6044
303 321 358 384 Μ
804 317 1050 376 consensuum
1068 318 1103 376 itt
1120 315 1260 376 ttondit
1265 357 1275 386 ,
1293 331 1357 376 cnr.
1377 317 1434 374 vti.

299 424 473 502 perstitionis
484 421 681 497 monus,
701 423 885 498 miscentque
902 439 986 482 sacra
998 421 1099 496 protu-
1140 437 1299 495 magorum
1311 419 1579 492 absorbuitvirgas
1598 422 1652 477 :et
1671 419 1803 479 ffiristus
1814 425 1933 494 postpo

300 509 358 580 nis,
367 509 466 584 itaque
476 505 679 581 eaprclnnant
688 509 717 566 et
727 507 931 566 cornminus
940 523 949 564 r
959 507 1098 566 nihiltclo
1140 506 1196 564 sita
1207 506 1310 578 glorias
1324 521 1386 564 suar
1400 503 1559 578 dignitate,
1571 502 1666 562 iactus
1678 509 1722 560 est
1735 503 1878 561 obediens
1890 521 1934 560 us·

299 591 412 650 lauant
427 589 540 661 Sancti,
561 590 616 648 sed
637 605 691 664 per
709 605 828 664 preces,
851 589 972 662 signum
989 591 1096 662 crucis,
1139 604 1199 663 que
1221 589 1260 648 ad
1281 593 1427 658 mortem,
1445 591 1475 644 et
1495 603 1551 661 per
1572 587 1669 660 ipsam
1692 591 1820 644 mortem
1840 587 1934 644 earnis

299 673 432 748 aliasque
445 689 492 731 res
504 687 602 732 sacras
615 674 757 731 miracula
769 678 941 746 operantur.
1139 673 1323 745 consumpsit
1331 672 1468 730 aculeum
1478 671 1594 739 mortis,
1607 673 1759 726 attestante
1773 669 1932 742 Propheta:

336 757 452 822 occsa
472 756 552 829 megi
572 761 602 816 ει
621 757 773 816 demones
791 757 868 814 mira
886 757 999 816 iaciunt
1015 757 1097 816 malo
1139 756 1552 826 ltromcrstua,omors,ero
1565 769 1682 810 morsus
1696 752 1932 823 tuus,inierue.s

298 839 369 911 line,
381 845 454 915 pata
465 839 506 896 oh
520 839 648 913 tucrum,
660 855 769 898 vanam
779 841 1015 909 ostentationem,
1030 840 1094 912 glo-
1173 842 1219 897 13.
1239 843 1461 908 lnuuarruuoue
1480 853 1530 895 usr
1548 853 1604 896 eoa
1625 840 1797 895 Purnnorus.
1813 866 1849 880 -
1863 836 1935 904 Quia
1945 847 1991 894 rra
2000 857 2021 900 n

297 923 383 994 riam,
397 921 444 980 vel
453 922 611 994 honorem,
624 928 657 982 ut
670 923 806 982 divinum
820 939 930 980 nomen
944 924 1095 982 eteultum
1138 923 1212 981 uidit
1231 938 1335 996 magos
1354 937 1425 980 suos
1444 922 1553 980 similia
1566 923 1652 992 sigua
1664 919 1765 978 iecisse
1778 935 1815 986 ac
1829 920 1935 976 iecerat

297 1006 355 1065 sibl
368 1005 539 1077 eoncilieut3
560 1006 609 1064 vel
629 1011 663 1064 ut
681 1011 850 1080 pervertant
867 1022 969 1064 veram
991 1007 1094 1078 iidem,
1137 1007 1245 1076 liesca,
1260 1022 1369 1079 parum
1382 1007 1515 1078 cogitans
1526 1006 1564 1063 de
1576 1005 1873 1078 devoratione,quod
1884 1005 1935 1062 sci-

295 1089 461 1166 talsamqua
480 1088 655 1148 hominihus
676 1092 891 1164 persuadeant;
912 1091 961 1147 vel
983 1092 1022 1148 ad
1042 1105 1095 1164 pa·
1136 1089 1424 1163 licetserpensllosis
1433 1090 1603 1150 devorasset
1612 1090 1932 1160 draconesmagoruru.

295 1173 402 1234 unca
413 1173 560 1234 maleficia
576 1176 606 1234 et
617 1175 742 1244 scelera,
755 1174 799 1231 uti
813 1178 883 1232 suut
892 1172 990 1244 iurta,
1010 1173 1094 1231 adul·
1174 1175 1218 1230 15.
1241 1176 1340 1230 Sesars
1359 1189 1387 1230 tn
1407 1187 1566 1233 occursus.
1581 1201 1617 1215 —
1629 1172 1793 1230 Proevenics
1805 1174 1870 1242 ejus
1883 1173 1933 1230 ad-
1946 1180 2021 1230 tacu

294 1257 377 1329 teria,
389 1273 475 1318 neces
487 1258 646 1316 homiuum
659 1263 687 1316 et
697 1257 872 1316 animalium
889 1275 897 1314 r
913 1259 1009 1315 Sancti
1022 1272 1093 1316 veru
1136 1261 1257 1312 vcutunr
1275 1257 1315 1313 ad
1330 1257 1427 1329 ripam
1439 1255 1571 1312 huminis
1584 1255 1653 1324 hili,
1668 1261 1702 1311 ut
1715 1256 1838 1312 veniens
1855 1255 1887 1311 in
1906 1260 1933 1312 tc

294 1353 330 1397 ea
341 1337 471 1413 suunt,
488 1345 522 1401 ut
534 1343 627 1400 Mum
646 1340 795 1401 honorent
808 1344 837 1398 et
852 1341 1033 1413 glorificent,
1049 1345 1094 1398 ut·
1136 1339 1266 1397 incurrat
1283 1341 1331 1412 (t).

293 1437 353 1498 que
378 1427 511 1484 sanctam
533 1423 690 1482 Ecclesiam
717 1423 864 1482 aedificent
885 1429 914 1481 et
935 1424 1095 1505 illustrent,
1171 1425 1217 1479 17.
1234 1426 1395 1481 Percussus
1407 1426 1621 1482 urana-lam
1634 1439 1707 1496 ergo
1719 1427 1888 1497 serpentem
1898 1440 1933 1482 ax
1944 1437 2020 1482 veura

294 1511 383 1582 atque
401 1508 539 1567 homines
557 1512 624 1566 tum
643 1507 676 1566 iu
696 1521 840 1583 corpore,
862 1511 927 1566 tum
948 1507 1041 1578 magis
1062 1509 1093 1565 iu
1136 1506 1932 1582 virgaiactum,rursumineirgamconverteratlleus,

293 1589 396 1650 animo
409 1595 438 1650 et
450 1590 556 1665 spiritu
567 1591 718 1662 adjurent.
742 1591 840 1662 «uagi
847 1631 858 1662 ,
880 1591 979 1664 iuquit
991 1593 1019 1648 S.
1034 1596 1093 1648 Au·
1136 1595 1169 1646 ut
1183 1607 1236 1663 per
1248 1607 1313 1648 earn
1327 1592 1386 1648 alia
1400 1591 1539 1665 deinceps
1552 1591 1694 1649 miracula
1705 1597 1845 1664 patraret.

293 1672 429 1746 guatinas
448 1689 557 1749 supra,
573 1671 687 1732 iaciunt
704 1689 773 1749 quea
786 1674 926 1732 videntur
935 1669 1091 1744 miracula,
1127 1659 1155 1720 *x
1171 1678 1238 1742 Qua
1252 1689 1280 1731 ru
1294 1690 1371 1732 ausu
1384 1689 1442 1733 aaa
1456 1689 1516 1732 aar.
1530 1703 1567 1718 -
1581 1675 1676 1730 Verba
1689 1680 1759 1732 suut
1771 1675 1838 1746 hei,
1850 1681 1880 1732 ct
1892 1681 1933 1736 ta·

292 1761 458 1832 quaerentes
478 1759 605 1832 gloriam
625 1772 711 1816 suam
736 1775 744 1814 a
767 1759 866 1817 Sancti
886 1774 957 1817 vero
979 1759 1092 1816 iaciunt
1135 1760 1305 1816 manlioses
1317 1759 1432 1828 uirgam
1447 1774 1538 1815 manu
1551 1775 1605 1815 sna
1616 1759 1750 1828 tenebat,
1762 1775 1823 1817 nou
1837 1764 1932 1833 Deus;

293 1840 451 1913 miraculm
466 1845 631 1917 querentes
643 1841 770 1914 gloriam
785 1842 872 1900 liei.»
888 1844 961 1915 llagi
975 1859 1046 1916 ergo
1059 1843 1091 1901 hi
1133 1841 1283 1910 videlicet,
1297 1842 1369 1915 quia
1381 1845 1457 1898 [leurs
1470 1843 1568 1899 liosen
1581 1841 1688 1898 iecerat
1700 1846 1792 1900 Deum
1804 1844 1932 1903 Pharao-

292 1939 377 1984 vane
391 1926 594 1986 ostentationis
607 1941 698 1985 eausa
717 1942 772 1985 sua
792 1926 877 2000 signa
893 1927 1072 2002 promebant
1078 1946 1088 1999 3
1134 1925 1197 1996 uis,
1211 1941 1356 1999 suamque
1373 1926 1400 1981 ei
1422 1930 1595 2000 potestatem
1617 1927 1754 1996 dederat,
1767 1931 1802 1984 ut
1815 1927 1932 1998 Jubcret

292 2010 389 2068 hardu
402 2023 474 2068 vero
485 2023 575 2068 eausa
585 2011 672 2082 juste
683 2009 819 2068 vindictae
831 2013 860 2068 et
869 2011 1089 2085 increpationis.
1133 2011 1240 2068 aaroni
1261 2013 1412 2082 percutere
1434 2008 1551 2079 Nilum,
1563 2009 1663 2083 itaque
1677 2027 1745 2066 eum
1760 2011 1791 2066 in
1808 2013 1930 2082 saugui-

292 2091 406 2152 Seiebat
416 2093 497 2153 enim
509 2094 624 2151 Pharao
637 2093 744 2167 injuste
756 2111 787 2151 se
799 2107 932 2167 premere
942 2095 1089 2166 Hebraeos,
1133 2105 1203 2148 narn
1213 2097 1395 2150 convortere.
1409 2093 1524 2163 litargo
1539 2097 1606 2162 tros,
1617 2093 1726 2150 scilicet
1739 2096 1825 2164 Deus,
1838 2097 1930 2154 hloses

289 2177 427 2252 justeque
439 2177 509 2236 ideo
522 2177 671 2237 vindicem
684 2179 732 2236 liei
747 2193 871 2235 manum
882 2177 999 2235 sentiro.
1013 2180 1089 2250 Ergo
1132 2179 1161 2232 et
1171 2179 1277 2246 Aaron,
1287 2177 1374 2250 quasi
1384 2181 1638 2248 uuusceuscutur,
1650 2178 1735 2234 sicuti
1749 2195 1839 2236 eausa
1850 2180 1930 2252 prin·

291 2262 372 2334 magi
384 2275 493 2320 meane
506 2261 637 2320 ommino
650 2277 685 2320 ae
696 2261 767 2331 ritu,
779 2261 831 2336 qui
845 2260 915 2318 satis
924 2261 1089 2335 principem
1132 2259 1235 2334 cipalis
1249 2266 1277 2317 et
1298 2261 1537 2320 instrumentarin
1551 2267 1694 2318 uocantur
1708 2278 1768 2320 uua
1781 2279 1873 2320 causa
1890 2264 1930 2321 ei-

291 2344 481 2406 tenebrarum
493 2344 626 2406 innocui
639 2349 830 2415 monstraret,
851 2361 907 2402 sna
920 2346 1005 2416 sigua
1021 2345 1089 2402 ede-
1132 2342 1243 2400 ficiens.
1269 2346 1342 2400 Deus
1365 2343 1444 2400 enim
1465 2343 1513 2400 hic
1533 2341 1588 2400 luit
1609 2361 1698 2400 causa
1711 2345 1822 2418 prima,
1837 2347 1928 2403 hloses

291 2426 366 2487 hant
379 2445 388 2486 t
401 2433 500 2488 mon
513 2444 584 2486 uero
598 2428 648 2485 llei
657 2429 743 2499 jussu
756 2433 785 2486 et
804 2427 926 2502 publica
943 2443 1089 2487 manuum
1130 2422 1187 2482 tuit
1201 2427 1363 2496 mandans,
1378 2432 1475 2484 Aaron
1489 2443 1649 2500 exequens.

291 2511 429 2584 elchane,
443 2511 530 2588 qnasi
544 2511 592 2568 ilci
608 2511 740 2582 nomine,
754 2511 841 2584 aquis
855 2511 981 2586 aliisque
998 2513 1088 2570 rebus
1166 2512 1212 2566 ts.
1222 2512 1718 2570 Prscssuomsnruu.-i‘iseescnim
1727 2517 1929 2587 extraaquam
1940 2525 2021 2572 ιειιι.
2059 2569 2061 2572 .

291 2593 456 2669 impernus3
469 2609 560 2670 quem
573 2609 678 2651 verum
691 2610 754 2652 essa
767 2596 858 2652 Deum
869 2594 953 2652 tacilc
967 2595 1088 2668 agnosci
1133 2592 1228 2651 vivero
1237 2599 1399 2668 nequeunt,
1410 2593 1538 2652 maxime
1548 2593 1580 2651 iu
1589 2595 1777 2666 sauguinem,
1789 2597 1842 2669 qui
1851 2613 1929 2654 cras-

291 2681 417 2750 poterat,
429 2682 495 2736 tum
505 2678 578 2752 quia
590 2681 697 2736 natura
709 2677 795 2734 docet
806 2678 938 2751 primum
951 2695 1013 2750 ens,
1025 2679 1088 2738 siva
1131 2691 1182 2736 sus
1195 2682 1224 2734 et
1235 2679 1349 2736 calidus
1359 2682 1506 2750 repugnat
1518 2678 1719 2751 complexioni
1729 2679 1870 2753 piscium.

291 2775 345 2818 ens
356 2761 470 2819 entium
481 2776 502 2821 a
513 2776 576 2836 quo
589 2764 690 2820 manat
704 2777 792 2819 omne
807 2777 876 2833 ens,
895 2762 980 2836 quod
999 2763 1088 2834 signi·
1166 2766 1405 2822 coururaescrur
1418 2777 1511 2835 apuu,
1521 2793 1557 2808 -
1567 2764 1730 2822 morticinis
1742 2767 1871 2838 piscium
1885 2767 1928 2825 in-

290 2843 360 2902 flcot
372 2859 482 2904 nomen
494 2846 602 2903 ieheva
618 2847 725 2903 allose
741 2860 859 2920 semper
872 2846 965 2918 siguis
980 2847 1088 2920 praela·
1130 2846 1266 2906 finientur
1279 2851 1308 2906 et
1319 2851 1555 2920 corrumpentur.
1571 2853 1670 2920 Aquas
1679 2853 1776 2921 uocat,
1788 2867 1858 2923 quae
1866 2851 1927 2908 iue·

291 2931 370 3000 tum,
386 2943 448 2987 esse
463 2929 624 3005 ipsummet
637 2931 745 3000 ileum,
759 2933 824 2987 tum
841 2931 913 3002 quia
927 2945 964 2986 cx
979 2945 1087 3002 praece·
1129 2936 1196 2990 rant
1209 2948 1295 3006 aquae
1300 2949 1310 3003 3
1318 2931 1381 3002 jam
1391 2935 1490 2988 autem
1504 2936 1588 2988 eraut
1598 2933 1729 3004 sanguis.
1740 2935 1927 3006 Septuaginta

255 3045 258 3050 -
291 3011 425 3071 dentium
438 3012 1086 3089 seculorumhistoriniacileseirepcteraut,
1130 3017 1378 3086 renuntiatus
1392 3017 1404 3067 ι
1417 3019 1533 3086 sarepta,
1553 3013 1676 3074 fervebit
1695 3017 1743 3073 vel
1759 3016 1928 3075 alienasset

288 3094 450 3169 Abraham,
460 3095 784 3172 haac‚tacob,roseph‚
797 3101 864 3170 etc,
879 3100 971 3156 Deum
982 3113 1087 3158 verum
1129 3098 1238 3156 fluvius
1253 3117 1261 3154 ε
1276 3099 1348 3173 quia
1358 3113 1414 3170 pro
1425 3107 1495 3160 vlt:
1505 3099 1586 3164 boos,
1597 3098 1630 3155 id
1640 3103 1684 3156 est
1693 3103 1852 3173 putrescet,
1861 3101 1926 3159 aliis

289 3179 429 3253 coluisse,
450 3180 490 3240 ab
510 3197 607 3258 eoque
630 3173 703 3240 mffe
725 3197 842 3255 semper
865 3183 983 3255 adjutos
1004 3199 1086 3257 esse;
1129 3183 1245 3256 punctis
1257 3182 1392 3253 legerunt
1404 3183 1480 3248 bees,
1493 3182 1526 3239 id
1539 3186 1582 3238 est
1596 3183 1627 3239 in
1642 3183 1724 3256 igue,
1738 3184 1849 3243 scilicet
1861 3185 1924 3256 erit,

289 3264 429 3324 eamdam
442 3269 542 3327 autem
555 3265 714 3325 invocabat
726 3265 774 3324 hic
788 3267 881 3326 lioses
894 3266 980 3341 qnasi
994 3269 1086 3326 ileum
1129 3265 1188 3324 hoc
1208 3268 1251 3322 est
1270 3263 1394 3322 ieruehit
1414 3264 1539 3335 hunus,
1553 3265 1594 3323 ita
1611 3270 1644 3323 ut
1663 3266 1799 3326 videatur
1811 3268 1845 3326 in
1857 3269 1924 3341 igue

288 3352 409 3422 patrum
421 3364 555 3410 suomm.
1129 3349 1177 3406 vel
1192 3349 1253 3420 igni
1266 3348 1423 3423 impositus
1436 3363 1510 3406 esse.

324 3433 502 3508 allegorice,
520 3435 661 3508 Origenes
683 3451 692 3492 r
717 3435 834 3508 «Virga
856 3435 957 3507 liosis,
973 3437 1085 3510 inquit,
1164 3435 1210 3490 19.
1223 3431 1756 3493 arrrrcrrrurrscrrrn.-uebraice
1766 3413 1839 3500 11153
1851 3440 1922 3508 nitu,
1934 3443 2017 3490 naara

290 3518 334 3573 ast
351 3532 424 3575 crux
441 3517 560 3589 Christi3
576 3518 640 3576 haec
656 3521 819 3592 postquam
837 3519 996 3578 interram
1015 3535 1085 3592 pro·
1128 3517 1161 3578 id
1175 3524 1218 3576 est
1230 3517 1425 3589 laborabunt,
1441 3521 1475 3575 ut
1487 3515 1607 3589 bibant,
1622 3537 1650 3592 p.
1665 3520 1696 3577 d.
1710 3519 1923 3580 abhorrebunt

287 3595 365 3668 jecta
380 3601 438 3670 est,
456 3599 489 3658 id
506 3603 551 3657 est
561 3605 724 3674 postquam
738 3602 777 3659 ad
792 3601 996 3660 credulitatem
1009 3607 1037 3660 et
1051 3603 1085 3661 ii·
1128 3607 1234 3676 aputu
1247 3601 1415 3674 sanguinis,
1428 3601 1535 3675 sitique
1549 3602 1768 3661 cruciabuntur.

291 3679 360 3737 dam
372 3679 529 3740 homiuum
542 3683 635 3754 veuit,
647 3699 790 3742 conuersa
803 3685 886 3742 estin
897 3687 1084 3758 sapientiam,
1163 3690 1202 3744 Er
1222 3701 1313 3744 cunas
1333 3699 1419 3742 neus
1438 3699 1584 3754 rouaauu.
1602 3715 1639 3729 -
1651 3686 1805 3759 hebraice,
1819 3705 1922 3748 omnen

290 3765 319 3821 st
329 3766 442 3824 tantam
453 3765 640 3839 sapientiam,
653 3782 721 3839 ques
732 3783 853 3826 omnem
866 3770 1083 3844 AEgyptiorum,
1127 3775 1358 3842 concrepationem
1369 3785 1517 3840 equorum
1533 3771 1574 3833 sic
1586 3775 1614 3827 et
1625 3772 1823 3844 Septuaginta.
1841 3774 1921 3832 Unde

289 3847 382 3908 idest
403 3849 492 3924 hujus
514 3851 620 3909 mundi
642 3852 817 3925 sapientiam
837 3854 1031 3911 devoraret.»
1051 3857 1084 3912 ar
1125 3859 1206 3927 patet
1226 3868 1346 3911 omnem
1361 3854 1485 3910 omniuo
1498 3869 1627 3928 aquam,
1641 3854 1729 3912 etiam
1741 3859 1920 3929 puteorum,

288 3934 317 3991 S.
331 3932 517 4008 Ambrosius,
532 3933 586 3992 lib.
605 3935 641 3993 lll
664 3937 737 4007 Offlc.
755 3951 821 4009 cap.
842 3950 914 3994 xrs:
932 3938 1083 4009 «Proiecit
1125 3936 1253 3994 iontium
1274 3940 1304 3994 et
1325 3937 1516 3994 cisternarum
1535 3938 1568 3994 iu
1590 3937 1763 4009 sanguinem
1778 3953 1842 3995 esse
1857 3955 1920 3996 ver·

288 4017 397 4090 hloses,
406 4017 518 4094 inquit,
530 4019 662 4092 virgum,
671 4025 699 4079 ct
711 4036 831 4095 serpeus
843 4019 920 4080 lacta
931 4022 1083 4082 devoravit
1126 4039 1203 4090 sam,
1219 4023 1311 4096 idque
1323 4022 1476 4096 sequentia
1489 4023 1621 4080 indicant
1632 4040 1640 4078 ι
1650 4038 1721 4080 nam
1732 4021 1846 4097 alioqui
1858 4039 1919 4082 non

288 4107 437 4178 serpentes
444 4105 665 4178 AEgyptiorum,
675 4106 845 4178 significans
856 4107 940 4180 quod
955 4107 1081 4166 Verbum
1124 4105 1268 4165 fodissent
1280 4112 1388 4166 terram
1399 4106 1439 4164 ad
1452 4123 1562 4180 aquam
1574 4108 1749 4166 eliciendam
1756 4127 1765 4180 ;
1778 4109 1865 4183 quod
1877 4113 1919 4168 ta·

288 4201 358 4248 caro
374 4187 475 4258 fleret,
489 4204 558 4261 quas
578 4191 720 4262 serpentis
733 4191 799 4246 dira
810 4203 926 4248 venena
944 4194 1081 4249 vacuaret
1125 4208 1193 4248 mou
1209 4192 1309 4248 iecisse
1323 4192 1461 4249 dicuutur
1474 4207 1550 4248 vers.
1563 4193 1609 4248 at.

286 4287 342 4347 pet·
360 4271 565 4333 remissionem
590 4277 619 4330 et
640 4272 855 4346 indulgentiam
880 4279 1078 4347 pcccatorum.
1160 4279 1198 4330 Er
1211 4291 1255 4331 srr
1267 4289 1360 4332 aanor
1373 4291 1403 4332 rra
1416 4289 1487 4333 ouur
1501 4291 1593 4335 ranan
1606 4279 1779 4334 adorere·
1799 4279 1877 4348 Ergo
1890 4281 1918 4336 et

287 4355 374 4430 lilrga
386 4355 467 4416 euim
478 4358 522 4416 est
534 4354 660 4414 uerbum
670 4357 824 4428 directum,
835 4357 944 4430 regale,
956 4359 1080 4433 plenum
1123 4359 1155 4415 in
1168 4363 1244 4416 terre
1263 4362 1370 4416 Gessen
1383 4374 1470 4432 aquas
1482 4359 1513 4417 iu
1528 4360 1704 4431 sanguinem
1725 4363 1795 4418 sunt
1806 4375 1916 4429 verse,

285 4441 454 4513 potcstatis,
472 4439 586 4512 insigna
608 4439 732 4512 imperii.
754 4442 841 4514 Virga
860 4457 980 4515 serpens
1002 4441 1079 4501 iacta
1122 4441 1220 4514 iuquit
1235 4441 1403 4512 abulensis,
1418 4443 1470 4500 sed
1484 4444 1626 4518 AEgyptiis
1639 4448 1763 4501 tantum.
1777 4446 1852 4502 Nam
1865 4447 1916 4501 ila-

287 4527 346 4596 est,
360 4523 504 4598 quoniam
519 4522 571 4596 qui
585 4527 647 4581 erat
668 4522 756 4581 Filius
778 4525 844 4596 liei,
862 4541 899 4583 ax
917 4529 975 4583 ileo
996 4529 1077 4585 Patra
1122 4525 1210 4582 breis
1223 4541 1309 4598 aquae
1322 4532 1405 4583 erant
1419 4525 1520 4584 dulces
1538 4533 1567 4584 et
1583 4527 1744 4601 potabiles,
1759 4527 1857 4603 iuquit
1870 4530 1916 4585 te-

286 4613 389 4682 nuius,
402 4607 482 4666 lilius
496 4606 625 4664 hominis
637 4605 730 4664 iactus
742 4610 794 4679 est,
805 4613 891 4667 natus
902 4625 939 4666 cx
951 4611 1077 4681 Virgine,
1123 4612 1242 4684 sophus.
1258 4611 1385 4683 AEgyptii
1398 4611 1477 4668 enim
1491 4611 1522 4668 iu
1534 4615 1611 4670 terra
1628 4615 1735 4670 Gessen
1755 4612 1811 4669 hac
1824 4611 1916 4685 plaga

236 4693 243 4704 '
286 4693 340 4768 qui
351 4691 437 4768 quasi
451 4705 571 4764 serpens
586 4689 729 4750 exaltatus
743 4691 1077 4763 iuernce,medieiuaur
1122 4699 1204 4752 erant
1223 4693 1407 4766 dignissimi,
1430 4697 1532 4768 utpote
1552 4695 1606 4769 qui
1629 4696 1764 4754 ilchraeos
1784 4695 1915 4754 maxime

285 4773 1077 4850 mineribusintudithumanis.unueetipsemaninus
1121 4783 1337 4854 oppresserant.

285 4859 327 4918 alt
341 4877 349 4915 :
363 4859 442 4918 Sicut
454 4860 547 4920 lloscs
567 4858 704 4918 exuant
719 4863 884 4933 serpentem
898 4860 930 4917 in
943 4860 1058 4918 deserto
1066 4903 1076 4934 ,

284 4941 326 5002 ita
339 4943 460 5004 exaltari
472 4947 588 5020 oporiet
600 4943 705 5002 silium
718 4941 882 5000 hominis.»
901 4943 1012 5003 Similia
1025 4947 1076 5004 lra-
1153 4955 1187 5021 (1)
1202 4955 1279 5007 Notat
1290 4954 1436 5006 Aban-lisca
1446 4955 1621 5006 huncmoraru
1630 4954 1755 5018 hodieque
1764 4953 1791 5004 in
1802 4955 1914 5018 AEgyprc

283 5023 334 5084 het
347 5029 492 5102 Rupgptug
510 5033 539 5087 gt
557 5031 681 5103 Prosper
694 5029 726 5085 in
739 5028 841 5085 Catgna
852 5029 1005 5100 Lipomgni,
1021 5030 1077 5087 lbi.
1120 5025 1245 5091 oblinere,
1253 5031 1283 5076 ut
1291 5039 1336 5078 rex
1345 5028 1471 5077 mensibus
1479 5027 1617 5076 Thammuz
1627 5033 1653 5076 el
1663 5027 1699 5074 Ab
1711 5023 1913 5090 (irruicettutiol

285 5109 354 5170 dem
367 5114 394 5171 S·
410 5113 603 5188 Hieronymus
618 5132 625 5170 :
644 5112 750 5172 ,siout
761 5113 845 5186 virga
858 5114 955 5186 gosis,
968 5115 1075 5189 inquit,
1120 5105 1193 5148 excat
1208 5110 1287 5178 mane·
1303 5098 1335 5146 ad
1348 5098 1456 5148 tluvium
1473 5097 1593 5180 (Nilum),
1612 5097 1692 5146 risum
1708 5103 1773 5178 unct
1792 5096 1916 5177 gradihus

1119 5181 1186 5234 aqua
1194 5176 1310 5220 neverat.
1321 5170 1384 5218 Nam
1395 5183 1427 5219 ex
1438 5182 1468 5220 eo
1479 5173 1649 5232 conjecturam
1660 5169 1792 5230 capiebant
1803 5167 1833 5218 de
1844 5168 1916 5217 rllrus

283 5195 543 5341 ξὲζοωψβω
555 5213 728 5296 'morum’
740 5199 781 5296 iti
794 5200 1075 5296 menfiacium'mi'
1118 5239 1179 5290 anui
1192 5233 1617 5300 intumuliertataautsterilitate.
1629 5237 1837 5300 Aliicoujiciunt,
1849 5237 1916 5306 Pha·
1984 5254 1991 5265 ‘

336 5284 384 5340 tstr
397 5281 501 5341 Chresti
513 5287 619 5342 verrtm
637 5283 801 5342 devorabit.
813 5302 828 5338 s
841 5282 970 5344 lsrdnrus
982 5301 1073 5344 vero:
1118 5323 1222 5362 „onem
1242 5325 1269 5363 ω
1288 5311 1378 5375 qum,
1393 5323 1467 5362 mm,
1487 5309 1520 5363 ,d
1542 5309 1638 5362 pum,n
1654 5307 1790 5361 ,omnm
1809 5299 1915 5360 mand,-

285 5365 402 5441 «Virga
422 5367 526 5442 llosis,
544 5369 657 5443 inquit,
674 5369 706 5427 iu
730 5370 891 5430 haconem
915 5391 1073 5446 conuersa,
1118 5399 1199 5436 rann.
1215 5382 1254 5434 ct.
1269 5395 1343 5447 supra
1356 5395 1391 5446 u,
1408 5386 1431 5435 ι.
