4212 6034
676 367 917 427 covommrau
933 367 968 424 nv
985 361 1146 435 cavmru,
1163 374 1227 422 aa.
1246 364 1335 427 ravv.
1393 328 1398 339 ’
1767 347 1822 406 aaa

190 477 245 538 der
253 475 430 550 polyhistor,
440 475 523 550 apud
536 472 707 544 Eusebium,
716 472 769 532 lib.
779 473 825 542 lx,
836 487 902 544 cap.
913 469 982 527 ulte
1023 475 1160 528 creantur
1170 471 1327 543 homines,
1340 472 1409 542 sad,
1426 474 1460 531 ut
1475 472 1517 532 alt
1528 471 1557 529 S.
1577 471 1772 543 depredare,
1788 487 1821 530 se

191 560 283 630 Quia,
302 559 414 633 iuquit,
427 559 478 617 lia
494 563 606 632 septem
622 561 776 631 pepererat
794 554 909 627 proles,
928 555 984 610 lia·
1025 559 1163 626 mergunt
1171 554 1295 616 diluvio.
1307 556 1383 613 ludi
1393 555 1521 614 Plinium
1529 553 1662 625 lib.rt1v,
1670 571 1736 630 cap.
1748 569 1820 614 xxus

191 643 257 701 chol
271 643 347 701 duas
357 645 490 714 tantum3
500 657 538 699 ue
550 643 649 714 itaque
663 639 768 697 Rachel
779 636 983 696 minorvidca-
1025 640 1068 696 Ex
1075 639 1157 711 vino,
1167 640 1274 713 inquit,
1282 643 1310 697 et
1316 639 1455 698 ebrietate
1463 638 1557 697 oritur
1569 637 1688 712 «pallor
1697 643 1726 696 et
1734 655 1820 712 geum

190 727 239 785 tur
251 741 314 783 csse
327 726 393 796 bia,
408 726 479 783 hinc
490 726 599 797 ioseph
611 727 643 783 iu
656 725 718 782 filio
732 725 795 795 cius
812 718 963 793 uenjamin
971 757 982 790 ‚
1025 722 1178 796 pendulae,
1191 723 1347 780 oculorum
1364 723 1477 792 ulcera,
1490 721 1624 780 tremulae
1641 737 1763 794 manus,
1777 725 1821 784 la-

191 809 325 882 quinque
344 809 373 866 ei
389 813 487 882 partes
510 808 609 877 addit,
624 813 658 864 ut
679 805 720 864 sic
744 821 811 863 eam
831 804 886 861 Liee
906 803 985 860 ada-
1025 803 1190 881 beatasque
1211 808 1318 881 pedes,
1336 811 1364 864 et
1383 806 1504 864 furiales
1523 805 1635 876 somni,
1656 810 1686 864 et
1703 805 1821 881 inquies

191 894 274 966 quot.
287 891 456 950 sicutenim
468 891 518 949 hia
527 891 662 965 quinque
672 889 808 963 prolibus
817 885 984 955 liachelem,
1025 893 1187 958 nocturna,
1198 891 1416 963 praemiumque
1430 903 1581 946 summum
1591 887 1738 947 ebrietatis
1751 905 1821 965 pcr-

191 976 233 1034 ita
242 975 404 1046 beniamin,
417 978 447 1032 et
457 977 670 1048 consequenter
682 971 789 1032 Rachel
800 986 871 1028 suos
881 967 984 1026 iratres
1025 975 1140 1031 untosa
1155 973 1272 1044 libido,
1286 989 1321 1032 ac
1337 973 1504 1044 iucundum
1526 971 1618 1030 nelos.
1641 975 1758 1032 l’ostera
1772 973 1821 1035 die

192 1058 546 1134 ipsamquehiameorum
554 1052 984 1130 matremqulnquepartihus,
1026 1073 1064 1116 ex
1085 1073 1136 1114 ore
1156 1057 1265 1116 balitus
1285 1055 1394 1126 foetidi,
1415 1071 1450 1114 ac
1466 1054 1527 1114 iere
1549 1056 1685 1114 omnium
1706 1057 1820 1118 oblivio

193 1141 255 1199 siva
276 1140 416 1198 missibus
438 1138 598 1212 superabat
614 1141 645 1196 in
664 1140 721 1196 bac
736 1149 841 1196 mensa
853 1134 983 1208 iosepbi.
1026 1155 1167 1215 morsque
1179 1141 1346 1211 memoriae,
1357 1139 1523 1215 prudentie
1535 1143 1563 1196 et
1574 1139 1717 1198 mentis.»
1739 1143 1820 1202 udde

75 1246 97 1295 a.
114 1243 180 1292 ranrr
227 1223 408 1296 ellegorico,
427 1223 579 1296 Beniamin
598 1227 641 1281 est
664 1223 692 1282 S.
716 1222 824 1279 Paulus
846 1235 884 1278 ex
903 1217 985 1278 tribu
1026 1222 1137 1281 damna
1149 1223 1302 1298 temporis,
1314 1222 1447 1296 pecunia
1458 1227 1488 1279 et
1498 1222 1693 1296 conscientie,
1705 1224 1744 1283 de
1754 1226 1821 1300 qui·

75 1307 180 1384 amma
192 1308 344 1381 Beniamin
357 1307 520 1378 oriundus,
534 1306 588 1381 qui
606 1321 669 1381 prta
682 1306 747 1365 eliis
760 1302 926 1378 apostolis,
939 1317 986 1360 sa-
1025 1305 1083 1364 bus
1098 1307 1160 1365 dixi
1174 1322 1240 1381 oap.
1253 1322 1314 1378 ιιι,
1327 1306 1360 1364 in
1372 1305 1443 1364 fine.
1861 1363 1863 1368 .

75 1371 181 1489 3³⁸2
191 1389 319 1464 pientia,
333 1391 442 1462 gratia,
454 1388 610 1460 facundia,
623 1388 753 1446 efficacia
769 1392 799 1445 ei
816 1386 880 1446 zelo
893 1401 912 1444 a
926 1387 985 1442 Deo
1062 1395 1200 1452 Praeclale
1213 1393 1361 1466 Alfonsus,
1379 1394 1534 1466 Aragoniae
1545 1409 1614 1467 ω,
1629 1401 1750 1471 rogatus
1768 1415 1822 1460 pm·

106 1493 146 1542 aa
193 1475 312 1532 dotatus
325 1479 380 1531 est.
399 1476 441 1531 lta
457 1475 484 1532 S.
502 1473 676 1531 Ambrosius
695 1476 724 1530 et
743 1474 877 1544 Prosper.
902 1469 985 1526 aae·
1026 1477 1102 1536 adeo
1114 1478 1284 1536 ebrietatem
1298 1477 1503 1549 detestaretur,
1516 1479 1693 1551 respondit:
1717 1483 1823 1551 «Quia,

194 1557 311 1616 ducitur
321 1556 487 1628 benjamin,
505 1556 545 1614 ait
558 1557 591 1639 8.ι
603 1554 793 1625 Ambrosius,
807 1553 862 1611 lib.
882 1555 921 1610 De
938 1554 985 1608 Jo-
1027 1559 1089 1618 s'cio
1106 1560 1239 1619 furorem
1259 1563 1287 1618 et
1306 1559 1463 1618 libidinem
1479 1562 1543 1634 eius
1564 1561 1642 1620 filias
1660 1579 1734 1624 csse.
1755 1566 1821 1626 Scio

192 1643 274 1714 seph,
290 1655 357 1714 0³1³·
378 1656 423 1711 ¹¹,
438 1643 467 1698 0²
487 1639 576 1698 bonis
595 1638 740 1697 0d0ribu³
758 1637 915 1696 comitatus
934 1635 987 1692 td·
1027 1649 1174 1719 quantum
1186 1642 1291 1717 glorie
1302 1642 1461 1702 Alexandri
1474 1645 1570 1718 llagni
1585 1645 1714 1706 obfuerit
1728 1649 1822 1712 ebrie-

193 1723 274 1782 veait
291 1727 415 1797 portans
437 1737 539 1782 secum
562 1721 710 1788 resinam,
731 1725 786 1778 ete.
810 1719 886 1778 Talis
906 1718 987 1776 enim
1026 1731 1112 1785 tas„

193 1807 275 1866 Pauli
291 1805 475 1881 predicatio,
489 1810 523 1864 ut
539 1809 658 1880 putrem
679 1801 812 1862 aboleret
831 1801 985 1896 affectum,
1062 1812 1193 1871 Ebrietas
1204 1828 1276 1886 ergo
1288 1814 1352 1872 hm
1366 1813 1423 1872 fuit
1440 1814 1508 1874 larg
1523 1820 1553 1876 οι
1570 1817 1683 1892 largior·
1693 1820 1756 1878 vini
1767 1835 1824 1897 ΡΟ,

193 1894 426 1962 corruptumque
442 1894 596 1947 evacuaret
610 1889 766 1946 humorem
781 1886 987 1959 disputationis
1027 1896 1113 1966 tatio,
1129 1911 1190 1969 qua
1206 1911 1290 1954 mens
1310 1912 1372 1954 non
1392 1896 1593 1972 obruebatur,
1607 1902 1661 1960 sed
1679 1903 1823 1964 expuam.

194 1989 256 2033 suar
275 1974 398 2044 aculeo,
419 1987 504 2030 urere
528 1973 623 2044 magis
648 1987 728 2044 aegra
748 1971 855 2027 mentis
875 1969 988 2028 viscera
1026 1978 1131 2035 batur:
1146 1979 1187 2035 ita
1203 1979 1232 2036 S.
1253 1979 1465 2054 Hieronymus,
1484 1984 1665 2056 Augustinus
1682 1989 1711 2044 et
1726 1985 1820 2046 rullo.

193 2057 335 2132 cupiens,
355 2071 448 2132 quam
469 2071 578 2116 secare.
599 2057 755 2114 incensum
778 2051 934 2122 orationis,
957 2055 988 2108 θῐ
1028 2061 1109 2118 Unde
1129 2062 1263 2118 Graecum
1286 2064 1384 2134 pretate,
1407 2062 1440 2120 id
1462 2069 1506 2122 est
1524 2065 1678 2137 inebriari,
1699 2068 1820 2142 dicitur,

194 2141 304 2200 mium
318 2143 346 2197 et
358 2141 472 2212 guttam
485 2137 645 2211 sepulturae
658 2135 786 2208 insignia
804 2149 881 2205 esse,
895 2133 987 2190 David
1027 2143 1114 2217 quasi
1126 2144 1188 2216 psai
1198 2147 1225 2198 st
1234 2145 1305 2215 aare,
1319 2144 1391 2219 quia
1403 2151 1472 2220 post
1484 2163 1568 2207 sacra
1580 2155 1692 2209 veteres
1705 2151 1764 2210 1211
1777 2154 1822 2212 111.

194 2238 251 2282 nos
270 2221 372 2280 docuit
392 2221 492 2278 dicens
514 2220 667 2294 :llyrrha,
683 2222 711 2276 et
728 2221 825 2290 gutta,
837 2220 866 2274 et
879 2217 986 2273 casiae
1028 2226 1191 2299 dulgahant
1211 2227 1346 2300 900111153
1361 2230 1408 2287 vel
1420 2231 1520 2304 ponus
1533 2235 1580 2286 pp,
1597 2239 1639 2294 ,ep
1655 2239 1776 2308 mm,
1788 2236 1822 2297 id

194 2305 384 2364 vestimentis
407 2305 491 2361 venii
507 2302 588 2360 ellim
609 2300 716 2360 Paulus
733 2315 851 2358 crucem
871 2297 987 2356 Domini
1027 2313 1085 2378 est,
1097 2324 1116 2366 a
1129 2309 1303 2369 remissione
1316 2316 1345 2370 et
1357 2313 1538 2372 relaxatione
1551 2316 1661 2388 animi,
1675 2318 1764 2379 etjam
1775 2337 1822 2380 gg.

194 2389 365 2465 praedlcare.
378 2407 393 2442 e
408 2390 442 2444 ut
454 2402 520 2460 cap.
538 2401 579 2444 x:
597 2385 695 2442 «idco
712 2383 745 2441 iu
761 2381 898 2440 convivio
918 2396 987 2454 pers
1027 2391 1143 2465 picatis,
1155 2408 1224 2465 quoe
1236 2393 1271 2450 tlt
1283 2409 1337 2466 per
1348 2395 1520 2454 suavitatem
1535 2402 1563 2455 et
1573 2399 1749 2459 bilaritatem
1760 2403 1823 2462 vini

157 2523 159 2526 .
196 2474 259 2546 ejus
279 2470 501 2546 quotupliciter
519 2471 615 2540 maior
636 2467 739 2526 effetha
759 2470 819 2534 est,
836 2464 920 2538 (lUOd
935 2463 989 2521 ht·
1028 2475 1820 2550 paulocoplosiasheusti.lteuustatuiusexltheneo.

195 2557 279 2616 berei
301 2553 504 2630 superioribus
527 2550 663 2610 antelmri
684 2563 747 2606 ¹1⁰ss
763 2546 863 2605 solum
882 2545 989 2602 meniis
1064 2559 1204 2632 apposite
1224 2557 1299 2617 dixit
1316 2561 1491 2619 Anacharsis
1506 2564 1685 2623 iuviteesse
1698 2567 1822 2627 tresbo·
1886 2587 1943 2641 aaa·

196 2639 371 2720 prudentia,
389 2636 443 2696 sed
464 2636 553 2695 etiam
571 2632 674 2692 militia
694 2629 827 2706 corporis
849 2629 989 2702 61811113
1028 2641 1823 2720 tros,ettresca1ices.ranzo,inquit,oalixhibitar
1842 2645 1944 2702 thium*

197 2726 373 2788 assuatis.»
896 2797 903 2810 ·
981 2796 988 2810 ι
1029 2723 1161 2782 sanitatis
1166 2741 1176 2796 ;
1190 2725 1334 2795 secandus,
1343 2727 1522 2801 voluptatis;
1537 2735 1651 2798 tertius,
1664 2731 1822 2806 ebrietatis,
1837 2703 1944 2812 ssffflffi

83 2829 182 2876 maur·
233 2812 273 2870 Er
294 2821 436 2866 mmarm
458 2819 544 2876 saur,
561 2833 598 2848 -
611 2800 707 2861 satiefi
728 2805 815 2870 suna·
835 2797 991 2858 exhilarat!
1029 2805 1147 2878 iniuria
1172 2811 1201 2864 et
1224 2806 1357 2866 insanior.
1385 2811 1495 2884 Sperne
1521 2813 1712 2887 voluptates,
1739 2821 1890 2876 nocetue.

79 2892 110 2938 ⁸¹⁸
147 2891 184 2935 ¹¹¹·
197 2898 283 2966 aaut,
296 2905 380 2952 mero
401 2890 601 2959 incaluerunt,
622 2887 695 2945 citra
714 2889 815 2943 umen
835 2881 990 2955 crapulam
1030 2889 1825 2973 emptadolorevoluptas;aeternasdeliciasexspecta,

86 2963 178 3061 Ἕω
197 2981 250 3040 aut
264 2975 466 3036 temulentiam
471 2992 481 3046 ς
495 2973 573 3032 banc
592 2970 673 3030 euim
693 2967 847 3027 contineas
860 2971 889 3023 et
900 2965 929 3022 S.
942 2966 991 3023 10-
1030 2968 1150 3028 rumine
1170 2970 1245 3029 illud
1267 2989 1276 3028 ε
1302 2975 1453 3032 «letatus
1472 2992 1541 3034 sum
1558 2977 1591 3034 in
1606 2977 1653 3036 hie
1667 2995 1736 3053 que
1748 2980 1828 3041 diota

197 3059 273 3136 seph
289 3059 322 3120 iu
340 3073 396 3118 sua
413 3072 517 3120 mensa
527 3069 590 3115 non
602 3051 797 3128 permisisset5
810 3064 865 3109 nec
876 3047 933 3110 bac
945 3062 991 3108 re-
1032 3056 1104 3112 sunt
1116 3051 1211 3114 mibi:
1226 3053 1259 3112 in
1271 3054 1399 3116 domum
1413 3058 1529 3116 [lomim
1545 3059 1666 3119 ibimus.
1679 3080 1695 3116 ι

444 3392 647 3498 CAPUT
683 3388 1227 3508 QUADRAGESIMUM
1262 3391 1582 3509 QUARTUM.

813 3627 1017 3693 SYNOPSIS
1041 3629 1218 3695 caetris.

201 3765 335 3901 suppleat
346 3839 426 3886 mom
438 3824 539 3884 occulte
551 3825 583 3880 ta
595 3835 670 3878 saeco
682 3819 839 3890 benjamim·
850 3820 918 3890 poni
926 3817 1005 3888 iubet
1016 3819 1123 3892 ioseph.
1137 3819 1210 3876 litae
1222 3819 1412 3891 beniamineae
1423 3827 1507 3896 quasi
1518 3826 1609 3894 nerem
1620 3825 1675 3883 ubi
1683 3829 1715 3884 tn
1727 3841 1833 3887 maer

589 3918 723 3990 deposcit3
736 3931 788 3988 pro
802 3929 831 3972 ec
844 3929 872 3972 se
884 3912 982 3984 iudos,
994 3928 1066 3972 cers.
1078 3915 1125 3982 18,
1138 3918 1170 3972 ta
1182 3919 1339 3975 seruitutem
1352 3919 1442 3990 offert.
1476 3982 1479 3987 ¹

251 4121 282 4188 1.
306 4117 465 4208 Praecepit
485 4121 596 4184 autem
615 4112 736 4203 ioseph
755 4109 971 4202 dispensatori
986 4110 1106 4180 domus
1122 4131 1212 4195 snae,
1232 4109 1343 4180 dicens
1359 4135 1368 4180 ε
1386 4111 1492 4204 Imple
1508 4135 1615 4185 saccos
1631 4138 1747 4186 eorum
1764 4119 1836 4190 tru-

204 4233 337 4310 meuto,
359 4229 522 4314 quantum
544 4225 681 4311 possunt
702 4237 833 4307 capere,
867 4223 901 4284 et
926 4237 1012 4307 poue
1040 4215 1216 4307 pecuniam
1242 4214 1450 4303 singulorum
1472 4219 1508 4285 iu
1529 4220 1717 4290 summitate
1737 4225 1833 4292 sacci.

205 4329 238 4400 2.
254 4329 423 4422 Scyphum
436 4336 546 4396 autem
556 4346 667 4392 meum
681 4331 888 4411 argenteum,
898 4329 931 4389 et
941 4320 1085 4412 pretium
1097 4319 1186 4411 quod
1199 4317 1290 4387 dedit
1303 4319 1412 4406 tritici,
1428 4324 1556 4413 poncia
1566 4347 1622 4395 oro
1631 4327 1713 4395 sacci
1722 4327 1835 4419 junio-

181 4470 185 4478 ·
205 4439 263 4506 ris.
276 4435 480 4525 Factumque
494 4439 542 4501 est
555 4431 612 4499 ite.
634 4429 667 4498 3.
687 4428 730 4496 Et
747 4435 819 4497 orto
837 4447 955 4512 mane,
975 4426 1102 4494 dimissi
1115 4433 1193 4494 sunt
1206 4446 1283 4494 cum
1297 4425 1397 4495 asinis
1409 4429 1488 4497 suis.
1508 4432 1543 4498 4.
1564 4431 1704 4524 Jamque
1718 4434 1835 4504 urbem

205 4544 374 4627 exierant,
395 4549 427 4609 et
444 4543 666 4629 processerant
685 4533 886 4624 paululum:
905 4539 985 4599 tune
1004 4530 1124 4621 Josepb
1137 4531 1291 4599 accersito
1306 4531 1526 4622 dispensatore
1539 4536 1682 4605 domus:
1706 4537 1834 4630 Surge,

206 4648 317 4740 inquit
327 4697 337 4731 ,
356 4653 389 4712 et
406 4663 600 4734 persequere
621 4641 731 4724 vi1·os;
749 4646 782 4706 et
798 4635 1009 4728 apprehensis
1027 4636 1152 4704 dicito:
1173 4635 1283 4714 Quare
1303 4636 1488 4707 reddidistis
1505 4640 1629 4708 malum
1647 4663 1707 4734 pro
1724 4643 1837 4713 bouoi

206 4753 240 4824 5.
259 4751 428 4842 Scyphus,
451 4769 551 4838 quem
564 4745 666 4813 furati
679 4743 776 4826 estis,
798 4743 867 4832 ipse
887 4741 987 4809 estin
1007 4763 1075 4832 quo
1088 4740 1172 4807 bibit
1183 4740 1339 4809 dominus
1357 4763 1470 4827 meus,
1489 4742 1661 4836 elinque
1681 4751 1839 4837 augurari

206 4859 289 4929 solet
304 4883 311 4923 :
329 4855 502 4947 pessimam
515 4874 585 4920 rem
598 4850 729 4918 fecistis.
749 4847 782 4916 6.
799 4847 890 4914 Fecit
901 4845 959 4913 ille
972 4854 1010 4912 ut
1019 4845 1172 4936 jusserat.
1192 4845 1235 4912 Et
1253 4845 1463 4936 apprehensis
1476 4849 1697 4938 perordinem
1710 4852 1841 4923 locutus

207 4972 267 5033 est.
283 4964 315 5029 t.
333 4960 398 5041 Qui
412 4957 671 5048 responderunt:
691 4955 800 5035 Quare
817 4952 864 5019 sic
875 4950 1026 5041 loquitur
1038 4950 1194 5018 dominus
1213 4961 1335 5035 noster,
1354 4959 1393 5018 ut
1409 4953 1496 5020 servi
1509 4953 1560 5020 tui
1573 4962 1703 5024 tantum
1722 4959 1841 5048 flagitii

207 5065 454 5138 commiserint?
468 5063 502 5130 8.
517 5061 695 5128 Pecuniam
708 5110 717 5143 ,
732 5079 834 5148 quam
847 5055 1036 5124 invenimus
1048 5055 1084 5122 in
1099 5055 1286 5123 summitate
1299 5077 1486 5142 saccorum,
1502 5061 1742 5149 reportavimus
1754 5063 1795 5132 ad
1810 5073 1842 5132 te

207 5172 249 5242 de
261 5181 350 5240 terre
362 5169 517 5262 Chauaan
534 5189 542 5232 :
562 5173 595 5233 et
611 5163 776 5255 quomodo
789 5183 992 5252 consequens
1004 5168 1052 5228 est
1066 5167 1105 5228 ut
1117 5160 1218 5228 iurati
1230 5161 1335 5230 simus
1347 5160 1388 5229 dc
1400 5161 1500 5230 domo
1517 5163 1644 5234 domiui
1657 5167 1708 5234 tui
1720 5189 1842 5237 aurum

208 5277 263 5347 vel
275 5277 475 5364 argentum?
497 5272 531 5341 9.
551 5269 650 5362 Apud
669 5287 913 5360 quemcumque
932 5263 1035 5334 fuerit
1053 5265 1228 5334 inventum
1248 5287 1419 5335 servorum
1436 5273 1573 5337 tuorum
1589 5270 1680 5361 quod
1699 5274 1842 5364 queris,

210 5381 385 5468 moriatur,
399 5386 432 5447 et
443 5399 504 5446 nos
517 5376 641 5445 eamus
652 5374 739 5444 servi
751 5371 879 5444 domiui
891 5371 1007 5444 uestri.
1024 5371 1079 5442 to.
1094 5370 1161 5452 Qui
1173 5369 1257 5440 dixit
1269 5370 1317 5441 eis
1333 5393 1340 5438 ι
1360 5369 1434 5440 Fiat
1446 5369 1545 5462 juxte
1557 5384 1699 5446 vestram
1711 5385 1841 5458 sentens
