4182 6044
323 419 377 517 tes
817 415 1451 536 eorumvmunvnxonuu,m.vnr.

245 568 310 616 nm
322 561 440 620 ldemS.
454 562 644 636 Augustinus,
657 579 746 625 serm.
760 565 796 623 ⁸7
808 567 848 624 lis
858 567 999 640 Tempore:
1016 567 1115 640 Orige-
1158 571 1334 630 amovendis
1347 572 1442 644 renis,
1452 573 1523 638 tum
1534 571 1569 628 ut
1582 569 1718 644 experiar
1731 582 1772 628 an
1781 563 1949 626 memmio

205 632 310 751 ἓξὲξ
322 661 392 715 nes,
406 645 545 706 liehanos
564 649 592 718 et
611 649 757 732 Rupertus
770 664 825 724 per
841 665 930 708 ranas
946 649 1116 724 intelligunt
1157 667 1211 726 per
1221 669 1252 710 se
1271 653 1409 712 deficiant
1421 668 1519 723 rante,
1533 653 1621 727 qnasi
1635 667 1707 710 casu
1720 651 1782 708 huc
1793 649 1899 720 mato,
1912 663 1950 708 ιιι

204 761 240 802 ω,
322 727 435 798 inssnta,
453 729 626 800 modulata,
645 727 783 790 sabulosa
800 735 829 790 et
848 733 967 808 impura
981 732 1113 792 carmine
1157 735 1258 810 potius
1269 739 1412 810 tanquam
1424 735 1527 794 divina
1535 735 1643 794 virtute
1655 734 1801 804 inducta,
1816 747 1880 790 non
1891 732 1953 788 sine

321 817 496 885 poetarum,
511 827 579 886 qum
599 813 700 872 multis
721 813 840 874 inerunt
857 815 955 872 exitio.
975 816 1113 884 meando,
1158 817 1262 876 cadem
1276 819 1335 876 tuis
1351 818 1490 892 precihus
1509 817 1671 894 implorata
1683 815 1815 876 amoveri
1826 814 1948 888 possint.

225 907 288 952 aare
323 894 477 966 Gregorius
493 899 640 967 nyssenus
655 914 663 952 r
678 895 853 966 nana,cr·c‚
873 901 962 970 typus
979 903 1115 955 suntvo-
1193 901 1238 958 tt.
1255 903 1544 972 cunum-non
1561 915 1650 970 voce,
1665 899 1719 956 sed
1738 897 1907 965 desiderio,
1923 899 2032 952 aiau

203 973 310 1087 mm·
323 977 469 1050 loptoosne
490 984 518 1036 et
538 979 699 1044 luxuriosae
718 980 802 1050 vitre;
827 995 897 1038 nam
915 983 1024 1052 primo,
1041 995 1115 1038 rana
1157 999 1267 1056 magna
1279 983 1371 1044 animi
1384 983 1417 1040 in
1429 987 1522 1042 Deum
1535 983 1699 1040 elevatione
1706 985 1736 1038 et
1744 977 1949 1051 contentione:

202 1097 226 1136 ,ι
248 1092 310 1136 ruru-
323 1061 432 1118 animai
445 1065 488 1118 est
502 1061 636 1136 ancipitis
649 1061 731 1132 vitae,
741 1061 773 1118 in
786 1061 873 1134 aquis
891 1063 963 1121 etin
976 1067 1053 1120 terra
1073 1063 1115 1122 vi·
1158 1065 1200 1124 sic
1213 1083 1279 1140 cap.
1294 1081 1359 1136 xrv,
1373 1069 1508 1136 versib,
1521 1067 1598 1124 Deus
1612 1065 1681 1124 dicit
1691 1063 1732 1125 ad
1744 1065 1843 1122 ltcsen
1856 1066 1950 1120 taeen-

204 1153 268 1204 rior.
282 1152 309 1196 on
322 1159 408 1214 vens,
418 1143 448 1200 in
463 1161 547 1202 coenn
561 1149 590 1200 et
603 1145 666 1202 luto
677 1159 866 1202 commorans
879 1163 886 1202 z
899 1145 940 1202 sio
954 1146 1046 1204 homo
1059 1161 1114 1202 vo·
1158 1151 1218 1206 tem
1232 1165 1240 1204 ε
1259 1169 1272 1202 r
1284 1149 1362 1219 Quid
1372 1149 1483 1208 clamas
1497 1148 1538 1206 ad
1548 1150 1641 1208 meir

210 1220 303 1322 ‘iffi'
321 1227 477 1301 luptuosus
496 1227 656 1300 ambiguus
675 1230 719 1286 est
739 1227 815 1285 inter
833 1227 986 1286 homiuem
1004 1231 1032 1286 et
1049 1227 1115 1286 bes-
1193 1235 1239 1290 lt.
1257 1233 1575 1300 Gonavnasvsnnsrons
1595 1243 1646 1290 ms
1663 1231 1784 1306 (ranas)
1802 1245 1832 1288 nv
1850 1243 1951 1287 nnn·
1963 1235 2033 1282 init

227 1339 281 1396 gg,
322 1310 415 1368 tiam:
438 1309 565 1382 figuram
585 1309 664 1368 enim
685 1309 815 1368 hominis
838 1311 925 1382 gerit,
948 1311 1002 1368 sed
1024 1310 1116 1368 vitam
1158 1329 1356 1373 sosreeenss.
1370 1317 1479 1374 -Non
1494 1316 1593 1372 statim
1611 1320 1714 1373 orante
1730 1315 1808 1372 llose
1826 1326 1953 1370 evanue·

321 1393 422 1450 bestia
436 1395 505 1465 agit.
520 1393 659 1460 Secundo,
673 1408 748 1451 rana
764 1391 906 1451 deformis
919 1397 963 1449 est
976 1397 1114 1466 aspectu,
1159 1401 1229 1454 runt
1240 1411 1335 1470 ranae,
1348 1412 1386 1454 ne
1399 1395 1555 1470 prestigia
1571 1395 1661 1456 tuisse
1675 1399 1864 1470 putarentur,
1879 1409 1951 1450 neve

323 1481 352 1534 et
370 1477 434 1548 tetri
452 1475 581 1544 loetoris,
597 1491 665 1550 qum
683 1476 770 1550 equis
787 1489 848 1534 non
871 1476 1044 1545 mundatur,
1062 1473 1115 1532 sed
1159 1479 1268 1550 flagelli
1285 1479 1375 1549 hujus
1392 1479 1614 1538 oblivisceretur
1630 1479 1755 1536 Pharao.
1774 1477 1854 1534 Unde
1869 1476 1952 1534 Philo

323 1557 417 1631 magis
429 1559 601 1634 inquinatur
615 1577 623 1615 :
638 1559 680 1618 sic
694 1557 765 1616 toedi
778 1561 807 1616 et
819 1557 951 1616 loetentes
964 1563 1033 1616 sunt
1047 1573 1116 1616 ven·
1159 1565 1188 1618 et
1201 1561 1346 1634 losephus
1355 1561 1478 1620 tradunt
1485 1577 1523 1620 ex
1534 1561 1615 1620 ranis
1625 1560 1751 1622 morenis
1762 1559 1897 1618 fetorem
1910 1557 1952 1616 in·

323 1643 360 1700 tri
377 1647 405 1700 et
420 1642 524 1701 Veneri
543 1643 667 1713 addicti,
683 1657 753 1700 narn
773 1641 844 1714 gula
859 1646 888 1698 et
904 1640 1000 1700 iibido
1015 1643 1117 1701 omnia
1158 1643 1344 1704 tolerabilem
1358 1645 1522 1704 exhalasse.
2051 1690 2056 1707 .

323 1741 427 1787 eorum
436 1726 572 1798 cogitata,
583 1726 661 1783 dicta
671 1729 698 1782 et
711 1725 797 1796 iacta,
808 1729 936 1784 mentem
948 1740 1116 1800 corpusque
1195 1729 1240 1786 l‘l.
1255 1729 1462 1798 Percussrroua
1473 1741 1734 1800 rouvsmmu,
1743 1742 1779 1786 nr
1791 1741 1953 1786 recusum
1963 1729 2035 1778 rnre.

322 1811 550 1870 commaculant.
566 1811 669 1880 tertio,
684 1825 765 1868 ranae
778 1814 846 1868 sunt
858 1809 999 1884 loquaces
1011 1828 1019 1868 ι
1030 1811 1071 1868 sie
1082 1809 1117 1870 li·
1159 1825 1302 1870 scrsrrnss
1322 1827 1351 1870 ur
1372 1827 1540 1884 neumuns,
1553 1827 1589 1870 rr
1606 1827 1636 1870 nv
1652 1825 1798 1872 anesum.
1809 1841 1845 1856 -
1857 1810 1952 1870 neria

321 1891 453 1951 bidinosi
463 1891 563 1968 turpia
576 1893 723 1952 exhalant.
739 1893 853 1961 Quarto.
864 1907 945 1952 rauce
957 1893 1117 1952 haeomnia
1161 1897 1203 1952 est
1221 1894 1283 1952 hmo
1300 1894 1391 1969 plaga
1409 1895 1598 1970 sciniphum,
1611 1911 1665 1970 per
1683 1909 1775 1970 quam
1789 1895 1821 1950 in
1833 1897 1913 1974 tersa
1924 1894 1953 1947 et

322 1975 516 2051 penetrabant
528 1982 557 2035 et
568 1975 824 2050 conspurcahant:
841 1976 883 2034 sie
894 1977 966 2048 gula
979 1980 1009 2034 et
1020 1975 1116 2035 libido
1160 1976 1281 2050 pulvere
1291 1979 1388 2052 puniti
1398 1983 1468 2037 sunt
1477 1977 1617 2054 AEgyptii,
1628 1977 1684 2054 qui
1693 1975 1832 2046 Hebrum
1843 1975 1876 2034 in
1890 1976 1952 2036 luto

323 2062 425 2120 omnia
440 2064 574 2136 penetrat
589 2065 619 2118 et
636 2060 743 2133 ioedat3
759 2061 790 2118 in
812 2061 921 2122 mensis
941 2059 1117 2131 gulosorum
1160 2059 1339 2120 etlaterihus
1349 2065 1566 2138 oppresserant.
2050 2053 2061 2144 ‘J

322 2145 471 2219 abundat,
485 2145 517 2204 in
530 2145 644 2204 lectulis
660 2149 689 2202 et
700 2139 901 2219 penetralibus
919 2145 1038 2213 assidet,
1051 2158 1118 2202 mu·
1195 2143 1268 2202 licta
1282 2163 1290 2202 ε
1306 2147 1370 2204 ilrec
1388 2145 1480 2220 plaga
1495 2145 1552 2204 tuit
1571 2145 1603 2204 in
1620 2145 1704 2204 omni
1720 2149 1797 2204 terra
1817 2145 1951 2220 Empti,

323 2247 372 2288 ros
382 2234 412 2289 et
425 2229 508 2288 aulas
521 2244 625 2288 corum
637 2226 774 2288 obscenis
785 2226 977 2299 imaginibus,
986 2243 1057 2284 vasa
1066 2225 1117 2284 ioe·
1161 2243 1223 2290 non
1240 2229 1429 2304 simpliciter,
1441 2230 1495 2289 sed
1512 2229 1695 2304 ubicumque
1710 2233 1795 2288 erant
1806 2229 1950 2304 AEgyptii,

323 2315 369 2371 dis
378 2313 546 2387 sculpturis,
559 2327 668 2386 corpus
678 2310 845 2384 putredine,
856 2315 984 2368 mentem
996 2325 1118 2384 corrup·
1160 2311 1208 2370 vel
1226 2329 1331 2372 eorum
1348 2315 1483 2384 Jumenta
1497 2332 1506 2371 r
1520 2313 1561 2370 ad
1577 2313 1641 2370 hese
1659 2311 1739 2372 enim
1755 2317 1871 2370 tantum
1887 2329 1952 2370 eru·

323 2399 402 2456 tione
416 2395 540 2456 obducit
551 2399 580 2452 et
591 2394 737 2467 inquinat.
750 2395 791 2449 lta
804 2395 961 2466 Nyssenus.
1160 2397 1267 2456 cienda
1285 2397 1367 2456 missi
1386 2401 1457 2454 sunt
1471 2396 1629 2470 sciniphes.
1645 2396 1726 2454 Unde
1744 2396 1867 2469 quando
1881 2395 1953 2454 dici·

358 2485 386 2538 7.
406 2481 553 2538 Pnsmusr
572 2490 666 2536 rursu
686 2490 722 2532 nr
739 2489 868 2533 urrrrrcr
883 2489 936 2532 rm
953 2489 1118 2534 messario·
1161 2483 1229 2537 tur:
1250 2481 1379 2540 «Omnis
1398 2479 1499 2554 pulvis
1518 2483 1603 2538 terres
1623 2493 1726 2540 versus
1747 2482 1791 2536 est
1813 2478 1844 2535 in
1863 2478 1951 2556 seini-
2060 2551 2061 2556 ἵ

324 2579 375 2621 uns
388 2577 456 2621 snas
469 2576 621 2620 srururrsn.
636 2559 828 2618 —Nimirum
841 2575 904 2618 non
917 2563 960 2618 tot
975 2564 1117 2632 quotae·
1161 2563 1274 2640 phes,s
1290 2563 1421 2636 intellige
1427 2579 1504 2640 ,per
1513 2561 1728 2636 hyperbolem,
1744 2562 1951 2632 remeasset
2060 2569 2061 2574 ’

324 2661 395 2718 ron,
405 2661 473 2720 quae
484 2644 592 2702 scilicet
603 2642 751 2716 operirent
761 2657 865 2700 omnes
876 2641 965 2699 urbes
976 2645 1005 2698 et
1015 2641 1115 2713 vilias;
1162 2652 1205 2706 cst
1217 2648 1379 2722 plurimus,
1393 2649 1480 2722 quasi
1494 2645 1607 2718 omnis,
1619 2647 1673 2722 qui
1685 2651 1749 2704 erat
1759 2647 1843 2720 apud
1855 2646 1951 2705 hemi·

325 2729 378 2788 sed
398 2745 508 2804 paucas
528 2728 644 2802 aliquas
659 2741 747 2785 ranas
766 2743 801 2786 ex
823 2728 910 2801 aquis
931 2728 1117 2798 eduxerunt,
1161 2747 1214 2790 nes
1229 2735 1258 2788 et
1268 2733 1413 2802 jumenta.
1427 2731 1517 2804 idque
1534 2731 1576 2788 ite
1593 2746 1656 2788 esse
1668 2733 1749 2804 patet
1761 2744 1799 2786 ex
1812 2744 1890 2786 vers.
1904 2731 1948 2786 21.

230 2876 265 2902 Γ
302 2813 400 2889 'quas
413 2815 495 2888 prius
512 2811 764 2886 aliundeoccultc
782 2827 818 2868 en
831 2809 1042 2868 transtulerunt
1056 2809 1117 2868 dre·
1195 2815 1490 2876 Notasecurrrtorlirec
1504 2813 1951 2872 animalianovadicuntnrsci·

325 2913 442 2968 mones,
457 2894 505 2954 vel
525 2895 612 2954 etiam
630 2910 706 2968 quas
725 2893 895 2952 naturaliter
915 2893 1118 2966 produxerant
1162 2898 1282 2972 niphes,
1296 2900 1325 2956 ct
1336 2912 1430 2968 grace
1450 2896 1668 2970 aseptusginte
1684 2900 1714 2954 et
1726 2895 1848 2953 Philone
1860 2899 1950 2965 αιῑᾳε

203 3017 205 3028 ·
324 2995 361 3038 ea
377 2979 480 3052 aquis,
499 2977 678 3052 applicando
698 2977 793 3035 activa
808 2975 934 3050 passivis
951 2993 958 3030 r
977 2977 1019 3034 ita
1037 2976 1118 3036 enim
1161 2981 1262 3056 (quod
1275 2981 1307 3039 in
1322 2980 1467 3050 singulari
1479 2980 1585 3038 dicitnr
1597 2979 1677 3049 ortt,
1689 2979 1738 3036 vel
1749 2978 1947 3049 rote),evoee

324 3060 494 3120 naturaliter
506 3078 543 3118 ex
556 3061 643 3134 aquis
656 3075 744 3118 ranas
757 3059 839 3131 gigni
848 3057 994 3116 videmus.
1161 3066 1285 3124 nemea
1292 3073 1384 3128 0212
1394 3067 1509 3132 sermm,
1522 3062 1657 3121 nonnihil
1668 3060 1949 3133 immutarffivelpc-

356 3150 384 3205 8.
394 3148 491 3205 Orare
505 3148 648 3215 Doursun,
663 3160 699 3202 nr
714 3158 841 3204 ruram
854 3141 1052 3200 araas-ilinc
1064 3158 1117 3216 pa·
1161 3150 1219 3224 tius
1231 3165 1250 3206 a
1264 3152 1362 3208 Graeco
1375 3149 1453 3209 aruer
1460 3141 1515 3219 ,id
1527 3149 1571 3204 est
1583 3160 1730 3220 pungere,
1743 3145 1892 3220 pruritum
1904 3158 1950 3200 ex·

323 3233 364 3288 tet
375 3229 541 3304 graviorem
551 3231 628 3286 hanc
641 3227 731 3286 tuisse
740 3227 860 3301 plagam
868 3239 1010 3284 ranarum
1018 3225 1117 3298 priore
1161 3234 1249 3294 citare
1264 3250 1273 3290 ε
1287 3234 1345 3293 hec
1362 3231 1443 3292 enim
1462 3230 1575 3290 faciunt
1592 3228 1741 3303 ciniphes,
1755 3228 1809 3301 qui
1824 3231 1854 3284 et
1865 3223 1949 3284 scini-

324 3313 486 3386 sanguinis.
506 3316 570 3372 llaec
584 3311 661 3370 enim
680 3310 824 3386 compulit
837 3307 1020 3366 Pharaonem
1033 3323 1117 3366 orare
1160 3318 1235 3394 phes
1245 3321 1400 3376 vocantur.

324 3399 422 3456 llosen
433 3412 488 3471 pro
498 3396 690 3470 liberatione,
700 3395 785 3468 quod
796 3393 878 3466 prior
891 3407 953 3448 non
963 3390 1080 3451 iecerat.
1196 3399 1323 3466 Omeros,
1338 3395 1442 3470 quales
1454 3394 1563 3452 tuerint
1573 3392 1606 3452 hi
1619 3389 1947 3464 sciniphestiosephus,

359 3486 387 3541 9.
401 3485 559 3540 cossurus
572 3495 653 3551 urar,
667 3491 781 3547 corano
797 3489 940 3534 narseum
955 3488 1010 3532 rao
1021 3489 1066 3532 ra.
1081 3505 1118 3518 —
1161 3479 1273 3538 flebraei
1284 3522 1294 3550 ,
1306 3481 1460 3550 eajetanus
1480 3480 1509 3536 et
1527 3476 1656 3534 Oleastru-
1675 3474 1831 3532 llehraeum
1847 3475 1948 3530 bermo

323 3564 461 3622 hebraice
480 3567 524 3620 est
539 3581 545 3617 :
562 3563 685 3620 Gloriore
702 3576 783 3631 super
798 3575 840 3616 me
855 3559 963 3630 quondo
978 3574 1050 3615 mern
1066 3574 1118 3630 pro
1160 3566 1278 3622 vertunt
1289 3561 1454 3637 pediculos,
1467 3561 1521 3617 sed
1533 3561 1646 3628 errant,
1661 3561 1725 3614 tum
1736 3557 1809 3630 quia
1820 3555 1949 3629 pediculi

324 3654 367 3713 te,
385 3665 413 3718 q.
432 3647 461 3703 d.
484 3649 566 3703 Hunc
583 3643 639 3700 tibi
657 3643 803 3701 honorem
821 3640 940 3709 defero,
953 3645 986 3697 ut
999 3645 1117 3715 tempus
1161 3661 1223 3704 nou
1242 3661 1260 3704 e
1278 3645 1414 3718 pulvere,
1429 3644 1482 3700 sed
1502 3659 1519 3701 e
1538 3657 1661 3716 corpore
1679 3641 1949 3712 generantur31urn

323 3728 484 3787 constituas
495 3731 523 3784 et
536 3725 675 3795 definias,
687 3741 750 3798 quo
763 3737 865 3794 orem,
877 3728 910 3780 ut
920 3723 1000 3780 ranis
1013 3723 1118 3781 libere·
1161 3730 1233 3802 quin
1244 3729 1448 3804 Septuaginta,
1460 3730 1561 3784 Noster
1574 3730 1602 3784 et
1614 3725 1696 3784 Philo
1709 3727 1827 3781 vertunt
1838 3721 1947 3782 esuu-

323 3813 364 3871 ris
376 3815 409 3868 tu
423 3826 493 3867 cunr
507 3808 565 3868 tuis
574 3806 726 3881 AEgyptiis.
741 3809 814 3863 Nota
826 3809 853 3858 ri
865 3805 984 3876 quondo,
994 3823 1022 3878 q.
1037 3806 1065 3862 ri.
1078 3808 1117 3864 Ne
1161 3813 1275 3886 phes,a
1291 3828 1352 3870 non
1363 3810 1530 3884 pediculos.

323 3910 373 3951 me
387 3896 499 3953 certum
515 3895 544 3950 et
557 3890 689 3948 naturale
705 3895 824 3964 tempus
841 3887 1011 3946 cessationis
1029 3903 1117 3950 rana·
1196 3895 1330 3962 Secundo,
1343 3894 1506 3952 torniellus
1523 3891 1588 3950 vult
1604 3890 1752 3965 sciniphes
1766 3890 1858 3948 tuisse
1872 3890 1949 3964 puli·

230 3967 233 3973 ’
323 3991 391 4036 rum
409 3993 446 4037 ex
465 3976 651 4050 horoscopo,
665 3975 697 4032 id
715 3976 758 4032 est
775 3989 812 4031 ex
826 3971 1007 4048 inspectione
1020 3971 1117 4042 hora,
1161 3993 1225 4049 ees,
1243 3968 1332 4051 quia,
1349 3978 1374 4034 si
1391 3975 1514 4034 inissent
1531 3976 1654 4044 culices,
1672 3973 1795 4032 tuissent
1812 3972 1949 4046 producti

322 4059 371 4118 vel
393 4060 577 4120 ascendentis
600 4059 671 4116 novi
693 4056 814 4128 sideris,
836 4055 939 4112 venari
964 4057 993 4112 et
1016 4055 1118 4114 rimari
1161 4077 1224 4120 nen
1247 4063 1319 4132 hac,
1339 4060 1392 4116 sed
1414 4058 1548 4133 sequenti
1569 4058 1668 4131 plaga,
1690 4071 1758 4130 quae
1777 4055 1833 4114 luit
1854 4054 1948 4112 omnis

224 4161 229 4168 ·
323 4143 410 4220 quasi
424 4143 625 4212 astrologum,
638 4141 687 4198 vel
702 4155 825 4211 magum
841 4143 994 4210 autumes,
1008 4139 1072 4214 ipse
1084 4143 1118 4198 tu
1161 4144 1276 4216 generis
1295 4157 1477 4200 muscarum.
1492 4143 1599 4198 Verum
1611 4139 1724 4212 pulices
1739 4154 1801 4197 non
1818 4139 1949 4195 involant

217 4219 222 4230 ’
322 4231 442 4301 tempus
462 4224 595 4284 delinito.
618 4220 732 4281 Sciebat
757 4225 848 4280 lioses
874 4237 907 4279 se
928 4221 1033 4280 datum
1054 4237 1118 4282 esse
1160 4227 1193 4283 in
1213 4226 1331 4297 oculos,
1352 4231 1381 4283 et
1399 4224 1512 4300 pulices
1532 4228 1690 4292 vocantur,
1713 4237 1776 4281 non
1795 4221 1946 4296 sciniphes.

323 4315 416 4371 Deum
427 4307 599 4377 Pharaonis,
610 4305 856 4378 liberatoremque
871 4304 983 4362 israelis
996 4323 1004 4361 ι
1016 4305 1117 4379 itaque
1162 4309 1243 4366 Adde
1258 4308 1365 4366 culices
1375 4308 1495 4382 proprie
1503 4322 1565 4364 non
1579 4323 1640 4364 asse
1652 4321 1785 4376 muscas,
1797 4321 1866 4364 cum
1879 4305 1948 4362 alio·

323 4398 361 4455 de
372 4394 463 4466 signis
477 4393 517 4450 ad
530 4389 735 4448 liberationem
747 4389 824 4446 hanc
836 4387 1006 4444 necessariis
1019 4403 1055 4445 cx
1069 4387 1118 4447 Dei
1162 4393 1215 4464 qui
1224 4391 1305 4448 varia
1314 4391 1486 4462 sintgenera
1496 4405 1665 4448 muscarum
1676 4406 1684 4445 ι
1694 4392 1738 4446 est
1746 4389 1825 4446 enim
1838 4402 1947 4456 musca,

322 4477 435 4535 fiducia
451 4479 481 4534 et
496 4471 694 4549 promissione
708 4477 804 4529 certus
822 4471 961 4528 audacter
974 4471 1119 4544 promittit
1162 4475 1221 4534 alia
1239 4473 1433 4544 cantuaritis
1450 4473 1572 4547 equina,
1584 4473 1642 4530 alia
1655 4471 1780 4542 bovina,
1800 4472 1860 4529 alia
1871 4485 1949 4528 eorn-

321 4558 480 4630 Pharaoni,
491 4575 522 4618 se
536 4556 671 4632 quolibet
683 4559 815 4630 tempore
829 4571 916 4613 ranas
930 4555 1116 4628 ablaturum3
1162 4559 1277 4628 munis,
1300 4558 1359 4616 alia
1381 4557 1552 4632 Hispaniae,
1572 4554 1631 4614 alia
1648 4553 1749 4628 nigra,
1766 4554 1826 4614 alia
1844 4569 1947 4622 aurea,

322 4645 453 4704 maxime
461 4643 533 4718 quia
542 4641 690 4699 nitebatur
698 4644 781 4698 tanta
789 4654 843 4696 sua
851 4656 919 4696 cum
928 4643 986 4696 lieo
994 4638 1119 4699 familia·
1162 4641 1221 4698 alia
1233 4639 1325 4712 flava,
1339 4643 1394 4698 etc.

322 4727 420 4798 ritate,
435 4731 464 4785 et
477 4725 599 4787 occultis
613 4725 701 4782 abeo
715 4723 857 4794 agebatur
870 4723 996 4780 stimulis
1007 4723 1047 4779 ad
1061 4723 1118 4794 hee
1198 4725 1267 4781 bico
1280 4740 1350 4797 argo
1363 4721 1509 4796 sciniphes
1521 4721 1612 4778 tuisse
1624 4720 1731 4779 culices
1746 4719 1819 4793 (evit,
1832 4719 1873 4778 ait
1884 4721 1947 4790 tity-
1958 4711 2036 4770 Sidi*

323 4801 510 4880 audendum,
523 4808 610 4882 quasi
627 4808 703 4863 Deus
722 4803 883 4874 assisteret,
898 4808 1037 4877 certoque
1053 4821 1118 4863 sue·
1162 4808 1343 4880 molegicum
1350 4810 1494 4878 Graecum,
1504 4807 1554 4860 leri
1562 4802 1736 4872 savoneriis,
1747 4804 1833 4877 cnips
1847 4805 1890 4859 est
1900 4817 1949 4858 cu·
1959 4782 2038 4884 ᾖξ’

322 4898 462 4964 curreret,
471 4897 504 4949 ut
513 4890 648 4966 quolibet
658 4895 791 4962 tempore
802 4891 901 4960 posset
910 4888 1030 4962 plagam
1043 4889 1118 4948 hanc
1162 4892 1226 4951 licis
1240 4892 1367 4966 speciem
1381 4889 1497 4962 gerens)
1511 4903 1674 4961 eorumque
1686 4885 1802 4944 infinita
1814 4884 1951 4942 examina

322 4991 464 5036 ranarum
478 4974 614 5034 auferre:
629 4973 714 5030 nulla
731 4987 801 5042 ergo
819 4971 867 5028 hio
887 4969 943 5027 init
963 4972 1012 5028 Dei
1026 4975 1118 5030 tenta·
1163 4976 1212 5048 tut
1236 4975 1317 5030 velut
1336 4977 1456 5030 extensa
1482 4972 1597 5040 nubes,
1624 4974 1716 5031 totam
1738 4969 1952 5028 obumbrarent

322 5059 375 5130 tio,
389 5057 446 5117 fuit
457 5061 557 5118 tamen
569 5057 627 5116 hoe
642 5073 718 5130 opus
732 5053 834 5124 magui
847 5053 939 5110 animi
950 5057 978 5110 ct
991 5052 1116 5114 virtutis.
1161 5059 1337 5130 AEgyptum,
1350 5056 1392 5112 ait
1413 5053 1509 5127 Philo)
1516 5095 1525 5126 ,
1540 5054 1593 5128 qui
1614 5057 1643 5110 et
1666 5066 1793 5124 corpora
1814 5049 1951 5108 aculeatis

322 5143 404 5201 Unde
418 5142 574 5201 Chaldaeus
586 5139 673 5202 vertit
687 5158 695 5196 ι
709 5143 773 5197 Pete
786 5138 839 5194 tibi
849 5139 1016 5208 potentiam,
1029 5137 1061 5195 id
1074 5143 1118 5198 est
1162 5140 1289 5198 stimulis
1302 5139 1498 5209 terebrarent,
1511 5141 1548 5208 ei,
1562 5140 1595 5193 ut
1609 5135 1648 5194 ait
1660 5135 1753 5205 Philo,
1767 5149 1854 5190 nares
1866 5133 1952 5190 etiarn

322 5243 387 5286 rem
400 5241 557 5297 magnam,
572 5226 613 5282 ad
631 5238 724 5298 quam
741 5219 958 5279 conficiendam
977 5235 1054 5294 opus
1074 5226 1119 5280 est
1162 5237 1310 5296 auresque
1326 5222 1535 5296 pervaderent,
1555 5221 1631 5276 etin
1653 5218 1755 5276 oculos
1775 5216 1952 5274 involarent.

322 5325 433 5382 magna
444 5309 475 5366 vi
486 5313 515 5366 et
528 5307 669 5382 potentia.
1163 5310 1260 5376 Quare
1272 5305 1331 5362 hoe
1343 5303 1455 5362 animal
1468 5301 1534 5360 lieet
1544 5301 1773 5358 minutissimum
1785 5299 1841 5369 sit,
1855 5301 1900 5354 est
1912 5302 1954 5354 ta·

203 5415 263 5463 vm,
275 5423 309 5464 ω,
358 5396 405 5453 10.
418 5394 655 5462 Qurarsroaerr,
671 5403 801 5460 ειυς,-
813 5391 875 5448 hon
890 5389 987 5447 statim
1000 5388 1058 5445 hoc
1070 5388 1118 5446 die
1162 5404 1232 5446 men
1251 5385 1502 5445 molestissimum.
1523 5385 1603 5442 Unde
1622 5381 1794 5442 sumbus
1815 5379 1952 5438 Nisibites

322 5482 351 5534 ct
364 5479 527 5546 momento,
538 5477 603 5533 tum
613 5477 647 5533 ut
658 5473 711 5533 tihi
726 5473 854 5548 spatium
864 5465 933 5534 dem
945 5473 1050 5534 orandi
1060 5490 1117 5549 pro
1161 5471 1194 5530 in
1214 5471 1354 5546 Saporem
1375 5484 1475 5549 regem
1494 5470 1663 5538 Persarum,
1678 5463 1798 5528 Nisibim
1813 5463 1953 5526 obsiden-
