4100 6024
269 363 288 424 6
814 361 988 420 succutitis
1005 360 1125 420 SbCllAE
1143 359 1347 420 scamonii.

269 467 394 540 tribula,
409 467 514 530 anima
526 462 790 533 immortalitatem,
803 461 984 537 libertatem,
997 481 1058 543 pce·
1135 466 1246 527 Eadem
1265 470 1309 522 est
1326 465 1354 522 S.
1368 459 1630 533 Clementis,beati
1648 457 1723 518 Petri
1735 457 1854 519 comitis
1864 461 1893 516 st

270 565 340 621 nas,
353 553 475 625 premia
494 555 648 624 creataque
668 547 769 604 omnia
782 551 893 618 tangit,
908 549 1013 605 certius
1032 550 1061 605 ει
1101 548 1231 620 alumni,
1243 549 1403 619 sententia,
1417 550 1507 621 Epist.
1523 548 1550 601 a.

270 633 393 692 solidius
413 649 503 708 qrram
525 629 673 690 naturales
691 627 817 686 scientim
831 634 1060 706 persequuntur,
1137 638 1206 708 Quae
1224 636 1308 693 tertia
1330 636 1413 710 parte
1432 633 1469 690 de
1490 630 1691 689 incarnatione
1708 629 1894 705 queruntur,

272 729 379 790 easque
393 713 486 776 sicubi
500 715 649 784 aberrent,
666 711 696 769 ln
709 711 789 770 vlam
802 715 957 773 reducunt.
1101 718 1203 776 omnia
1221 735 1238 775 e
1258 721 1387 794 quatuor
1400 713 1580 788 Evangeliis,
1594 727 1661 790 qua
1678 713 1771 770 vitam
1789 710 1896 770 Christi

207 839 213 851 .
308 799 395 867 Quod
412 799 450 855 ad
468 795 632 860 secundum
650 795 807 866 gratiaci
825 795 1061 854 tertiumdivini·
1101 801 1443 874 enarrant,deprompta
1462 801 1545 867 sunt,
1568 809 1636 871 qum
1650 797 1687 856 de
1703 793 1895 853 sacramentis

271 883 337 940 tatia
357 879 512 950 ordinem,
525 893 613 936 nemo
631 894 693 935 non
710 877 790 935 videt
802 893 871 936 curn
886 881 918 936 ii.
933 880 1059 952 meme,
1101 885 1268 956 veteribus,
1283 899 1319 940 ex
1337 883 1463 940 Levitico
1469 899 1478 952 3
1501 893 1569 957 quae
1586 880 1623 936 de
1645 877 1837 940 sacramentis
1854 875 1897 934 le·

271 964 527 1039 baaphiIcsophls
541 959 690 1034 incognita
702 958 791 1018 inisse
804 962 1003 1034 (cumnatura
1015 961 1062 1018 lu·
1102 967 1147 1041 gis
1169 981 1270 1034 novas,
1293 979 1330 1024 ex
1350 968 1431 1023 Novo
1450 964 1634 1021 'testamento
1656 961 1784 1037 sparsim
1804 960 1896 1036 petita

271 1062 340 1106 men
354 1045 590 1119 transcendant),
604 1049 633 1103 et
650 1045 775 1103 sinebat
792 1045 986 1117 revelatione,
998 1046 1060 1103 sine
1103 1054 1180 1109 sunt.
1197 1051 1268 1122 Quae
1282 1052 1313 1107 in
1324 1047 1422 1124 prima
1435 1046 1572 1104 secundae
1587 1046 1624 1103 de
1639 1041 1842 1116 beatitudine,
1858 1042 1896 1101 da

153 1143 176 1188 s.
190 1132 425 1198 sorbeis-erbo
441 1131 579 1190 scirinon
593 1143 691 1206 posse.
705 1127 805 1186 viden·
819 1132 1061 1202 argemoniae
1102 1133 1383 1204 aestuaremus,
1396 1124 1898 1205 libertate,sp0naneo‚passront·

160 1207 253 1308 ‘3²2⁸‘
271 1228 370 1273 rerum
389 1215 509 1274 ordines
521 1227 605 1271 sacra
617 1211 764 1286 Scriptura
781 1211 910 1283 ambiat,
921 1211 1061 1269 omnibus
1102 1219 1180 1292 hus,
1193 1221 1313 1294 peccato
1327 1213 1481 1300 originali,
1493 1210 1621 1283 veniali,
1635 1207 1767 1282 mortali,
1779 1209 1817 1270 de
1830 1223 1898 1282 gra·

159 1325 251 1382 prenae.
271 1315 302 1357 ιθ
315 1299 461 1369 insinuet,
475 1304 504 1355 ιι
523 1297 609 1370 qussi
623 1296 669 1352 ⁸⁰¹
686 1293 836 1370 tlpifflliffi
847 1293 945 1352 omnis
958 1294 1061 1353 veilla-
1102 1301 1160 1373 tia,
1173 1301 1299 1372 meritis,
1311 1297 1460 1357 demeritis
1472 1297 1643 1366 necantur,
1657 1294 1757 1364 unde,
1774 1307 1897 1370 queso,

271 1383 307 1442 lis
317 1382 418 1441 radios
431 1399 449 1439 a
460 1395 491 1438 so
504 1377 661 1438 diffundat·
1103 1385 1160 1444 nlsi
1181 1385 1232 1442 liei
1251 1381 1429 1441 revelatione
1447 1377 1605 1437 constanti
1617 1377 1688 1447 Qua
1711 1374 1743 1433 ln
1765 1373 1898 1437 secunda

151 1477 208 1522 neu·
226 1481 259 1524 aa
306 1471 488 1541 Aristoteles,
508 1467 556 1526 rei
573 1466 710 1544 quisquis
729 1469 774 1524 est
793 1467 907 1537 auctor,
924 1463 1002 1522 libro
1024 1467 1062 1522 iia
1103 1467 1242 1526 secundm
1252 1467 1290 1525 de
1300 1463 1371 1536 fide,
1383 1477 1445 1538 spe,
1457 1461 1596 1520 charitats
1610 1460 1807 1537 disputantur,
1819 1457 1898 1517 adeo

166 1541 241 1645 Ἣ
271 1557 383 1622 Mando,
397 1567 533 1630 quarens
543 1551 618 1625 quid
631 1553 668 1607 sit
681 1551 775 1608 fleus:
792 1550 872 1605 atico
886 1547 917 1606 in
928 1548 1043 1608 mundo
1051 1567 1059 1620 ,
1103 1551 1193 1608 sacris
1206 1549 1317 1607 Litteris
1330 1547 1474 1616 nituntur,
1488 1549 1523 1601 ut
1535 1541 1633 1600 omnis
1649 1555 1752 1600 earum
1765 1540 1899 1599 intellec·

161 1611 185 1646 Β
238 1632 245 1644 ’
271 1641 383 1714 inquit,
397 1643 440 1696 est
454 1641 542 1707 ficus,
555 1635 639 1709 qnod
650 1635 681 1690 in
690 1631 758 1690 navi
773 1629 963 1705 gubernator,
977 1631 1061 1708 quod
1103 1638 1152 1691 tus
1162 1634 1202 1690 ed
1212 1634 1268 1691 ista
1277 1632 1333 1689 tria
1345 1628 1496 1698 referatur,
1505 1626 1583 1684 aits.
1597 1625 1787 1697 Augustinus,
1802 1625 1855 1683 lib.
1873 1626 1897 1684 ΙΙ

270 1725 302 1781 in
316 1739 403 1781 curru
417 1722 537 1794 auriga,
559 1720 589 1776 in
605 1719 696 1775 choro
714 1719 888 1790 praecentor,
901 1714 933 1772 ln
947 1714 1061 1774 civitate
1104 1719 1143 1774 lle
1156 1720 1287 1774 Doctrina
1298 1716 1465 1779 christiana,
1477 1727 1544 1784 cap.
1554 1726 1601 1769 nn.
1623 1709 1810 1769 «Finisenim
1821 1726 1900 1784 prm-

270 1807 334 1878 lex,
349 1805 379 1862 ln
397 1807 524 1862 exercitu
540 1801 700 1874 imperator
716 1817 724 1858 r
738 1819 753 1855 a
774 1799 832 1856 nisi
845 1797 928 1872 quod
951 1797 981 1855 in
1003 1797 1061 1858 iilis
1104 1801 1197 1875 cepti,
1211 1801 1250 1856 ait
1263 1797 1436 1872 Apostolus,
1449 1800 1493 1851 est
1505 1793 1631 1851 charitas
1644 1793 1682 1851 de
1695 1793 1785 1848 eorde
1797 1808 1898 1866 puro,

270 1889 451 1966 principatus
463 1881 629 1942 laboriosus
643 1881 892 1958 est,pertnrbatus
901 1885 929 1938 ct
938 1884 1043 1940 anxins
1050 1901 1059 1956 3
1104 1886 1132 1940 et
1146 1883 1322 1940 conscientia
1335 1881 1427 1951 bona,
1440 1875 1711 1935 ennoematice.»
1730 1875 1822 1932 «Fide
1834 1891 1900 1934 non

271 1975 302 2031 in
316 1976 374 2030 Deo
390 1969 564 2035 facillimus,
580 1967 748 2024 liberrimus
767 1967 796 2022 et
813 1963 1059 2024 ordinatissimus.
1103 1965 1205 2036 ticta,n
1221 1982 1259 2023 en
1271 1963 1326 2022 tibi
1337 1963 1412 2022 tides
1426 1963 1551 2032 sincera3
1567 1959 1766 2019 «conscientia
1780 1959 1898 2032 bona‚s

270 2059 350 2114 idem
365 2053 473 2111 dixeris
489 2053 526 2110 de
540 2065 622 2108 sacra
635 2049 797 2123 Scriptura,
811 2062 879 2121 qua
893 2047 958 2105 aliis
971 2049 1061 2107 scien·
1104 2065 1142 2108 en
1154 2065 1238 2124 spes:
1249 2048 1331 2108 bona
1345 2046 1424 2104 enlm
1436 2043 1615 2103 conscientia
1625 2047 1734 2121 sperat,
1749 2044 1829 2101 maia
1843 2045 1900 2102 de·

152 2151 208 2196 neu·
225 2153 259 2196 ω
270 2143 316 2198 tiis
331 2140 454 2208 duxest,
467 2135 531 2205 lex,
545 2135 681 2208 princeps
699 2137 728 2189 et
745 2131 934 2188 moderatrix.
959 2131 1062 2206 Empe·
1104 2136 1214 2206 sperat3
1232 2130 1383 2188 achadtas
1403 2131 1440 2186 da
1459 2127 1549 2185 corde
1565 2142 1689 2201 puro,r
1705 2142 1744 2184 en
1757 2128 1899 2186 charitas.

158 2213 252 2284 *ihm*
271 2225 370 2283 docies
381 2235 464 2290 vero,
478 2223 599 2292 rogatus
612 2217 687 2291 quid
697 2219 772 2273 esset
784 2217 870 2286 tiens,
883 2217 1037 2288 respondit
1052 2235 1060 2273 ι
1105 2220 1175 2287 Qua
1193 2216 1232 2274 de
1246 2213 1375 2287 iustitia,
1393 2211 1580 2280 tortitudine,
1595 2209 1770 2283 prudentia,
1784 2215 1902 2285 tempe-

151 2285 259 2379 {flffi
272 2311 346 2364 beas
364 2310 407 2364 est
425 2305 541 2379 sphera
551 2298 875 2374 incomprehensibilis,
891 2300 976 2370 cujus
996 2313 1062 2356 cen·
1104 2301 1215 2370 rantis,
1229 2304 1259 2358 et
1277 2299 1357 2355 hisce
1374 2295 1496 2354 annexis
1512 2293 1670 2352 viantibus
1687 2293 1794 2351 docent
1806 2295 1902 2353 ibeo·

158 2394 249 2450 ibices.
272 2396 349 2449 trum
370 2393 415 2447 est
435 2381 563 2458 ubique,
583 2381 818 2442 circumferentia
838 2395 998 2454 nusquam.
1017 2383 1062 2440 Sic
1104 2387 1182 2458 logi,
1197 2389 1263 2442 tum
1282 2388 1374 2444 tiosos
1391 2382 1423 2442 in
1434 2381 1530 2440 modo
1550 2382 1579 2436 ct
1599 2381 1804 2438 ammaonte
1820 2395 1900 2453 prm-

152 2455 259 2559 ffiffi
272 2475 386 2546 roganti
399 2471 544 2548 quidnam
557 2467 594 2525 sit
606 2479 690 2526 sacra
702 2467 860 2541 Scriptura,
873 2469 951 2524 recte
964 2466 1060 2529 dicas:
1104 2470 1194 2544 ceptis
1205 2465 1411 2540 judicialibus,
1426 2464 1538 2538 quibus
1547 2463 1597 2535 ius
1610 2462 1718 2535 cuique
1732 2460 1801 2520 dicit
1809 2479 1820 2532 ;
1832 2469 1901 2522 tum

169 2588 241 2632 qnam.
272 2560 391 2633 Sphrera
405 2561 449 2613 est
465 2551 628 2626 disciplina
640 2547 963 2624 incomprehensibilis,
978 2551 1062 2623 cuius
1104 2555 1243 2612 Salomon
1254 2545 1817 2617 inProcerttts,Eoclertaste,Scptentta;
1832 2547 1902 2604 tum

270 2647 403 2699 centrum
425 2639 468 2695 est
487 2636 617 2708 ubique,
636 2631 870 2692 circumierantin
888 2647 1060 2707 nusquam:
1106 2635 1320 2696 Ecclesiasticus
1330 2629 1633 2708 complectiturzinde
1642 2629 1772 2701 matam
1780 2632 1824 2686 est
1836 2629 1902 2687 die·

269 2727 320 2783 liei
337 2725 417 2781 anim
436 2721 565 2778 verbum
583 2721 626 2775 est
646 2719 793 2793 Scriptura
814 2732 907 2775 sacra.
923 2719 1019 2786 Quare
1030 2725 1063 2778 ut
1104 2725 1165 2790 tus,
1180 2719 1265 2792 quasi
1279 2717 1377 2790 dicas,
1393 2715 1490 2774 omnis
1502 2715 1605 2771 virtus.

269 2807 376 2865 mentis
397 2809 504 2862 nostrae
522 2801 650 2860 verbum
665 2805 793 2859 mentem
813 2801 1062 2880 ipsam,etasque
1139 2809 1225 2866 Sacra
1240 2804 1321 2863 enim
1336 2801 1572 2878 Scripturasioa
1588 2797 1695 2874 Spiritu
1708 2801 1813 2859 Sancto
1826 2817 1900 2861 con-
1955 2810 1989 2853 sc.

269 2905 356 2948 sensa
377 2889 479 2946 omnin
498 2885 585 2944 refert
598 2903 605 2941 :
618 2885 658 2944 ita
675 2887 703 2942 S.
722 2885 870 2958 Scriptura
891 2885 997 2944 mentis
1019 2887 1062 2947 di·
1105 2889 1190 2949 cinna
1209 2891 1344 2947 contexte
1363 2891 1423 2957 est,
1443 2891 1476 2944 ut
1495 2885 1636 2943 omnibus
1655 2884 1744 2956 loeis,
1758 2887 1900 2960 tempori·

269 2973 346 3032 vina
359 2973 498 3042 Verbum,
514 2973 545 3027 in
560 2985 624 3028 sese
638 2969 771 3042 unicum,
785 2973 813 3025 et
825 2969 926 3027 divino
935 2971 1063 3032 intellec·
1104 2973 1176 3043 bus,
1189 2971 1340 3047 personis,
1353 2969 1592 3040 difficultatibus,
1606 2969 1759 3043 periculis,
1772 2970 1899 3044 morbis,

267 3059 311 3116 tui
324 3063 353 3116 et
372 3055 533 3128 cognitioni
552 3054 638 3128 qnasi
656 3055 845 3128 adaequatum
860 3054 937 3128 (qno
954 3055 1063 3114 scilicet
1105 3055 1191 3114 maiis
1206 3055 1367 3129 pellendis,
1382 3052 1469 3112 bonis
1482 3051 1677 3124 accersendis,
1692 3052 1842 3110 erroribus
1850 3055 1901 3125 ja·

268 3157 314 3213 se,
329 3155 376 3197 res
389 3153 508 3209 omnes,
523 3137 670 3194 naturales
683 3142 713 3195 et
724 3138 971 3211 supernaturales,
987 3142 1061 3198 lieus
1105 3139 1258 3212 galandis,
1272 3137 1462 3208 dogmatibus
1480 3135 1660 3208 statuendis,
1673 3136 1830 3194 vhtntibus
1851 3138 1900 3195 in·

267 3240 329 3282 uno
348 3223 454 3280 mentis
473 3222 563 3279 cernit
579 3224 611 3278 in
627 3221 708 3294 ictu),
722 3221 861 3294 exprimit
873 3223 1021 3296 permulta
1033 3228 1062 3282 et
1105 3221 1251 3292 serendis,
1271 3221 1348 3278 vitiis
1370 3219 1580 3296 propulsandis
1597 3235 1659 3277 sese
1677 3221 1899 3292 accommodet3

266 3307 365 3376 varie,
380 3309 415 3362 ut
431 3306 537 3362 mentis
553 3309 660 3363 nosfrae
678 3307 838 3378 angustiis,
854 3322 922 3379 qum
940 3307 1062 3365 unicum
1104 3311 1138 3364 ut
1148 3308 1253 3364 marito
1266 3307 1295 3364 S.
1307 3305 1430 3363 Basilius
1448 3319 1515 3362 sam
1529 3302 1653 3360 officinae
1664 3303 1897 3364 instructissima
1909 3314 2017 3371 seeum

268 3391 344 3448 iilud
357 3388 557 3446 vastissimum
569 3405 631 3446 non
643 3389 735 3461 capit,
747 3394 844 3446 totum
857 3389 994 3464 quidem,
1008 3391 1061 3448 sed
1104 3393 1272 3464 comparet,
1294 3401 1362 3463 quae
1380 3388 1499 3458 omnia,
1514 3391 1541 3444 ct
1560 3388 1657 3445 omnis
1676 3389 1789 3460 generis
1806 3390 1898 3464 phar·
1910 3383 1945 3422 Β*
1959 3377 2018 3433 ¹³¹²²¹⁴

269 3472 414 3530 frustatim
437 3471 522 3544 quasi
548 3471 665 3543 pneris,
686 3487 740 3546 per
765 3472 861 3528 varias
888 3474 1060 3546 sententias,
1105 3487 1189 3532 mace
1201 3473 1358 3546 quibusvis
1371 3471 1485 3529 morbis
1497 3469 1683 3546 suppeditat:
1694 3469 1734 3529 lta
1744 3473 1897 3547 nimirum,
1918 3450 2012 3544 effic

270 3555 424 3628 exempla,
438 3553 645 3610 similitudines
665 3554 774 3611 sensim
786 3555 909 3625 ingerat.
924 3557 1011 3630 atqui
1025 3573 1062 3613 ox
1105 3561 1139 3614 ut
1150 3572 1187 3613 ex
1200 3571 1236 3614 ea
1247 3555 1382 3624 Ecclesia,
1397 3557 1470 3613 dum
1481 3557 1616 3630 tempora
1626 3560 1710 3613 erant
1724 3557 1897 3631 liartyrunr,

269 3638 327 3695 hoc
341 3637 448 3695 deinde
461 3637 547 3710 quasi
558 3637 648 3707 marl,
663 3635 831 3694 scholastici
849 3637 929 3695 rivos
944 3640 1062 3697 concin-
1105 3639 1234 3698 hauserit
1246 3639 1441 3698 constantiam
1454 3652 1539 3696 suam
1553 3642 1581 3694 ει
1590 3636 1808 3711 fortitudinem
1824 3642 1900 3700 dum

269 3719 792 3791 sionnrn'fbeoiogicarumeducunt.
806 3721 887 3777 rotie
901 3723 1062 3779 aSchoias-
1105 3729 1239 3796 tempora
1257 3725 1433 3792 Doctorum,
1453 3721 1603 3796 sapientias
1624 3720 1751 3792 lumina,
1773 3723 1902 3782 fiumina

270 3805 326 3861 tion
339 3806 366 3861 S.
380 3804 577 3876 Scripturanr‚
597 3817 659 3858 non
672 3803 883 3874 Theologlam,
898 3803 950 3860 sed
968 3805 1064 3862 Philo·
1106 3807 1280 3880 eloquentiae
1285 3825 1294 3877 ;
1311 3803 1384 3862 dum
1394 3805 1754 3878 ternporahrereticorum,
1766 3807 1836 3865 fidei
1849 3808 1901 3866 iir-

271 3887 407 3960 sophinm
425 3886 529 3956 dnbis;
550 3885 746 3960 Philosophus
768 3887 840 3954 eris,
862 3902 923 3943 non
941 3887 1064 3946 rheoio-
1106 3894 1265 3962 mamenta,
1280 3903 1415 3947 errorum
1428 3889 1627 3959 eversionem
1643 3888 1673 3944 in
1685 3892 1847 3964 prosperis,
1862 3909 1901 3950 ex

271 3975 512 4044 gustutramque
523 3969 648 4026 invicem
659 3983 765 4027 nexam
777 3972 879 4042 junge,
892 3984 980 4028 omna
989 3968 1064 4029 feres
1105 3989 1141 4032 ea
1161 3973 1295 4030 didicerit
1315 3972 1512 4029 humilitatem
1530 3974 1559 4027 et
1578 3973 1753 4029 modestiam
1760 3991 1770 4044 3
1794 3974 1826 4031 in
1847 3977 1902 4034 ad·

271 4056 415 4127 punctum
428 4058 457 4110 et
466 4053 605 4124 Theologi
619 4055 648 4110 et
662 4051 842 4126 Philosophi.
1106 4057 1198 4114 vorsis
1206 4098 1216 4129 ‚
1234 4056 1505 4129 magnanimitatem
1513 4073 1522 4126 ;
1538 4053 1570 4111 in
1584 4059 1685 4127 tepore
1695 4098 1705 4127 ,
1714 4058 1862 4116 fervorem
1871 4065 1902 4120 et

208 4177 214 4192 .
307 4143 347 4198 lta
362 4158 430 4214 quae
444 4140 540 4213 prima
550 4143 633 4213 parta
648 4140 685 4200 de
697 4141 746 4197 ilci
761 4139 886 4198 essentia
899 4143 928 4196 et
942 4139 1064 4200 attribu·
1107 4139 1308 4212 diligentiam
1323 4139 1466 4213 denique,
1483 4138 1508 4194 si
1526 4139 1649 4212 quando
1667 4143 1710 4197 tot
1729 4140 1901 4202 lnbentibus

272 4226 308 4282 tis
318 4267 327 4295 ,
339 4226 375 4282 de
386 4223 642 4299 predestinatione
653 4266 661 4293 ,
672 4223 709 4284 de
723 4225 857 4296 Angelis,
872 4223 910 4281 de
924 4222 1045 4282 homine
1052 4264 1063 4295 ,
1106 4226 1206 4289 annis,
1216 4224 1316 4294 senio,
1330 4221 1471 4292 maculis,
1486 4221 1576 4278 naris
1589 4221 1778 4295 deformetur,
1793 4241 1830 4283 ex
1844 4227 1902 4286 hac

272 4308 310 4365 de
321 4323 409 4381 opere
421 4324 473 4364 sex
481 4307 597 4365 dierum
607 4305 700 4382 (quod
709 4311 849 4365 totumex
858 4306 949 4365 Gerus.
962 4321 1027 4381 cap.
1037 4323 1063 4378 1,
1106 4323 1226 4367 morum
1236 4307 1421 4381 perditorum
1434 4305 1658 4377 restitutionem,
1669 4312 1758 4381 atque
1770 4309 1903 4370 reditum

271 4391 395 4465 petitum
414 4407 476 4450 esse
491 4391 616 4464 liquet),
635 4394 832 4448 tractantnr'a
852 4393 884 4448 b.
905 4391 1018 4448 'thoma
1037 4394 1066 4450 et
1107 4390 1146 4448 ad
1165 4391 1320 4464 pristinam
1337 4388 1510 4461 dignitatem
1531 4392 1560 4445 et
1583 4391 1692 4446 statum
1714 4391 1771 4448 sibi
1791 4393 1904 4452 adscis-

271 4473 465 4543 Schoiastiois,
476 4473 583 4530 hausta
595 4477 625 4531 et
636 4475 764 4531 deducta
777 4473 1011 4549 suntexlisquae
1020 4489 1066 4532 sa·
1107 4479 1164 4533 cat.
1180 4476 1222 4531 lta
1238 4475 1267 4531 S.
1280 4475 1445 4531 Bernartius
1458 4473 1488 4530 in
1502 4473 1553 4531 illa
1566 4474 1670 4531 Christi
1680 4475 1787 4549 verba,
1813 4476 1846 4536 Si
1858 4483 1905 4540 ota

272 4572 390 4614 orarum
409 4555 582 4614 Litterarum
595 4556 772 4615 revelatione
786 4555 954 4616 didicimus.
970 4557 1065 4626 Quare
1106 4560 1244 4629 perfectus
1263 4573 1332 4624 csse,
1352 4555 1437 4625 υιιιιε,
1458 4557 1542 4614 corde
1563 4561 1654 4615 emata
1675 4576 1736 4631 gan
1756 4561 1854 4630 holm,
1875 4571 1904 4622 et

272 4643 300 4698 S.
315 4640 489 4716 Dionysius,
504 4641 596 4713 digito
613 4641 652 4700 ad
665 4641 761 4699 ionas
778 4641 1065 4714 intenro‚coeiestem
1108 4642 1146 4698 dn
1169 4642 1352 4712 paoperibus,
1380 4647 1407 4697 et
1429 4642 1537 4698 ιειεὸιι
1565 4643 1720 4700 thesauram
1745 4648 1777 4702 tn
1803 4649 1866 4704 cato
1893 4669 1903 4707 r

272 4739 357 4784 suam
372 4723 566 4784 hierarchiam
580 4725 620 4782 ita
637 4723 769 4782 orditur:
783 4723 848 4784 aad
861 4739 959 4783 sacras
972 4725 1066 4803 Scrip-
1111 4727 1222 4794 ellac,
1236 4724 1290 4794 ait,
1309 4722 1401 4782 verba
1420 4729 1488 4782 sunt
1501 4741 1569 4799 qua
1582 4731 1784 4802 contemptum
1795 4731 1906 4791 mundi

271 4812 353 4864 turns
374 4807 597 4878 intelligendas,
610 4813 700 4882 prout
719 4807 784 4864 illas
797 4823 816 4864 a
829 4808 963 4865 Patribus
982 4823 1065 4866 aoce-
1109 4808 1141 4866 ιιι
1158 4808 1298 4865 universo
1318 4808 1451 4878 mundo,
1467 4812 1496 4866 ct
1511 4809 1710 4866 voluntariam
1729 4826 1905 4885 persuasere
1929 4827 1937 4844 ·

272 4893 372 4965 pimus
381 4890 576 4960 contuendas,
584 4906 641 4964 pro
649 4889 763 4947 viribus
772 4905 942 4964 pergamus,
952 4893 980 4948 et
990 4907 1066 4966 quas
1108 4893 1907 4968 paupertatemhacsuntquaemonachisclaustrare·

273 4973 315 5032 iiii
330 4973 417 5031 nobis
432 4972 480 5030 vel
493 4989 547 5048 per
563 4974 664 5044 signa,
677 4974 725 5032 rel
743 4989 797 5048 per
809 4975 1007 5046 intelligentiae
1021 4991 1066 5035 sa·
1108 4977 1191 5050 pient
1198 5017 1207 5046 ,
1222 4976 1336 5033 deserta
1348 4977 1567 5033 anachoretis.»
1582 4979 1622 5033 lta
1631 4980 1658 5035 S.
1670 4979 1838 5038 lhidentina
1849 4984 1907 5057 Sy·

273 5059 405 5116 orationis
416 5073 523 5116 arcana
532 5058 727 5126 tradiderunt,
737 5057 898 5114 coeiestium
909 5057 1066 5131 spirituum
1109 5061 1207 5116 nodus
1221 5059 1353 5115 Ecclesia
1363 5059 1602 5117 reformationem
1616 5076 1634 5117 a
1647 5060 1675 5120 S.
1690 5062 1838 5136 Scriptura
1851 5081 1906 5125 or·

275 5141 475 5200 distinctiones
498 5147 526 5198 et
544 5141 683 5212 ordines,
697 5141 887 5212 inquantum
905 5154 1066 5214 possumus
1110 5142 1335 5214 ditur‚totoque
1346 5143 1444 5215 primo
1460 5143 1577 5200 decreto
1594 5147 1632 5199 ile
1649 5146 1851 5214 deformatione
1864 5150 1907 5208 de

274 5224 471 5299 speculemur.
481 5245 496 5277 ι
507 5223 536 5282 Si
550 5223 630 5281 enim
642 5223 768 5295 Angelos
778 5237 840 5279 non
849 5224 1003 5297 pingerent
1013 5239 1067 5281 no·
1108 5239 1170 5280 una
1183 5224 1305 5281 lectione
1321 5226 1348 5281 S.
1363 5226 1517 5300 Scriptura.
1532 5225 1630 5283 ubivis
1647 5227 1782 5285 iocorum
1799 5230 1845 5287 vei
1857 5231 1907 5290 in·

274 5308 322 5366 bis
343 5325 433 5366 saorra
455 5307 583 5377 Litterae,
606 5306 674 5378 quis
696 5305 827 5378 Apelles,
850 5306 917 5377 quis
941 5307 1065 5380 oculus,
1110 5308 1266 5379 stituenda,
1277 5307 1325 5366 vel
1337 5311 1514 5382 revocanda,
1525 5313 1587 5368 tam
1597 5310 1720 5369 sollicite
1734 5313 1906 5387 quamiusa

275 5391 361 5464 quod
373 5405 500 5450 muman
509 5405 560 5448 eos
573 5388 746 5460 vestigando
760 5387 952 5447 delineassetl
1109 5392 1249 5465 precipit.
