4088 6032
1637 174 1645 208 t

648 201 889 262 connumerale
906 201 941 260 nt
958 201 1119 272 cernelli,
1138 212 1200 258 altr.
1219 197 1242 258 Ι.
1722 186 1758 258 ΒΊ

124 291 183 357 nie.
197 301 277 360 Andi
289 301 514 376 Tertullianum,
528 303 606 366 lib.t
621 306 722 364 Ceret-ro
739 309 919 374 Marcionem,
964 305 1026 362 iera
1036 306 1056 379 ),
1071 309 1168 362 umen
1189 305 1279 362 lentur
1300 302 1442 362 informes
1457 301 1541 360 utero
1553 299 1640 360 foetus
1654 300 1755 366 edero,

127 397 190 456 cap.
206 401 257 444 ιιι
272 405 280 442 :
293 392 352 444 ent
364 403 433 444 cum
444 391 472 446 et
484 387 623 446 animalia
636 389 740 448 irrides
751 389 921 460 minutiora,
965 390 1018 444 scd
1032 393 1116 446 nates
1130 388 1231 460 lingua
1244 387 1367 458 fingere,
1381 389 1468 458 atque
1478 385 1510 441 in
1523 384 1650 456 speciem
1664 382 1710 438 sui
1720 383 1757 438 si·

127 481 193 538 quae
210 470 361 528 maximus
384 471 487 528 artifex
509 472 547 528 de
559 471 718 542 industria,
732 471 856 542 ingeniis
871 475 921 530 aut
964 474 1219 545 militudinemque
1231 469 1358 528 formare
1371 489 1378 526 ε
1392 475 1424 527 tu
1434 471 1512 526 filios
1525 474 1593 525 tuos
1607 467 1756 524 instituere

126 547 240 606 viribus
265 552 434 624 ampliavit,
456 554 497 609 sic
520 553 754 624 magnitudinem
767 555 797 610 in
809 554 922 611 medio·
964 555 1073 612 similes
1086 557 1129 612 tui
1142 571 1203 612 non
1217 556 1317 628 potest
1329 555 1437 610 Eadem
1452 553 1535 624 gravi
1550 551 1652 608 allecta
1665 551 1755 618 ccede,

126 633 224 691 oritate
237 636 368 708 probaro
380 637 505 705 docens,
514 637 770 710 quemadmodum
783 637 921 694 virtutem
963 644 991 697 et
1000 639 1186 696 consauciata
1195 637 1379 707 uulneribus,
1390 638 1501 694 mederi
1516 635 1572 692 sibi
1586 635 1678 704 novit,
1691 634 1757 690 her-

126 713 155 770 in
168 715 356 788 infirmitate,
371 719 536 776 secundum
550 719 724 791 Apostolum
731 737 740 790 3
756 718 869 776 imitare
876 717 921 788 ,si
964 723 1026 794 boe,
1046 724 1094 780 cui
1116 739 1226 780 nomen
1245 727 1287 779 est
1309 722 1459 794 phlomos,
1481 721 1579 777 ulcera
1598 717 1756 789 subjiciens

125 804 223 872 potes,
238 801 305 874 apis
315 800 452 870 edificia,
465 800 594 858 formica
608 800 737 872 stabula,
750 817 864 858 araneae
876 818 921 858 rc·
965 821 1035 875 sua,
1058 811 1091 862 ut
1110 803 1174 862 solo
1198 808 1335 862 curantur
1357 808 1475 861 attactu.
1498 805 1621 876 Serpens
1634 817 1756 875 quoquc

125 881 178 952 tia,
199 882 362 956 bombycis
384 883 524 956 stamina3
549 884 675 954 sustine,
697 884 721 940 si
740 889 839 958 pates,
854 883 920 940 illas
964 891 1051 960 pastu
1063 887 1193 944 foeniculi
1206 887 1364 944 coecitatem
1383 887 1497 960 repellit
1514 889 1676 959 exceptam.
1690 888 1755 942 Tes-

126 962 203 1037 ipsas
223 966 326 1024 lectuli
347 971 374 1024 et
396 967 497 1038 tegetis
522 971 580 1024 tuae
603 966 727 1036 bestiae,
741 965 919 1024 cantharidis
963 971 1036 1026 tudo
1060 970 1221 1026 visceribus
1242 975 1327 1042 pasta
1349 970 1504 1042 serpentis,
1525 983 1754 1026 cumvenenum

125 1063 257 1120 venena,
271 1065 381 1106 muscae
402 1050 532 1124 spicula,
547 1051 648 1108 culicis
659 1054 688 1108 ct
700 1051 804 1108 tubam
816 1054 845 1106 ct
858 1050 921 1106 lan·
963 1053 1118 1110 adverterit
1137 1053 1193 1108 sihi
1215 1068 1350 1125 serpere,
1366 1053 1488 1124 origano
1501 1052 1679 1110 medicinam
1692 1068 1754 1108 sura

127 1147 206 1190 ceam
223 1150 231 1188 :
246 1133 349 1208 qualia
370 1138 457 1190 crunt
476 1135 605 1206 majora,
625 1148 695 1190 cnm
715 1137 777 1190 tam
795 1133 920 1189 modicis
963 1135 1065 1194 salutis
1088 1139 1210 1192 excreat.
1230 1136 1333 1192 Videas
1356 1137 1444 1192 etiam
1456 1135 1577 1208 vulpem
1590 1136 1756 1208 lacrymula

128 1218 175 1272 aut
184 1215 302 1286 iuvaris
314 1219 366 1273 aut
383 1215 511 1286 laederis,
528 1218 561 1272 ut
573 1231 628 1274 nec
640 1215 671 1272 in
685 1215 810 1272 modieis
824 1214 920 1286 despi·
962 1217 1051 1290 pinus
1064 1219 1231 1276 medentem
1244 1218 1310 1274 sihi.
1321 1218 1433 1274 Clamat
1449 1219 1588 1274 Dominus
1601 1221 1696 1275 terem.
1706 1234 1754 1276 rr:
1777 1265 1779 1268 .

127 1295 183 1354 rias
196 1298 406 1355 creatorcmto
419 1300 460 1354 lta
473 1298 665 1372 Chrysippus,
680 1301 751 1356 teste
765 1297 919 1354 Plutarcho
966 1305 1096 1359 oTurtur
1116 1303 1144 1358 et
1165 1302 1309 1372 hirundo,
1330 1301 1394 1372 agri
1411 1316 1543 1374 passeres
1557 1303 1756 1359 custodierunt

126 1377 176 1436 lib.
191 1381 215 1434 v
228 1382 271 1436 De
289 1382 412 1451 Natura,
427 1379 543 1438 cimices
567 1385 595 1436 et
614 1395 714 1438 mures
727 1379 841 1437 homiui
854 1394 920 1451 per·
961 1389 1097 1457 tempora
1114 1384 1250 1441 introitus
1263 1385 1326 1454 sui;
1342 1385 1473 1457 populus
1488 1387 1585 1441 autem
1597 1401 1681 1440 meus
1693 1399 1756 1442 non

127 1461 210 1520 utiles
233 1479 299 1521 esse
320 1462 409 1534 dixit,
428 1462 581 1523 cimicibus
600 1463 680 1520 enim
700 1477 791 1521 nasu
813 1477 919 1520 somno
963 1467 1102 1538 cognovit
1113 1467 1225 1538 jndicio
1239 1467 1366 1523 Domini.
1378 1467 1462 1522 Novit
1474 1466 1563 1522 etiam
1573 1465 1695 1524 formica
1706 1483 1756 1524 cx·

127 1545 263 1618 excitari,
278 1549 307 1603 et
324 1545 461 1604 muribus
482 1546 637 1604 admoneri
645 1589 655 1618 ,
669 1551 703 1604 ut
719 1545 750 1602 in
764 1545 854 1604 rebus
874 1545 920 1602 lo·
962 1552 1080 1624 plorare
1094 1550 1254 1608 serenitatis
1268 1555 1402 1624 tempora
1417 1567 1425 1606 t
1440 1565 1510 1606 nam
1530 1565 1565 1606 ca
1577 1552 1756 1622 presagiens

129 1629 226 1686 caudis
241 1645 345 1687 curam
358 1629 562 1688 adhibeamus.
963 1635 1129 1692 madidatos
1140 1633 1250 1690 tructus
1263 1633 1342 1692 foras
1354 1637 1502 1708 exportat,
1513 1633 1616 1704 utjugi
1627 1634 1688 1692 sole
1702 1635 1757 1690 sie·

160 1713 188 1770 S.
202 1713 385 1788 Augustinus
397 1717 514 1772 enarrat
526 1713 557 1770 in
570 1713 645 1770 Psoi.
660 1727 783 1771 exnunc:
799 1715 921 1770 ohtten·
963 1721 1074 1774 ecntur.
1089 1720 1180 1773 Boves
1193 1716 1380 1789 impendente
1400 1717 1502 1790 pluvia
1515 1717 1554 1774 ad
1568 1717 1711 1792 praesepia
1724 1735 1755 1774 sa

131 1795 192 1865 dat,
203 1796 260 1867 ait,
274 1797 401 1854 charitas
412 1801 508 1854 vestra
523 1814 530 1853 ι
546 1796 612 1870 quis
626 1795 773 1869 disposuit
785 1795 922 1854 membra
963 1804 1060 1856 mucre
1084 1804 1245 1869 noverunt,
1270 1799 1342 1856 alias
1364 1799 1443 1856 foras
1466 1803 1612 1872 spectant,
1636 1805 1664 1856 ct
1678 1801 1756 1858 ultra

130 1877 233 1952 pulicis
249 1882 279 1937 ct
293 1879 407 1950 culicis,
419 1884 453 1937 ut
463 1879 591 1938 habeant
604 1879 740 1938 ordinem
754 1896 854 1948 suum,
868 1881 921 1938 ha·
962 1883 1105 1957 praesepia
1118 1881 1243 1939 cervices
1256 1883 1436 1950 extendunt,
1449 1887 1482 1938 ut
1496 1883 1616 1955 prodire
1633 1899 1666 1938 se
1679 1885 1755 1940 velle

129 1960 425 2034 beantvitamsuam,
438 1962 920 2022 habeantmcrumsuumrunam
962 1969 1146 2035 testentur,o
1172 1980 1207 2021 eo
1232 1965 1315 2037 quod
1343 1964 1493 2022 immineat
1515 1981 1587 2022 aura
1614 1967 1753 2026 serenior.

131 2044 645 2106 bestiolambrevcmminutissimam
653 2045 817 2116 considera,
829 2063 920 2118 quam
965 2048 1062 2105 odvia
1081 2047 1138 2106 sub
1161 2049 1321 2104 adventum
1340 2047 1444 2104 hiemis
1464 2047 1649 2120 inexplebilis
1661 2051 1754 2106 ades·

133 2129 259 2186 uolueris
271 2149 280 2185 r
292 2130 317 2186 si
330 2129 497 2189 consideres
511 2129 646 2188 ordinem
659 2129 862 2186 membrorum
877 2129 920 2201 ip·
963 2147 1044 2201 cam,
1064 2131 1266 2188 insatiabiliter
1288 2131 1411 2187 herbam
1425 2132 1519 2204 rapit,
1534 2148 1570 2188 co
1584 2133 1667 2205 quod
1680 2149 1754 2205 prae·

135 2213 207 2283 sius,
224 2216 255 2270 et
273 2213 482 2270 animationem
500 2213 568 2270 vitea
580 2227 642 2286 qua
655 2216 805 2284 movetur,
818 2227 874 2286 pro
889 2228 920 2270 se
962 2214 1067 2272 senilat
1079 2215 1263 2288 asperitatem
1273 2219 1300 2269 ct
1310 2213 1488 2271 sterilitatem
1497 2214 1601 2272 hieuds
1612 2214 1752 2274 futuram.

135 2295 204 2367 iugil
225 2299 371 2366 mortem,
385 2295 582 2366 ametritam,
609 2295 720 2368 appetit
737 2293 920 2368 voluptates,
963 2296 1100 2368 llericius,
1114 2297 1138 2352 si
1152 2297 1227 2370 quid
1248 2296 1422 2354 insidiarum
1444 2297 1641 2371 praesenserit,
1661 2300 1754 2372 spinis

138 2378 239 2436 devitat
260 2378 425 2451 molestiae,
450 2379 541 2438 exerit
562 2393 664 2435 seusus
683 2378 829 2448 diversos,
842 2377 922 2450 viget
963 2381 1023 2437 suis
1037 2379 1198 2451 clauditur,
1216 2383 1304 2452 atque
1323 2381 1355 2437 iu
1373 2397 1428 2438 sua
1440 2398 1471 2438 se
1486 2398 1570 2440 arma
1582 2381 1710 2454 colligit,
1721 2387 1756 2440 ut

136 2465 163 2520 in
175 2469 258 2522 motu
267 2479 400 2536 congruo
413 2463 479 2520 sibi.
495 2462 565 2532 Quis
578 2461 658 2520 dedit
669 2462 807 2520 aculeum
818 2460 920 2531 culici,
963 2464 1144 2538 quicumque
1159 2480 1228 2522 eum
1240 2465 1471 2535 contingendum
1482 2465 1642 2538 putaverit,
1653 2465 1757 2523 vulne-

138 2563 192 2621 qno
211 2548 387 2622 sanguinem
409 2547 516 2618 sugere
535 2560 627 2620 quam
640 2544 735 2602 tenuis
748 2543 847 2601 fistula
866 2546 920 2613 cst,
962 2551 1051 2605 retur.
1065 2549 1146 2606 idem
1159 2547 1250 2605 futuri
1260 2549 1435 2622 providens,
1449 2547 1581 2624 geminas
1595 2548 1653 2605 sibi
1665 2549 1756 2622 respi-

138 2648 193 2705 qua
213 2632 333 2690 sorbet?
351 2631 421 2701 Quis
435 2629 580 2704 disposuit
592 2628 670 2688 ista?
684 2627 752 2702 quis
765 2627 833 2685 iecit
845 2625 922 2684 ista?
962 2631 1049 2689 randi
1070 2631 1133 2688 vias
1155 2633 1267 2702 munit,
1287 2635 1320 2688 ut
1338 2631 1460 2706 quaudo
1481 2633 1603 2688 Boream
1616 2631 1756 2688 flaturum

139 2715 304 2790 Expavcseis
317 2714 349 2772 in
361 2713 508 2784 minimis,
520 2711 611 2771 lauda
623 2727 775 2785 magnum.
791 2730 805 2766 n
963 2714 1147 2786 cognoverit,
1170 2714 1430 2788 septentrionalem
1450 2713 1584 2771 obstruat
1606 2732 1613 2770 ι
1634 2716 1756 2788 quando

58 2811 87 2858 le
102 2812 133 2870 ts-
171 2803 236 2862 llioo
259 2808 375 2876 murto,
393 2801 550 2876 hybridae,
566 2805 639 2876 puta
650 2801 791 2860 animalia
804 2816 872 2874 qua
884 2815 922 2858 cx
962 2799 1036 2854 Noto
1052 2798 1223 2868 cognoverit
1236 2796 1347 2870 detergi
1360 2797 1434 2860 aeris
1448 2797 1571 2868 nubila,
1587 2798 1757 2871 adScpten·

59 2872 111 2919 ἢ
140 2902 292 2958 congressu
305 2885 487 2944 diversarum
501 2885 664 2960 specierum
677 2889 869 2957 generantur,
879 2883 923 2944 uti
962 2881 1119 2940 tricnalem
1132 2898 1162 2940 sa
1174 2879 1319 2952 conterat,
1334 2885 1367 2938 ut
1380 2880 1467 2940 tlatus
1482 2881 1608 2939 declinet
1630 2881 1755 2953 obvios,

140 2971 231 3028 merlus
249 2987 287 3030 ex
301 2986 380 3044 equa
394 2969 534 3040 etesiae,
549 2985 587 3028 ex
604 2968 921 3043 lupoeteervalynx‚
964 2968 993 3022 et
1011 2981 1027 3020 o
1046 2965 1166 3037 regiona
1187 2965 1347 3023 nocituros.
1367 2965 1462 3032 Quam
1480 2965 1668 3035 magnificata
1686 2967 1756 3020 sunt

140 3069 171 3111 ex
183 3055 266 3112 hirco
285 3059 312 3112 ct
326 3071 381 3114 ove
401 3053 521 3128 tityrus,
544 3069 580 3110 ex
600 3053 693 3112 leena
714 3058 743 3111 et
753 3051 848 3126 pardo
861 3052 923 3110 leo·
964 3064 1055 3122 opera
1068 3052 1134 3122 tua,
1151 3049 1290 3108 homiucl
1307 3049 1408 3104 omnia
1420 3049 1451 3104 in
1464 3047 1608 3121 sapientia
1621 3047 1752 3104 iecisti.»

140 3140 257 3214 pardus,
271 3139 348 3210 bae,
357 3139 495 3214 inquam,
506 3153 569 3196 nou
578 3153 695 3196 neeesse
706 3140 749 3196 cst
762 3137 923 3195 dcerehoa
963 3132 1068 3192 Subdit
1078 3133 1115 3188 de
1127 3132 1251 3204 tigride,
1266 3148 1333 3205 quea
1345 3135 1494 3204 raptorem
1508 3131 1674 3187 catulorum
1686 3145 1756 3186 ιιιο·

141 3223 182 3282 die
202 3229 283 3284 sexto
306 3241 369 3284 esse
390 3228 487 3283 creata
509 3227 621 3296 :atquc
636 3223 673 3280 de
686 3220 763 3279 iacto
777 3227 923 3279 tuncnon
963 3238 1031 3278 rum
1053 3218 1232 3294 insequitur,
1254 3218 1307 3290 qui
1326 3217 1379 3275 ubi
1402 3235 1433 3274 sc
1456 3217 1627 3287 contiguum
1650 3217 1756 3274 viderit

141 3310 234 3368 omnia
246 3309 309 3367 haec
321 3325 384 3366 esse
397 3313 494 3366 creata
510 3311 622 3364 eertum
636 3310 689 3364 est.
704 3307 744 3362 lta
757 3307 921 3379 liupertue,
964 3305 1111 3378 sphaeram
1133 3303 1170 3359 dc
1193 3302 1269 3359 vitro
1289 3299 1413 3374 projicit.
1435 3303 1471 3358 tlt
1493 3299 1545 3356 illa
1567 3301 1694 3372 imagine
1708 3301 1756 3358 sui

140 3391 239 3452 llolina
254 3392 360 3462 etalii,
372 3391 438 3450 licet
452 3389 582 3450 Pererius
595 3389 644 3446 hic
659 3389 837 3448 contrarium
857 3403 923 3446 sen·
968 3390 1072 3462 (quam
1092 3385 1230 3444 reflexam
1249 3385 1330 3441 videt
1349 3384 1380 3440 in
1402 3384 1478 3440 vitro
1487 3425 1496 3454 ,
1510 3385 1652 3456 putatque
1666 3399 1755 3440 suum

141 3473 195 3532 liat.
219 3478 277 3534 lloc
295 3475 406 3534 dietum
419 3473 565 3548 probatur
575 3477 686 3548 primo,
701 3472 773 3546 quia
785 3472 816 3528 in
828 3469 923 3530 otrico
964 3487 1026 3528 esse
1040 3469 1186 3541 catulum)
1207 3468 1334 3537 luditur,
1356 3470 1385 3524 ct
1398 3467 1484 3540 quasi
1498 3467 1639 3540 lactatura
1652 3466 1756 3522 ioetum

141 3557 227 3618 indies
251 3576 336 3619 noves
358 3559 493 3616 oriuntur
511 3561 712 3614 monstrorum
740 3555 865 3628 species,
894 3557 923 3612 et
964 3555 1071 3612 residet
1087 3549 1382 3625 :siepictatisstudio
1397 3551 1534 3622 decepta,
1555 3551 1581 3626 ct
1594 3549 1757 3605 vindictam

140 3642 233 3714 plures
247 3645 383 3717 deinceps
403 3644 547 3713 orientur,
563 3645 652 3714 atque
665 3640 735 3699 oriri
748 3644 873 3713 possunt
886 3656 923 3697 cx
964 3637 1069 3695 amittit
1088 3641 1116 3694 et
1133 3635 1259 3709 prolem.
1282 3636 1369 3690 Docet
1391 3649 1461 3703 ergo
1481 3632 1562 3702 tigris
1581 3647 1658 3688 sceva
1672 3631 1756 3702 licet,

140 3739 213 3783 nova
225 3727 351 3784 aliarum
363 3729 392 3783 et
404 3725 530 3783 aliarum
544 3725 723 3797 specierum,
736 3724 797 3779 sive
811 3723 924 3780 anima·
964 3723 1109 3794 quantum
1129 3722 1264 3792 parentes
1280 3716 1408 3773 debeant
1428 3731 1527 3772 amare
1542 3731 1613 3772 suos
1623 3715 1756 3786 ,liberem

141 3805 208 3865 hum
220 3808 439 3867 commixtione.
452 3809 585 3874 Secundo,
597 3808 668 3881 qula
680 3807 744 3865 hee
752 3806 922 3864 commixtio
963 3819 1018 3861 nee
1031 3819 1083 3860 eos
1096 3802 1136 3858 ad
1149 3800 1332 3857 iracundiam
1346 3815 1518 3872 provocare.

141 3896 180 3948 cst
198 3899 302 3967 prreter
322 3898 460 3950 naturam
480 3897 510 3949 et
531 3890 710 3963 adulterina,
734 3891 813 3947 unde
835 3891 924 3948 vetita
1000 3889 1094 3962 Pergit
1113 3887 1219 3947 deinde
1237 3887 1276 3944 ad
1294 3903 1394 3955 canes,
1408 3886 1460 3958 qui
1479 3903 1516 3944 cx
1531 3886 1660 3958 vestigiis
1680 3887 1757 3944 mbo

140 3974 192 4033 iuit
211 3979 317 4035 ludaeis
338 3981 423 4035 Lorii.
438 3992 503 4048 ιιι,
517 3979 563 4034 re.
578 3977 685 4043 Tertio,
698 3976 770 4050 quia
782 3976 845 4032 haec
858 3974 922 4030 ani·
965 3975 1120 4045 sagacitate
1141 3973 1274 4046 leporem
1296 3971 1478 4042 odorantur,
1500 3973 1528 4027 ct
1549 3970 1755 4045 insequuntur.

141 4061 224 4119 melia
236 4063 410 4120 sufficienter
429 4063 583 4120 censentur
599 4061 709 4130 creata,
721 4058 844 4133 quando
858 4057 923 4113 allae
964 4059 1054 4115 affert
1067 4055 1204 4126 exempla
1213 4069 1334 4120 canum,
1350 4053 1403 4124 qui
1416 4053 1557 4110 herorum
1569 4071 1693 4110 suorum
1703 4055 1757 4112 ho-

141 4145 246 4216 species
269 4151 370 4204 ereata
392 4147 476 4214 sunt,
501 4158 538 4200 ex
561 4158 690 4217 quarum
714 4141 923 4199 commixtione
964 4140 1088 4198 micidas
1112 4138 1284 4194 detexerunt
1307 4139 1335 4192 et
1357 4135 1559 4207 vindicarunt,
1587 4137 1755 4211 additque:

141 4233 237 4300 postea
259 4233 340 4286 erant
360 4227 516 4284 nascitura.
542 4225 664 4292 Quarto,
686 4225 758 4298 quia
780 4225 817 4281 de
834 4223 924 4279 mulis
968 4221 1270 4292 «Quiduosdignum
1284 4218 1548 4274 nostrorelerimus
1560 4221 1694 4291 creatori,
1708 4238 1759 4278 cu-

142 4309 243 4369 doceut
263 4312 373 4370 llehroei
394 4309 458 4368 Gen.
481 4325 581 4380 xxxvi,
601 4311 654 4380 Pl,
677 4325 728 4366 eos
750 4309 839 4379 longe
856 4309 924 4380 post
963 4309 1013 4380 jus
1031 4306 1099 4364 cibo
1119 4305 1275 4374 vescimur,
1295 4297 1324 4358 et
1342 4303 1563 4359 dissimulamus
1577 4303 1713 4374 injurias,
1730 4307 1759 4362 ct

140 4391 215 4452 hune
234 4401 348 4453 sextum
359 4393 465 4452 mundi
479 4393 572 4464 diem,
586 4391 626 4450 ab
640 4396 703 4449 Ana
715 4393 849 4448 inventos
861 4404 924 4446 essa
966 4407 1043 4463 saepe
1057 4387 1184 4445 inimicis
1196 4387 1244 4443 [lei
1254 4401 1302 4442 eas
1313 4401 1388 4458 quas
1399 4402 1416 4442 a
1428 4389 1485 4442 lieo
1497 4385 1673 4458 accepimus,
1685 4403 1759 4459 epu·

140 4474 169 4534 in
183 4480 309 4550 deserto,
323 4495 360 4536 cx
373 4488 517 4552 equarum
530 4491 599 4533 cum
612 4474 702 4534 asinis
716 4489 887 4545 congressu.
966 4474 1010 4532 las
1028 4471 1224 4530 exhibemus?
1236 4469 1395 4541 agniculus
1416 4468 1516 4525 balatu
1536 4469 1681 4542 frequenti
1704 4469 1758 4525 ab·

171 4567 201 4623 lu
214 4582 319 4625 osanne
329 4581 393 4636 suo,
404 4595 440 4608 -
454 4564 616 4622 secuudum
630 4578 718 4620 suum
732 4578 839 4634 genua,
853 4563 926 4634 puta
966 4561 1079 4615 sentem
1097 4559 1220 4612 matrem
1241 4554 1323 4622 citat,
1338 4557 1370 4608 at
1388 4567 1573 4624 responsurae
1591 4568 1696 4609 rocem
1709 4568 1760 4609 ex-

141 4653 298 4709 secundum
317 4650 430 4725 species
449 4665 532 4720 suas,
556 4653 590 4706 ut
610 4647 755 4722 sequitur,
771 4663 798 4717 q.
813 4645 842 4701 d.
857 4645 925 4701 Pro·
967 4642 1046 4712 citct3
1060 4639 1161 4696 multis
1171 4637 1237 4694 lieet
1251 4641 1381 4694 versetur
1393 4635 1425 4691 in
1439 4635 1570 4692 millibus
1586 4636 1700 4707 ovium,
1714 4651 1761 4692 rc-

142 4733 226 4792 ducat
246 4738 320 4793 terra
342 4733 481 4791 animalia
499 4733 645 4803 virentia,
659 4729 824 4788 secuudum
837 4743 925 4802 quas·
966 4724 1117 4795 cognoscit
1136 4737 1240 4778 vocem
1258 4719 1404 4793 parentis,
1427 4719 1542 4775 festinat
1564 4720 1603 4776 ad
1620 4723 1760 4792 mutrem;

141 4831 195 4890 quo
216 4817 402 4890 singulorum
423 4818 531 4892 species
556 4834 563 4874 ι
588 4815 663 4884 sive,
685 4813 832 4886 producat
850 4815 927 4868 terra
967 4809 1019 4867 illa
1032 4823 1153 4881 quoque
1166 4806 1241 4861 inter
1253 4804 1346 4860 multa
1365 4803 1568 4874 agniculorum
1588 4804 1697 4874 millia,
1713 4819 1762 4861 so-

141 4901 267 4973 singulas
285 4901 455 4960 animalium
475 4899 656 4957 terrestrium
677 4897 798 4970 specics.
812 4895 927 4968 Species
967 4892 1032 4950 lum
1045 4891 1142 4947 illium
1155 4889 1241 4946 tacito
1255 4888 1370 4960 pietatis
1385 4887 1550 4944 testimonio
1565 4887 1759 4958 recognoscit.

140 4979 223 5044 hasce
236 4989 388 5044 enumerat
396 4988 424 5042 et
432 4982 649 5057 contemplatur
658 4981 686 5040 S.
698 4979 831 5048 Basilius,
842 4977 926 5035 hom.
969 4977 1070 5034 Pastor
1089 4976 1166 5030 errat
1183 4973 1214 5028 in
1234 4973 1407 5030 discretione
1427 4971 1546 5040 ovium,
1562 4970 1716 5042 agniculus
1730 4969 1762 5029 in

143 5069 292 5137 eunom,
305 5085 434 5144 eumque
446 5071 564 5125 secutus
576 5067 604 5122 S.
619 5063 808 5132 Ambrosius,
822 5061 876 5118 lib.
891 5063 926 5118 lli
969 5058 1119 5130 agnitione
1140 5056 1240 5114 matris
1263 5056 1353 5112 nescit
1373 5069 1479 5110 errare.
1503 5054 1640 5110 Nondum
1663 5053 1761 5110 catulo
1784 5072 1786 5076 ·

142 5151 252 5210 limam.
265 5169 329 5228 cap.
339 5167 381 5224 rr,
394 5151 447 5208 ubi
458 5151 537 5208 inter
550 5151 655 5208 caetera
667 5148 708 5204 ait
722 5165 730 5204 τ
748 5165 763 5201 ιι
776 5147 846 5203 Ursa
859 5145 930 5201 insi·
971 5145 1082 5214 dentes,
1093 5146 1121 5200 et
1134 5145 1277 5215 tanquam
1287 5139 1404 5210 lrabeat,
1414 5155 1465 5196 ore
1478 5138 1600 5212 proprio
1616 5155 1646 5196 se
1656 5138 1763 5214 quaerit

144 5231 223 5294 dions
230 5226 925 5310 licet,utscripturaait(asteuimpleneiraudis
970 5227 1082 5285 ulcisci.
1098 5227 1236 5284 Nondum
1251 5241 1338 5282 cerro
1357 5239 1486 5296 cornua,
1500 5226 1646 5302 ettamen
1665 5221 1762 5280 fronte

1575 5317 1590 5345 ⁶
