4018 5976
184 305 237 364 'tte
665 305 907 366 commutata
924 309 958 366 tlt
975 307 1131 380 DXODUD,
1149 319 1213 368 chr.
1231 309 1331 367 xant.

66 417 169 467 vonna
219 411 264 468 3³.
280 410 461 480 1111111111
473 423 661 482 maeniana,
676 425 775 469 rosum
788 427 917 470 11111111
929 427 975 470 su·
1052 413 1248 485 allegoricam
1262 411 1520 486 hujusrelationis
1537 428 1659 472 caumm
1674 413 1736 471 dat
1751 413 1948 483 Apoll*

183 497 446 552 11111111111111.
460 495 621 552 -11111111
635 494 703 552 loco
717 495 876 568 colligitur,
890 496 974 570 quod
1018 497 1127 566 stolus,
1141 499 1165 554 ll
1175 497 1296 554 Corinth.
1308 513 1373 569 cap.
1388 511 1517 567 navers.
1527 499 1575 566 14,
1586 499 1632 568 ts,
1648 499 1698 555 16.
1707 491 1846 554 ludaris
1859 487 1889 522 ⁰*

183 581 275 638 Doses
287 583 433 655 praecepta
445 581 494 637 Dei
512 580 627 654 populo
646 580 862 652 promulgavit,
875 581 974 653 primo
1017 579 1097 636 enim
1105 582 1190 637 vetus
1202 583 1418 637 Testamentum
1425 584 1469 638 cst
1480 578 1628 638 velamine
1637 580 1844 646 obductum,

183 662 336 738 colloquio
346 669 446 737 aperta
455 663 528 720 facie
538 668 566 721 et
576 663 719 734 radiante,
728 663 767 722 ob
781 665 973 736 majestatem,
1017 668 1125 721 utnon
1138 663 1258 721 videant
1276 663 1422 720 internam
1441 663 1505 736 ejus
1522 664 1620 722 lucem
1638 664 1714 720 novi
1725 665 1846 720 Testa·

182 747 376 806 reverentiam
394 751 422 806 et
438 749 638 806 testimonium
655 749 741 820 legis3
760 749 813 806 sed
829 753 896 822 post
913 749 975 822 pri·
1017 747 1109 803 menti
1121 750 1151 804 et
1160 747 1327 815 Christum,
1341 763 1377 804 co
1390 750 1527 804 contenta
1540 750 1570 804 et
1585 749 1817 820 repraesantata
1833 762 1843 800 :

183 845 264 887 mam
281 830 365 888 illam
384 831 673 904 promulgationem,
693 831 832 905 deinceps
851 832 974 905 quando
1016 828 1076 886 hoc
1087 830 1222 886 velamen
1234 829 1322 886 nobis
1335 829 1368 886 in
1384 830 1449 901 lege
1467 847 1545 889 nova
1563 832 1699 888 Christus
1716 831 1843 888 abstu-

182 911 361 986 loquebatur
374 929 442 971 cum
456 916 582 988 populo,
593 914 712 971 velabat
729 913 852 986 faeiem,
866 920 899 972 ut
912 916 975 973 col·
1016 911 1065 982 lit,
1080 917 1108 968 et
1126 911 1238 969 mrieret
1253 913 1286 969 in
1302 913 1363 970 fine
1383 914 1482 971 saeculi
1499 930 1518 972 a
1537 915 1654 987 ludmis,
1670 915 1712 973 ad
1724 913 1842 972 fidem

183 995 278 1069 loquii
289 995 435 1054 liberioris
449 998 568 1055 daretur
582 998 669 1072 copia
683 1017 692 1055 a
705 999 828 1072 quando
844 1015 916 1056 vero
932 1003 976 1056 ta-
1017 996 1123 1053 Christi
1134 998 1349 1054 convertendis.

182 1081 378 1140 bernaculurn
391 1081 504 1152 adibat,
518 1082 555 1140 de
572 1098 634 1156 quo
652 1098 717 1155 cap.
733 1098 837 1152 111111,
852 1098 930 1140 vers.
945 1084 974 1152 8,
1051 1080 1277 1154 Tropologices.
1288 1082 1455 1154 Gregorius,
1464 1086 1697 1156 partllll’cstor.
1709 1099 1838 1160 eapJ:
1854 1081 1950 1142 Tne*

183 1165 382 1223 collocuturus
395 1180 464 1222 cum
477 1165 614 1235 Domino,
628 1166 729 1222 velum
738 1163 889 1224 auferebat
900 1165 948 1236 (1).
1017 1165 1051 1220 Ut
1063 1163 1248 1237 predicator,
1263 1164 1370 1238 inquit,
1386 1166 1513 1223 auditori
1530 1182 1561 1223 se
1582 1172 1757 1243 attemperat
1768 1183 1838 1226 ne-
1852 1146 1908 1201 Ψ

1017 1261 1097 1303 cessa
1109 1250 1168 1318 est,
1183 1245 1242 1303 alta
1264 1249 1344 1304 anim
1367 1264 1494 1322 quaque
1515 1249 1626 1307 debent
1645 1252 1748 1310 multis
1769 1268 1837 1310 au-

214 1323 250 1389 (1)
260 1323 512 1387 insupertpostolus,
524 1323 547 1373 11
558 1323 661 1404 dcam,
669 1320 775 1372 minime
789 1319 867 1384 dicit,
876 1320 971 1402 Mosen,
1017 1328 1165 1387 clientibus
1176 1330 1303 1402 contegi,
1317 1336 1347 1388 et
1358 1332 1409 1390 vix
1421 1333 1525 1405 paucis
1540 1335 1658 1408 aperiri.

183 1395 263 1446 donec
276 1393 416 1454 loqueretur
433 1409 485 1443 cnm
498 1393 631 1456 lucetius,
645 1391 746 1444 vultum
759 1391 868 1448 salama,
882 1391 926 1440 sed
943 1403 971 1440 rn

183 1464 329 1516 uniuersum
340 1464 415 1514 lactei
423 1477 475 1514 sua
484 1465 599 1514 uelamen
607 1463 749 1526 impositum
758 1461 882 1524 habuisse,
892 1461 970 1524 quod,
1047 1459 1117 1510 Vers.
1136 1463 1175 1509 11.
1190 1459 1271 1522 Huius
1287 1462 1422 1512 commatis
1432 1464 1556 1525 posterior
1573 1477 1631 1528 pars
1645 1479 1678 1517 ax
1692 1466 1772 1519 bear.
1789 1469 1833 1520 iu

184 1533 223 1585 uti
234 1543 342 1585 enostro
358 1535 413 1586 loco
425 1535 520 1599 liquet,
532 1547 583 1584 non
596 1531 704 1584 removit
718 1531 766 1581 nisi
778 1536 835 1582 tum
843 1567 851 1594 ,
862 1544 920 1580 cum
933 1531 974 1581 rel
1016 1529 1081 1580 verti
1097 1535 1197 1593 potest:
1214 1537 1292 1592 runc,
1308 1543 1368 1580 cum
1385 1531 1456 1595 loqui
1469 1533 1596 1598 desiisset,
1610 1539 1740 1588 reducetur
1751 1541 1832 1588 uta-

184 1605 374 1656 tabernrculnm
386 1605 570 1669 ingrederetur,
590 1617 650 1654 cum
663 1605 716 1654 Deo
729 1602 914 1663 collocuturus,
933 1600 974 1650 rel
1015 1614 1069 1650 nen
1079 1613 1151 1660 anper
1163 1603 1250 1662 [actem
1262 1615 1341 1658 marr,
1352 1605 1427 1653 denec
1440 1606 1609 1665 inmoderate
1622 1606 1830 1660 mulum

185 1687 241 1726 111
254 1675 286 1726 ab
298 1689 329 1726 eo
341 1675 461 1726 mandate
475 1674 609 1740 acceptant
621 1674 653 1725 ad
667 1673 788 1738 populum
800 1671 916 1722 referret.
1015 1670 1208 1732 adloquendum
1226 1685 1279 1720 canc
1296 1685 1341 1734 eo,
1355 1673 1419 1724 tora
1431 1673 1484 1726 ecit

500 1985 705 2102 CAPUT
743 1993 1141 2098 talausllsstlt
1178 1994 1481 2110 Quintum.

795 2223 1000 2288 SYNOPSIS
1018 2223 1196 2288 CAPITIS.

182 2413 273 2482 tletm
286 2413 372 2470 liores
385 2409 423 2468 cd
433 2410 563 2484 mutum
576 2409 705 2466 mandato
721 2409 773 2465 Dat
786 2407 952 2473 desaltato,
966 2408 1114 2478 primitiis,
1129 2413 1156 2464 11
1169 2410 1288 2466 menime
1301 2409 1336 2466 dc
1348 2407 1484 2468 1111111111
1496 2413 1524 2468 ct
1533 2412 1713 2482 totrtcattone
1726 2419 1824 2476 taber.

217 2511 318 2567 noete.
332 2510 414 2574 Hinc,
429 2523 497 2594 cers.
511 2509 557 2573 20,
571 2508 704 2564 israelita
722 2505 873 2562 liberaliter
886 2504 1003 2574 offocat
1017 2519 1120 2563 omnent
1134 2506 1278 2562 1111111111
1292 2505 1463 2566 talenceac
1475 2514 1656 2568 1111111111.
1671 2516 1819 2586 Denique,

215 2622 284 2664 cers.
298 2607 345 2671 31),
361 2605 537 2675 destpamtur
549 2606 667 2674 orttttces
681 2603 847 2658 tctemcentt
858 2601 973 2658 21111111
985 2604 1013 2656 ct
1025 2600 1129 2656 ooliab.

227 2801 260 2868 1.
283 2798 389 2888 igitur
408 2801 604 2885 congregata
623 2793 714 2861 omni
732 2791 832 2860 turba
852 2789 1000 2859 tiliorum
1020 2790 1136 2878 Israel,
1158 2791 1243 2860 dixit
1261 2793 1304 2862 ad
1323 2816 1402 2863 eos:
1425 2796 1503 2865 Haec
1522 2806 1602 2867 sunt
1621 2823 1698 2892 quae
1715 2804 1818 2894 jussit

180 2908 341 2978 Dominus
353 2903 439 2972 fieri.
459 2901 493 2970 2.
510 2899 575 2969 Sex
587 2898 840 2968 diebusiacietis
852 2919 935 2988 opus
946 2923 955 2980 ;
975 2897 1134 2987 septimus
1146 2896 1291 2972 disserit
1302 2900 1396 2968 vobis
1408 2911 1555 2990 sanetus,
1576 2905 1768 2996 sabbatum,
1784 2921 1818 2980 et

180 3014 310 3105 requies
322 3009 455 3079 Domini
472 3033 480 3074 :
501 3006 562 3099 qui·
575 3005 686 3074 iecerit
699 3026 781 3096 opus
793 3003 829 3071 in
843 3025 899 3088 eo,
919 3002 1093 3072 occidetur.
1117 3003 1150 3072 3.
1173 3003 1248 3072 Non
1260 3007 1461 3075 succendetis
1480 3009 1593 3097 ignem
1606 3012 1643 3079 in
1657 3015 1817 3084 omnibus

180 3117 375 3188 habitaculis
388 3114 505 3184 vestris
518 3134 576 3203 par
589 3111 677 3178 diem
691 3110 827 3178 sabbati.
850 3109 884 3176 1.
906 3108 947 3176 Ε1
961 3109 1007 3176 ait
1020 3107 1126 3177 Moses
1139 3109 1181 3176 ad
1194 3132 1327 3179 omnem
1346 3121 1509 3182 catervam
1523 3116 1672 3186 filiorum
1684 3117 1786 3188 Israel
1805 3147 1813 3188 :

179 3225 243 3294 Iste
259 3232 307 3292 est
323 3243 430 3291 sermo
449 3240 549 3310 quem
568 3217 721 3308 praecepit
737 3214 914 3300 Dominus,
933 3215 1064 3283 dicens:
1087 3217 1119 3284 5.
1141 3215 1295 3309 Separate
1308 3221 1396 3310 apud
1409 3243 1468 3290 vos
1481 3222 1644 3312 primitias
1655 3225 1811 3296 Domino.

180 3328 295 3398 Omnis
309 3325 515 3396 voluntarius
523 3332 556 3392 et
564 3345 668 3415 prono
676 3323 787 3390 animo
801 3321 916 3390 oderat
929 3321 1152 3390 easDomino:
1168 3346 1289 3392 aurum
1297 3332 1330 3392 et
1338 3333 1512 3414 argeutum
1521 3336 1554 3395 et
1562 3351 1620 3415 aes,
1632 3330 1664 3398 6.
1676 3331 1815 3422 hyacin-

180 3433 274 3503 thum
288 3441 321 3503 et
333 3455 515 3525 purpuram
529 3451 726 3520 coccumque
738 3428 791 3496 bis
802 3427 960 3513 tinctum,
975 3434 1008 3495 11
1020 3427 1172 3518 byssum,
1192 3428 1276 3520 pilos
1289 3453 1480 3521 caprarum,
1497 3433 1529 3500 7.
1545 3435 1714 3528 pellesque
1727 3439 1814 3507 arie-

180 3548 253 3607 tum
265 3539 464 3626 rubricatas,
484 3545 517 3606 et
534 3537 714 3618 ianthinas,
731 3535 822 3622 ligna
835 3534 949 3618 setim,
971 3533 1004 3600 8.
1028 3541 1060 3600 11
1079 3534 1189 3602 oleum
1208 3536 1250 3603 ad
1268 3536 1448 3604 luminaria
1459 3539 1705 3628 concinnanda,
1727 3552 1760 3612 et
1772 3555 1813 3615 ut

179 3643 369 3711 conficiatur
382 3650 608 3729 unguentum,
630 3649 662 3706 et
680 3641 861 3730 thymiama
873 3639 1125 3724 suavissimum,
1147 3641 1180 3708 9.
1200 3641 1324 3732 lapides
1336 3643 1533 3734 onychinos,
1555 3655 1588 3714 et
1607 3671 1755 3736 gemmas
1768 3653 1811 3720 ad

180 3755 333 3817 ornatum
347 3745 625 3837 superhumeralis
637 3752 670 3811 ct
683 3743 862 3810 rationalis.
886 3743 938 3811 10.
958 3742 1116 3833 Quisquis
1129 3753 1276 3814 vestrum
1297 3748 1425 3839 sapiens
1438 3757 1504 3836 est,
1522 3753 1651 3839 veniat,
1667 3761 1700 3822 et
1712 3755 1812 3824 faciat

16 3909 19 3935 ,
180 3852 270 3946 quod
281 3852 442 3921 Dominus
454 3850 648 3940 imperavit:
665 3850 718 3915 11.
730 3847 982 3916 tubernaculum
994 3849 1131 3934 scilicet,
1147 3857 1180 3918 et
1193 3858 1315 3920 tectum
1328 3852 1417 3942 ejus,
1433 3863 1533 3947 atque
1548 3857 1809 3948 operimentum,

14 3985 20 4054 ς
67 3968 69 3974 ’
180 3958 336 4044 annulos,
352 3967 384 4025 et
395 3957 542 4026 tabulata
554 3978 630 4024 cum
645 3955 807 4038 vectibus,
823 3955 962 4044 paxillos
975 3960 1007 4020 et
1020 3953 1113 4022 bases
1129 3979 1137 4022 :
1158 3956 1211 4023 12.
1235 3977 1344 4025 arcam
1358 3967 1390 4026 et
1403 3968 1527 4046 vectes,
1543 3963 1811 4054 propitiatorium

15 4063 19 4086 ⁵
180 4073 212 4132 11
223 4064 352 4149 velum,
367 4063 456 4154 quod
469 4071 544 4130 ante
558 4061 641 4128 illud
656 4059 873 4150 oppanditur:
892 4059 944 4128 13.
961 4081 1108 4127 mensam
1120 4083 1197 4130 cum
1210 4064 1357 4132 vectibus
1368 4073 1400 4131 et
1414 4065 1514 4148 vasis,
1532 4076 1566 4134 et
1576 4071 1811 4160 propositionis

179 4170 320 4261 panibus
336 4193 344 4234 :
367 4170 417 4236 11.
433 4166 666 4235 candelabrum
680 4165 722 4231 ad
734 4164 914 4232 luminaria
932 4167 1160 4252 sustentanda,
1174 4189 1253 4236 vasa
1265 4169 1357 4237 illius
1370 4177 1402 4238 et
1413 4171 1580 4258 lucernas,
1596 4182 1629 4241 et
1641 4175 1754 4246 oleum
1767 4179 1810 4246 ad

180 4275 383 4343 nutrimenta
396 4274 550 4361 ignium:
575 4270 746 4337 1111111
765 4269 1006 4359 thymiamatis,
1027 4279 1059 4338 et
1077 4280 1199 4358 vecteS,
1219 4281 1251 4340 et
1269 4275 1379 4343 oleum
1398 4278 1563 4346 unctionis
1575 4288 1608 4346 et
1625 4279 1811 4372 tbymiama

180 4401 222 4448 ex
234 4379 455 4463 aromatibus5
471 4377 650 4444 tentorium
659 4375 700 4443 ad
709 4376 831 4443 ostium
844 4375 1071 4445 tabernaculi:
1088 4377 1141 4446 16.
1155 4379 1257 4446 altare
1270 4379 1468 4468 holocausti,
1483 4391 1516 4450 et
1527 4386 1718 4456 craticulam
1737 4389 1810 4480 ejus

180 4505 305 4554 aeneam
319 4505 395 4550 cum
408 4481 556 4551 vectibus
569 4488 601 4548 et
614 4481 701 4550 vasis
713 4480 799 4565 suis,
815 4481 945 4548 labrum
960 4490 991 4550 et
1004 4482 1109 4550 basim
1128 4485 1199 4574 ejus
1215 4509 1223 4550 :
1244 4486 1297 4551 17.
1313 4487 1454 4554 cortinas
1467 4489 1543 4557 atrii
1556 4513 1632 4560 cum
1645 4493 1811 4563 columnis

180 4598 213 4660 et
226 4587 375 4670 basibus,
391 4587 570 4654 tentorium
583 4587 619 4652 in
632 4586 758 4655 foribus
770 4586 926 4654 vestibuli
941 4612 950 4654 :
975 4589 1027 4656 18.
1048 4590 1188 4680 paxillos
1204 4591 1406 4660 tabernaculi
1420 4601 1453 4661 et
1466 4595 1542 4663 atrii
1553 4619 1629 4664 cum
1645 4597 1806 4668 funiculis

179 4695 249 4764 suis
264 4719 273 4763 z
290 4695 343 4763 19.
361 4693 569 4776 vestimenta,
585 4713 728 4782 quorum
742 4713 823 4758 usus
836 4699 884 4758 est
896 4692 931 4759 in
946 4694 1127 4763 ministerio
1140 4699 1334 4784 sanctuarii,
1349 4706 1455 4767 vestes
1467 4701 1580 4772 Aaron
1593 4704 1759 4794 pontificis
1770 4729 1810 4776 ac

180 4799 327 4869 filiorum
347 4799 436 4890 ejus,
457 4807 496 4866 ut
515 4797 692 4868 sacerdotio
712 4798 897 4886 fungantur
916 4799 1011 4867 mihi.
1032 4801 1087 4870 20.
1111 4802 1313 4896 Egressaque
1333 4805 1442 4874 omnis
1461 4808 1639 4879 multitudo
1659 4810 1811 4882 filiorum

57 4975 60 4982 ,
179 4905 280 4974 lsrael
293 4905 334 4974 de
347 4911 520 4992 conspectu
532 4902 655 4994 Moysi,
670 4903 725 4970 21.
741 4903 933 4972 obtulerunt
944 4915 1053 4974 mente
1067 4911 1309 5000 promptissima
1322 4920 1420 5003 atque
1433 4913 1551 4983 devota
1562 4915 1724 5006 primitias
1743 4919 1811 4988 Do·

151 5025 156 5034 ·
180 5009 289 5095 mino,
302 5010 345 5078 ad
357 5009 543 5078 iaciendum
556 5031 639 5099 opus
651 5009 853 5078 tabernaculi
872 5013 1059 5082 testimonii.
1081 5014 1251 5106 Quidquid
1264 5017 1305 5085 ad
1318 5019 1444 5088 cultum
1458 5028 1492 5088 et
1504 5021 1546 5088 ad
1558 5031 1664 5092 vestes
1681 5032 1809 5094 sanctas

179 5114 398 5187 necessarium
409 5123 494 5200 erat,
509 5114 564 5182 22.
576 5114 727 5184 virinum
739 5117 936 5186 mulieribus
948 5120 1162 5210 praebuerunt
1173 5124 1321 5192 armillae
1330 5125 1518 5212 etiuaures,
1534 5129 1675 5198 annulos
1687 5131 1811 5199 1111111-

181 5220 300 5292 tralia:
323 5242 420 5289 omne
433 5242 491 5288 vas
504 5242 642 5289 aureum
656 5221 692 5288 in
704 5222 840 5292 donaria
852 5222 986 5293 Domini
1003 5238 1188 5320 separatum
1207 5239 1266 5298 est.
1290 5231 1344 5300 23.
1367 5231 1403 5300 Si
1423 5234 1499 5324 quis
1515 5234 1656 5305 habebat
1671 5237 1812 5329 hyacin-

181 5326 293 5414 thum,
312 5334 345 5395 et
360 5347 561 5418 purpuram,
581 5347 778 5421 mecumque
796 5330 848 5399 bis
862 5331 1015 5422 tinctum,
1035 5335 1169 5427 byssum
1188 5345 1220 5406 et
1238 5338 1322 5427 pilos
1338 5361 1528 5432 caprarum,
1550 5343 1651 5434 pelles
1665 5344 1809 5414 mictum
