4020 6026
242 290 319 347 xilv

242 399 274 456 et
285 390 463 473 explicatius
476 390 643 468 redditum,
658 395 690 452 et
699 390 738 454 ad
751 389 991 454 continuandam
1004 388 1139 453 historiae
1153 391 1263 454 seriem
1272 391 1465 474 dispositum.
1478 391 1669 456 Accessiones
1679 395 1782 454 autem
1796 390 1872 467 1919,

242 507 340 571 qnam
354 489 502 570 pleraque
515 488 589 568 ipsae
600 487 716 552 talessa
729 487 870 568 prodant,
886 507 904 551 a
917 487 1062 568 genuinis
1076 489 1246 552 discernere
1259 489 1344 552 haud
1358 489 1522 554 admodum
1534 485 1663 552 diiilcilis
1676 494 1707 551 91
1721 486 1809 554 91991
1822 503 1876 552 nc·

242 587 316 666 gotii
329 585 450 648 videtur
461 585 485 648 ⁴.

277 817 291 844 *
305 818 371 874 Pius
384 831 464 889 raquo
478 816 706 874 Rosenmuiierus
716 817 763 873 hic
773 819 927 874 authentica
939 818 1104 874 adversariis
1116 818 1259 889 indulget;
1273 817 1332 874 ime
1351 819 1426 890 quod
1445 818 1614 876 firmissimis
1626 820 1800 890 argumentis
1815 835 1879 892 pro-

240 902 342 961 batum
354 901 456 974 posuit,
471 899 663 974 imprudenter
680 901 785 972 absque
799 901 900 958 idonea
920 901 1026 957 ratione
1046 903 1126 974 quasi
1141 918 1157 958 e
1172 900 1304 958 manibus
1324 902 1451 958 dimittit.
1471 901 1533 971 Qua
1547 903 1582 959 de
1596 919 1626 959 19
1643 908 1708 960 9919
1728 908 1765 959 11.
1780 903 1880 960 Penta-

241 986 359 1043 teuchus
377 991 451 1041 totus
466 983 521 1039 dici
541 987 630 1056 potest
641 998 673 1038 ac
686 983 769 1040 dehet
782 985 862 1040 liosis
875 1001 955 1056 opus,
975 1002 1138 1058 quanquam
1156 986 1187 1041 in
1200 1003 1232 1042 eo
1253 985 1332 1041 nulia
1349 986 1463 1042 omnino
1477 987 1635 1043 recentioris
1654 988 1743 1045 aetatis
1762 989 1879 1058 vestigia

243 1067 412 1140 deprehendi
425 1083 482 1123 uon
496 1081 643 1137 negamus,
655 1066 799 1138 inquibus
814 1068 1003 1124 discernendis
1014 1074 1179 1139 conjecturae
1192 1070 1306 1140 criticae,
1316 1077 1349 1124 ut
1359 1071 1451 1139 aiunt,
1463 1069 1601 1126 auxilium
1612 1072 1711 1128 merito
1726 1071 1877 1129 invocetur.

243 1151 306 1208 iimo
317 1156 413 1208 tamen
426 1150 544 1222 vestigia
556 1157 585 1212 et
602 1150 712 1206 mandre
727 1153 817 1206 multo
837 1151 942 1208 rariora
954 1159 1031 1221 sunt,
1046 1159 1129 1224 atque
1144 1152 1255 1208 levioris
1270 1154 1416 1222 momenti,
1434 1168 1520 1225 quam
1536 1153 1637 1210 iahuio
1655 1159 1683 1211 et
1703 1155 1801 1212 iierbst
1818 1155 1877 1226 pla·

243 1235 311 1291 9911.
327 1235 381 1305 Sic,
391 1251 419 1291 v.
432 1252 460 1307 g.
478 1235 637 1309 pericopam
653 1235 734 1290 11991.
751 1251 794 1305 111,
805 1239 833 1305 9,
851 1240 894 1305 11,
915 1239 958 1306 11,
974 1237 1040 1293 iiosi
1060 1236 1212 1292 vindicavit
1225 1237 1443 1308 iiengstenberg.
1461 1237 1566 1294 Locum
1584 1238 1710 1302 999111,
1733 1238 1878 1305 19919111

244 1335 309 1376 cum
327 1318 425 1376 Vetere
438 1324 498 1390 post
515 1319 617 1376 liosem
628 1317 764 1374 insertum
778 1318 903 1376 arbitrati
920 1325 995 1388 sunt,
1010 1334 1106 1392 quem,
1123 1319 1232 1376 sirecte
1246 1321 1425 1390 intellexeris,
1444 1321 1596 1378 1199199119
1613 1321 1802 1394 adjudicabis,
1817 1337 1879 1379 ver-

245 1403 327 1462 tendo
342 1403 455 1473 seilicet,
470 1401 697 1476 quemadmodum
709 1402 791 1476 facit,
805 1403 834 1458 id
850 1409 901 1471 est,
917 1403 948 1457 in
961 1418 994 1459 eo
1008 1409 1090 1459 estut
1103 1402 1197 1472 iaciat,
1213 1405 1302 1460 israel
1320 1411 1399 1460 191191
1416 1404 1594 1478 possessionis
1611 1396 1880 1465 999199111999191

245 1487 458 1559 quaestionem
468 1488 604 1556 indicant,
618 1487 695 1544 haud
709 1501 769 1542 raro
781 1493 846 1542 sont
857 1487 992 1558 capienda
1004 1487 1039 1542 de
1054 1503 1093 1555 re,
1108 1503 1171 1559 quaa
1181 1487 1212 1544 in
1226 1489 1369 1560 prooinctu
1383 1493 1439 1558 est,
1460 1495 1491 1544 ut
1505 1489 1572 1558 dat;
1586 1488 1630 1544 vei
1645 1503 1694 1560 per
1707 1495 1808 1544 terram
1821 1505 1883 1560 pos·

245 1573 375 1628 sessionis
388 1589 521 1630 suasam
536 1570 719 1642 intelligendo
738 1585 800 1642 quaa
813 1570 849 1625 ad
866 1570 1030 1626 orientalem
1043 1571 1156 1643 plagam
1170 1570 1296 1627 iordanis
1310 1573 1363 1628 sita
1375 1576 1427 1628 est.
1450 1571 1472 1627 Α
1485 1571 1574 1640 11999,
1593 1570 1683 1627 Exod.
1700 1587 1757 1640 991,
1774 1574 1818 1641 35,
1835 1573 1881 1642 36,

246 1656 329 1713 scribi
342 1658 472 1730 potuisse,
486 1673 534 1729 per
547 1672 575 1712 se
591 1661 674 1727 patet.
690 1653 1237 1718 (11.119911919991999991991191919999,
1253 1671 1280 1726 p.
1296 1658 1360 1724 171,
1376 1657 1441 1724 189,
1460 1657 1722 1724 191,919.,9991919
1736 1655 1836 1712 Weite.

280 1741 397 1799 1191991.
411 1741 490 1798 Errat
503 1740 611 1808 iierbst,
627 1737 780 1794 catholicus
790 1738 865 1805 iicet,
880 1737 930 1808 qni
942 1738 1256 1809 Pentateuchi,quaiem
1270 1753 1345 1794 nuno
1356 1737 1504 1808 habemus,
1518 1736 1655 1808 originem
1665 1743 1693 1794 ct
1703 1737 1881 1812 scriptionem

246 1823 408 1896 hujusmodi
418 1823 549 1895 conjicit:
565 1823 660 1890 119999,
675 1821 725 1890 911,
739 1821 809 1878 dum
823 1822 1046 1893 peregrinaretur
1058 1821 1090 1876 in
1105 1821 1213 1878 deserto
1231 1822 1364 1892 Arabico,
1384 1821 1483 1878 litteris
1503 1822 1648 1878 mandavit
1666 1822 1752 1893 leges,
1767 1838 1881 1896 easque,

247 1907 344 1980 quales
354 1908 507 1979 scripserat,
522 1905 617 1975 991111,
632 1910 733 1961 911991
748 1905 843 1960 statim
858 1909 920 1960 tum
934 1903 1107 1959 infuturum
1122 1905 1188 1960 vitae
1200 1920 1300 1961 norma
1310 1905 1440 1962 israelitis
1454 1905 1563 1976 tierent,
1577 1906 1677 1962 deinde
1686 1909 1766 1977 juxta
1776 1923 1882 1978 arcam,

247 2007 353 2048 sacram
364 1991 452 2048 veluti
464 1989 630 2058 custodiam,
639 1988 773 2059 reposuit.
785 1987 921 2044 Similiter
936 1987 1102 2057 insigniores
1116 2001 1174 2044 999
1187 1989 1276 2044 etatis
1289 1995 1420 2058 eventus,
1432 1994 1465 2044 91
1476 1989 1591 2060 posteris
1602 1989 1767 2046 documento
1780 1998 1882 2060 essent,

247 2075 372 2148 scripsit,
391 2075 504 2146 scriptos
517 2087 593 2128 sacro
608 2070 752 2128 mandavit
770 2071 950 2142 repositorio,
964 2076 1013 2125 aut
1031 2075 1104 2127 certe
1123 2070 1271 2127 servandos
1292 2070 1467 2127 familiarum
1486 2071 1623 2143 capitibus
1641 2072 1755 2128 tradidit
1774 2073 1882 2144 (91199.

201 2219 204 2226 ,
247 2161 388 2228 991-111
403 2157 500 2227 Num„
513 2170 569 2226 991,
583 2156 617 2227 53
632 2153 854 2225 1199199919).
870 2154 945 2210 Alios
954 2158 1069 2208 eventus
1081 2153 1188 2208 9991199
1203 2169 1342 2225 excepere,
1356 2154 1425 2210 alios
1444 2155 1527 2211 oralis
1541 2155 1717 2226 singularum
1732 2157 1885 2228 generatio-

247 2255 318 2297 num
327 2241 437 2298 treditlo
450 2239 579 2297 servavit.
594 2239 688 2310 Longo
700 2245 761 2310 post
770 2243 906 2309 tempore,
921 2236 1026 2292 scilicet
1035 2237 1137 2292 havide
1149 2245 1292 2308 regnante,
1305 2237 1414 2310 sapiens
1425 2239 1549 2295 israelita
1560 2241 1685 2312 quidam,
1701 2241 1780 2298 iiosis
1788 2243 1883 2314 scripti

247 2325 593 2394 999999991199919919,
609 2322 687 2380 99119
704 2327 765 2378 1991
783 2319 891 2377 9991199
900 2361 910 2390 ,
926 2327 989 2376 1919
1006 2320 1182 2391 singularum
1202 2319 1375 2378 familiarum
1396 2323 1558 2380 traditiones
1577 2323 1705 2394 collegit,
1723 2331 1808 2396 atque
1822 2325 1884 2382 haro

248 2411 344 2466 omnia
353 2414 433 2483 19919
450 2417 610 2482 temporum
624 2406 721 2464 seriem
737 2419 808 2461 novo
823 2419 905 2476 opere
916 2403 1045 2474 digessit,
1060 2404 1107 2460 oui
1120 2404 1238 2460 titulum
1257 2404 1347 2462 iacere
1361 2405 1511 2478 potuisset,
1526 2409 1711 2464 9999199199
1727 2409 1885 2464 1991119119-

247 2511 316 2550 9991
332 2496 460 2552 iistorio.
483 2492 595 2550 havidis
615 2491 701 2562 igitur
718 2489 834 2546 demum
851 2493 976 2559 tempore
995 2487 1216 2558 Pentateuchus,
1230 2487 1322 2560 qualis
1341 2504 1417 2545 nunc
1443 2495 1547 2561 999191,
1560 2491 1730 2564 conscriptus
1749 2499 1832 2564 atque
1852 2494 1885 2550 in

247 2578 340 2635 lucem
355 2579 446 2635 editus
459 2577 566 2634 1919991.
578 2575 771 2632 lierbstianam
786 2573 954 2629 sententiam
968 2573 1077 2644 egregie
1092 2572 1196 2629 refellit
1209 2573 1300 2630 Walte
1307 2615 1317 2644 ,
1332 2575 1510 2648 Etaieituap,
1524 2581 1589 2647 919,
1604 2593 1633 2649 p.
1650 2579 1696 2646 51,
1710 2581 1886 2650 9919991311-

248 2663 426 2718 mentationis
439 2663 500 2718 hec
519 2665 561 2716 est
576 2673 698 2716 summa.
713 2657 741 2729 9)
758 2655 898 2714 81199119
914 2672 943 2712 99
956 2656 1088 2728 haberet,
1104 2657 1211 2714 919911
1227 2658 1336 2730 1191991,
1351 2659 1489 2716 91911919
1508 2662 1590 2733 stylo,
1608 2661 1804 2734 locutionibus,
1824 2681 1886 2722 sen·

247 2746 343 2801 tentiis
355 2745 551 2802 nominibusve
567 2741 648 2798 facile
661 2739 934 2812 deprehenderentur
944 2740 1065 2811 indicia,
1077 2757 1140 2813 qum
1153 2741 1334 2798 recentiorem
1350 2741 1566 2815 compilatorem
1580 2747 1735 2818 proderent.
1755 2748 1838 2819 Atqui
1851 2766 1886 2806 99

248 2825 328 2884 919119
343 2833 448 2884 9999191
467 2827 507 2899 (si
524 2826 620 2882 demas
640 2824 764 2879 additam
785 2824 996 2879 deuteronomio
1015 2824 1183 2894 clausulam,
1204 2824 1239 2880 da
1257 2841 1315 2898 qus
1333 2825 1430 2898 alias)',
1451 2829 1619 2900 paucissima
1637 2831 1795 2888 recentioris
1811 2835 1885 2891 iiose

248 2911 337 2967 919119
350 2909 466 2981 vestigia
483 2909 513 2964 19
526 2907 715 2964 Pentateucho
728 2907 854 2978 reperiri,
869 2923 933 2979 qum
949 2907 1054 2963 mendae
1067 2907 1158 2979 potius
1177 2907 1233 2964 dici
1244 2908 1357 2979 dehent,
1372 2911 1479 2982 quales,
1495 2913 1552 2969 imo
1570 2912 1605 2969 iis
1626 2915 1715 2971 multo
1730 2917 1884 2989 pauciores,

248 2994 363 3051 vetustis
376 2993 456 3050 libris
469 2993 601 3048 omnibus
615 2991 794 3047 librariorum
808 2992 918 3048 incuria
931 3001 980 3048 aut
989 2992 1147 3062 ignorantia
1159 2992 1258 3063 inurit,
1273 3009 1290 3050 9
1303 2993 1407 3065 quibus
1421 2995 1535 3068 proinde
1550 2997 1714 3070 hujusmodi
1729 3002 1885 3058 retractatio
1991 2989 1996 2997 ’

248 3079 328 3137 99119
338 3081 403 3151 jure
413 3077 550 3148 arguitur.
565 3074 591 3148 9)
605 3076 703 3132 Nostra
716 3075 829 3146 quidem
844 3079 924 3132 91919
942 3077 1020 3132 99911
1034 3075 1066 3132 19
1080 3091 1199 3147 9191991,
1213 3082 1245 3132 91
1262 3075 1426 3135 111191919199
1444 3080 1545 3150 scripta
1559 3081 1683 3138 defuncti
1696 3083 1816 3156 aiicujus
1830 3084 1886 3141 viri

248 3162 419 3220 1991919991
432 3162 570 3232 digerant,
585 3159 749 3230 imperfecta
759 3158 915 3228 absolvant,
931 3159 1070 3231 edantque
1091 3159 1122 3216 in
1134 3159 1245 3218 lucem:
1260 3165 1290 3216 91
1302 3160 1378 3217 idem
1396 3161 1519 3234 antiquis
1537 3162 1650 3220 Semitis
1666 3165 1697 3221 19
1711 3181 1765 3224 999
1785 3167 1884 3240 luisse,

248 3248 362 3306 cuinam
372 3247 470 3304 saitem
482 3244 563 3300 valde
576 3245 697 3301 dubium
710 3259 767 3300 non
785 3243 945 3300 9199911911
959 3243 985 3316 9)
1001 3244 1090 3316 liujus
1104 3244 1182 3300 modi
1194 3249 1290 3301 autem
1304 3245 1478 3316 hypothesis,
1493 3261 1560 3302 cum
1574 3247 1609 3303 de
1621 3248 1809 3307 Pentateucho
1822 3253 1885 3322 agi·

248 3337 305 3402 tur,
322 3347 380 3388 non
392 3345 456 3387 vero
478 3327 615 3384 absimilis
634 3334 762 3397 1991991,
786 3327 834 3382 999
854 3326 1036 3399 impossibilis
1057 3327 1174 3383 omnino
1189 3327 1306 3384 dicenda
1318 3332 1369 3384 est.
1384 3329 1589 3386 Pentateuchus
1602 3332 1690 3402 enim,
1704 3335 1885 3392 etiamsinon

249 3413 346 3473 fuisset
365 3413 563 3472 nisiomnium
577 3412 718 3468 1199111199
734 3411 824 3480 gentis
842 3411 940 3482 legum
951 3451 962 3481 ,
975 3412 1204 3484 theooraticaeque
1218 3410 1402 3467 institutionis
1423 3414 1658 3485 instrumentum,
1673 3416 1790 3489 ideoque
1807 3435 1887 3478 more

249 3500 318 3572 quid
326 3499 486 3573 profanum,
498 3503 654 3554 sputamen
667 3510 701 3552 au
706 3496 829 3552 ctoritate
841 3500 869 3550 et
879 3497 1034 3551 reverentia
1048 3502 1143 3552 contra
1154 3495 1347 3552 adulteratoris
1357 3497 1493 3568 cujusque
1504 3513 1622 3554 manum
1633 3499 1762 3557 defensus
1774 3499 1885 3575 fuisset3

249 3587 297 3644 sed
309 3585 465 3642 habebatur
477 3583 591 3655 insuper
606 3588 739 3653 tanquam
753 3580 856 3636 divine
873 3578 1049 3636 revelationis
1067 3580 1162 3650 99991,
1184 3595 1202 3636 a
1221 3580 1344 3636 marimo
1366 3580 1570 3652 Prophetarum
1593 3584 1772 3655 conscriptus,
1786 3583 1827 3640 ita
1841 3593 1884 3658 91,

248 3669 415 3727 revelatione
434 3668 485 3724 iiia
499 3666 558 3722 vim
577 3665 698 3721 habente
708 3705 718 3734 ,
730 3678 798 3718 eum
813 3668 958 3719 retractare
973 3679 1005 3720 ae
1019 3663 1175 3721 adulterare
1201 3664 1308 3720 nemini
1323 3665 1354 3719 in
1366 3671 1490 3721 mentem
1509 3665 1624 3737 quidem
1638 3673 1733 3725 venire
1751 3672 1884 3742 potuerit

248 3751 281 3825 d)
294 3754 379 3810 diosas
398 3753 457 3824 ipse
471 3765 556 3807 suum
572 3749 679 3805 librum
699 3747 893 3818 incorruptum
913 3747 1029 3802 omuino
1042 3748 1156 3804 retineri
1178 3748 1257 3803 haud
1272 3747 1358 3804 semel
1375 3751 1511 3820 jusserat,
1528 3751 1690 3822 9991199
1707 3771 1715 3808 :
1732 3769 1835 3827 nempe
1852 3755 1885 3812 in

249 3835 423 3892 sanctissima
431 3831 604 3891 tabernaculi
618 3838 705 3904 parte,
718 3833 798 3902 J'urta
810 3844 915 3901 arcam,
926 3846 1019 3886 coram
1033 3831 1101 3888 1999
1108 3831 1196 3888 991911
1206 3847 1263 3888 999
1276 3831 1334 3902 legi
1346 3832 1523 3903 invigilante,
1536 3836 1749 3893 asacerdetibus
1760 3853 1885 3896 asserva·

248 3921 344 3991 batur,
361 3921 438 3976 nme,
453 3935 526 3988 χχχι,
545 3921 590 3974 26.
605 3915 675 3985 Quis
689 3914 906 3972 sacratissimum
925 3914 997 3970 iilud
1010 3915 1122 3988 asylum
1135 3922 1271 3972 1911191919
1284 3930 1369 3971 99999
1383 3915 1503 3972 19199911
1518 3917 1590 3987 1199,
1606 3934 1696 3975 arcae
1710 3921 1885 3980 Philisthiim

249 4011 329 4076 capta
341 4005 353 4060 1
364 4003 439 4061 sam,
453 4019 481 4072 v,
495 4002 566 4058 liber
579 4000 649 4072 legis
664 4016 681 4056 e
695 4015 746 4055 sua
759 3998 879 4070 capsella
892 3996 948 4054 1911
961 4005 1101 4068 extrusus,
1118 3997 1187 4054 ibid.
1203 4013 1247 4067 91,
1268 4002 1318 4068 11,
1336 4001 1378 4054 itt.
1399 3999 1422 4070 9)
1440 4000 1493 4056 Lex
1513 4015 1577 4057 vere
1590 4009 1618 4058 et
1631 4005 1740 4076 proprie
1752 4007 1885 4066 omnium

248 4088 435 4146 israelitarum
449 4087 480 4142 in
500 4099 600 4141 manus
615 4098 762 4155 nunquam
784 4097 802 4137 a
818 4082 890 4138 liose
903 4082 1004 4137 tradita
1017 4081 1083 4152 fuit,
1097 4083 1145 4138 sed
1164 4083 1230 4138 solis
1249 4082 1437 4138 sacerdotibus
1449 4085 1613 4140 concredita.
1633 4086 1707 4144 iliud
1720 4093 1805 4161 patet,
1819 4097 1885 4148 tum

250 4171 329 4228 Deus,
346 4187 418 4241 ma,
432 4173 485 4241 28,
499 4177 562 4224 tum
577 4167 645 4238 quia
659 4166 689 4221 id
703 4165 785 4222 officii
800 4165 987 4222 sacerdotibus
1002 4165 1154 4238 imposuit,
1170 4171 1201 4220 ut
1216 4165 1308 4236 legem
1328 4181 1420 4220 coram
1438 4166 1540 4238 populo
1553 4167 1677 4239 legerent
1693 4178 1777 4243 atque
1795 4173 1884 4233 iuter-

248 4260 444 4327 pretarentur:
464 4268 549 4325 quam
562 4250 644 4307 oilloii
664 4256 770 4322 partem
788 4263 835 4306 eos
847 4249 1043 4321 adimplevisse
1062 4255 1127 4304 ante
1142 4249 1235 4306 Saulis
1249 4257 1298 4306 991
1312 4250 1423 4306 9991919
1443 4257 1585 4324 tempora,
1601 4268 1682 4310 nemo
1694 4256 1800 4315 inficias
1819 4259 1884 4318 ibit.

248 4339 304 4396 iioc
314 4345 409 4395 autem
423 4337 521 4408 posito,
537 4335 642 4391 scilicet
655 4334 807 4390 sacerdotes
818 4336 879 4404 jam
890 4333 956 4389 inde
969 4349 987 4389 9
1001 4333 1081 4390 919919
1092 4333 1265 4404 tempoiibus
1278 4334 1371 4405 legem
1384 4350 1548 4406 asservasse,
1562 4353 1655 4395 coram
1667 4341 1769 4412 popule
1784 4342 1886 4414 legisse

249 4429 332 4495 aeque
346 4422 515 4494 explanasse,
529 4419 687 4492 quemodo,
704 4433 795 4488 quasso
802 4457 812 4487 ‚
827 4417 881 4490 ipsi
894 4423 988 4489 postea
1006 4433 1069 4473 eam
1083 4425 1229 4474 retractare
1248 4419 1418 4490 potuerunt?
1433 4424 1483 4474 aut
1499 4423 1638 4492 quomodo
1651 4423 1711 4480 haec
1723 4424 1768 4481 lex
1779 4427 1815 4482 ab
1827 4429 1885 4486 alio

250 4505 369 4578 quodam
385 4507 540 4572 retractata,
553 4502 611 4558 imo
630 4501 795 4570 adulterata,
816 4501 913 4555 multis
926 4501 1055 4557 videlicet
1068 4500 1170 4555 additis
1181 4517 1213 4557 99
1232 4502 1346 4557 99911919
1365 4507 1393 4557 91
1415 4500 1589 4560 familiarum
1607 4507 1820 4582 traditionibus,
1834 4527 1886 4585 pro

251 4590 410 4662 genuinaet
420 4588 541 4643 mosaica
555 4587 644 4642 Tiora
658 4592 767 4656 recepte
777 4583 831 4638 fuit
845 4599 862 4638 9
875 4585 1072 4653 999919911999,
1083 4585 1133 4655 qui
1146 4584 1219 4640 hanc
1233 4585 1263 4640 iu
1273 4585 1405 4640 manibus
1417 4585 1568 4659 habehant,
1578 4588 1636 4645 imo
1654 4607 1774 4662 quorum
1787 4610 1845 4651 sors
1857 4604 1888 4654 et

250 4672 394 4731 existentia
407 4671 442 4728 ab
456 4687 490 4728 ea
501 4671 670 4743 pendebant.
689 4669 769 4737 Quod
785 4669 821 4723 de
833 4667 936 4723 1991119
951 4669 981 4722 19
999 4669 1163 4725 9919919991
1176 4669 1457 4739 aititupin,iiissert.
1473 4671 1581 4742 prditus.
1596 4689 1646 4728 sur
1657 4673 1685 4728 lo
1697 4675 1781 4740 Bibit,
1793 4677 1846 4736 lib·
1861 4679 1885 4753 i,

163 4803 167 4812 .
250 4772 310 4828 cap.
323 4771 404 4826 unp.
417 4756 536 4812 991999.
551 4753 638 4810 edit:
654 4752 704 4807 sii
715 4757 757 4807 est
771 4750 932 4822 impossible
951 4752 1035 4823 qu'ils
1046 4752 1122 4808 aient
1136 4753 1192 4825 pris
1206 4753 1247 4808 les
1260 4752 1344 4809 119199
1359 4753 1427 4810 d'un
1440 4760 1519 4811 autre
1534 4772 1605 4829 pour
1625 4774 1694 4815 ceux
1707 4761 1741 4818 de
1755 4763 1885 4823 119199...

249 4848 278 4898 91
296 4839 379 4911 qu’ils
399 4838 474 4894 aient
491 4834 603 4892 99911911
626 4836 711 4908 qu'on
730 4851 767 4891 en
786 4833 825 4889 ait
844 4833 981 4890 substitue
1006 4835 1127 4892 9991199
1146 4838 1163 4892 a
1182 4835 1211 4891 19
1232 4837 1320 4907 piace,
1340 4852 1388 4892 19
1410 4835 1517 4895 19111911
1534 4841 1569 4896 99
1590 4843 1776 4902 sacerdotibus
1798 4848 1886 4906 valet.

249 4923 279 4997 s)
296 4923 394 4978 999199
412 4921 462 4976 iile
482 4919 615 4988 israelita,
636 4919 686 4990 qui
708 4917 828 4974 mosaica
842 4917 943 4988 scriptu
958 4917 1050 4973 denuo
1063 4919 1160 4975 ordine
1181 4918 1325 4990 digerendi
1344 4927 1372 4977 91
1390 4921 1487 4976 9191119
1506 4922 1702 4981 additamentis
1725 4929 1888 4999 perficiendi

249 5023 354 5064 munus
365 5004 567 5077 assumpsisset,
587 5003 718 5076 sapientis
739 5001 846 5058 9991199
859 5001 975 5057 nomine
993 5002 1128 5074 indignus
1145 5003 1243 5058 multis
1256 5018 1322 5060 sano
1337 5004 1494 5074 videretur,
1507 5011 1569 5060 tum
1582 5009 1650 5079 quia
1663 5013 1887 5080 prestantissimi
1948 5017 1951 5022 '

248 5092 392 5166 prophetas
404 5091 508 5147 librum
517 5087 707 5157 adulterasset,
715 5094 778 5143 tum
785 5085 885 5142 saltem
895 5085 962 5156 quia
971 5101 1039 5142 eum
1051 5084 1215 5144 inconcinne
1229 5092 1414 5156 retractasset,
1423 5086 1498 5157 quod
1506 5088 1600 5158 arguit
1607 5093 1674 5148 ordo
1686 5110 1780 5152 rerum
1789 5099 1886 5158 minus

249 5181 402 5242 accuratus,
412 5189 464 5230 nee
478 5172 543 5229 satis
554 5172 728 5244 pleuaatque
748 5169 892 5225 luculenta
908 5168 1063 5241 expositio:
1082 5183 1246 5243 quanquam
1268 5169 1547 5228 19919919911991199
1566 5176 1763 5235 recentioribus
1781 5182 1887 5240 critiois

249 5258 338 5315 veluti
350 5273 399 5330 per
410 5255 622 5327 microscopium
635 5259 745 5328 aspecta
758 5252 883 5310 muitum
898 5257 1061 5324 exaggerata
1074 5251 1140 5325 fuit,
1155 5261 1183 5310 et
1195 5256 1286 5312 iiosen
1299 5259 1391 5327 potius
1401 5259 1540 5310 auctorem
1554 5255 1739 5332 demonstrat,
1754 5271 1786 5319 ut
1800 5281 1887 5338 supra

250 5340 382 5398 diximus.
398 5339 424 5412 9)
437 5339 465 5396 81
484 5339 649 5396 concedatur
662 5337 814 5409 abaliquo,
828 5335 941 5393 9991919
950 5344 1085 5413 tempora,
1098 5343 1218 5398 mosaica
1229 5341 1329 5412 scripta
1343 5352 1400 5394 essa
1414 5343 1568 5410 1911991919,
1584 5339 1660 5398 19991
1674 5345 1726 5400 sub
1739 5346 1886 5409 iudicibus
