4134 6056
583 301 587 310 ·
655 283 899 363 romaniani
916 285 951 344 nt
967 284 1129 359 caman,
1147 301 1210 346 a».
1230 289 1274 347 n.
1339 321 1344 333 ·
1727 289 1778 344 aar

147 388 401 458 contrahentium,
420 387 452 445 in
471 400 535 462 quo
553 387 681 462 utraque
699 403 769 462 pars
790 389 829 447 ad
850 393 944 448 certas
988 391 1052 450 haec
1063 392 1149 450 tuerit
1163 397 1229 451 ante
1238 393 1396 464 diluvium,
1405 407 1491 467 aeque
1504 395 1537 450 ut
1548 405 1638 464 nunc,
1647 390 1781 464 sequitur

146 473 267 532 laederis
290 469 478 531 conditiones
489 470 617 528 invicem
635 487 699 528 sese
712 472 826 544 obligat
843 478 872 531 et
890 473 945 531 ob-
988 480 1018 533 et
1031 475 1136 534 iridem
1148 475 1239 534 inisse
1253 480 1320 534 ante
1333 476 1490 534 diluvium.

147 555 284 630 stringit(
297 571 352 614 uec
362 554 442 612 enim
455 554 487 610 in
498 555 556 612 hoc
569 554 678 612 loedere
691 571 723 612 sc
736 559 795 613 Noe
807 558 877 626 lteo,
891 557 945 614 sed
1025 559 1120 631 Dices,
1140 560 1296 633 mornado
1315 576 1386 632 ergo
1408 560 1448 617 ait
1461 559 1509 615 hio
1524 561 1599 616 Deus
1613 559 1642 614 in
1656 556 1755 614 tuturo
1771 572 1780 613 r

148 643 227 698 Deus
239 640 321 697 solus
334 638 391 712 ipsi
409 641 470 696 Noe
490 653 521 694 se
540 637 679 710 obligat),
699 639 751 696 sed
771 638 867 695 ioedus
886 639 944 697 hoc
988 645 1096 700 Arcum
1112 659 1212 700 meum
1225 658 1340 715 ponam,
1353 660 1414 700 non
1429 647 1543 712 autem,
1557 646 1650 713 posui,
1665 640 1696 698 in
1708 656 1783 714 prn-

150 740 214 782 esse
235 738 348 780 meram
369 721 418 778 [lei
441 720 669 794 promissionem
691 723 781 780 :baec
794 723 874 780 enim
893 725 945 782 he·
989 727 1091 784 terito?
1111 728 1286 800 Respondro
1310 745 1317 782 ε
1343 731 1374 783 ln
1397 726 1517 783 ltebroeo
1540 729 1583 782 est
1602 727 1782 798 praeteritum

150 807 251 866 breite
264 809 341 862 recte
352 807 476 861 v0⁰ttttlr
489 811 589 864 ΓΜ
603 805 683 862 berit·
989 817 1059 872 ’ltili
1070 813 1186 876 notatti,
1198 811 1278 880 dedi,
1288 809 1393 883 posui,
1407 811 1438 866 id
1450 811 1553 879 estdo,
1562 825 1644 882 pono
1655 807 1783 878 etdab0,

31 901 90 947 rm.
101 904 139 945 u.
188 897 233 952 ll.
256 896 352 961 Naana
377 906 443 949 rnrr
465 905 599 950 caracara
622 907 774 964 urrunnu,
787 925 822 938 -
835 894 946 952 scilicet
989 908 1101 967 ponam
1117 893 1221 950 iridem
1234 937 1240 951 .
1255 909 1317 950 non
1334 893 1469 950 absolute
1488 898 1522 949 ut
1540 894 1662 962 existat,
1681 892 1734 949 sed
1750 895 1783 948 ut

50 962 116 1065 ἓξὲξ
151 978 332 1037 universale:
344 977 425 1034 unde
436 976 584 1048 sequitur,
601 977 774 1052 «dissipans
788 982 942 1049 terram,a
991 976 1071 1035 sitin
1092 978 1211 1048 signum
1230 977 1365 1047 ioederis,
1381 979 1465 1050 quod
1483 981 1557 1034 Deus
1575 977 1630 1034 hic·
1643 977 1696 1033 init
1714 993 1783 1034 cum

31 1083 141 1139 aggaei
152 1063 260 1120 scilicet
271 1061 457 1126 nniversam
470 1075 540 1116 nam
552 1063 621 1132 post
634 1061 781 1119 diluvium
791 1062 849 1118 hoc
857 1076 946 1132 gene·
990 1064 1060 1119 Noe.
1069 1062 1135 1118 Fuit
1142 1077 1212 1132 ergo
1219 1061 1270 1118 iris
1279 1066 1345 1120 ante
1355 1061 1512 1130 diluvium,
1523 1060 1641 1132 signum
1650 1061 1783 1117 naturale

41 1145 129 1214 ὡς*
151 1145 225 1215 rale,
238 1144 293 1201 tuit
306 1143 451 1201 diluvium
464 1142 650 1216 particulare,
663 1143 716 1200 sed
730 1144 854 1214 celebre,
869 1145 946 1217 Ogy-
991 1144 1118 1202 nubium
1132 1144 1318 1215 roridarum,
1330 1149 1360 1202 et
1372 1149 1585 1219 consequenter
1598 1143 1704 1202 iuturre
1716 1143 1784 1218 plu·

43 1205 123 1250 Μ’·
137 1229 200 1301 -gis
210 1227 241 1284 in
254 1226 372 1296 aneae,
385 1229 518 1298 tempore
532 1225 622 1282 iacob
635 1227 823 1299 patriarcham
838 1231 948 1301 etpost
990 1228 1057 1286 rice.
1072 1227 1153 1286 Unde
1164 1228 1286 1286 Ovidius
1301 1245 1309 1284 ι

152 1313 212 1371 boc
224 1311 279 1368 iuit
292 1308 438 1368 dfluvlum
456 1308 639 1366 Deucalionis
655 1310 687 1366 in
699 1311 860 1382 Thessalia,
874 1316 947 1368 tem-

153 1410 228 1470 pore
250 1393 346 1451 ltosis.
371 1394 415 1449 lta
439 1391 575 1462 Orosius,
602 1393 761 1467 Eusebius,
788 1400 817 1453 et
843 1393 894 1453 alii
915 1395 947 1452 in

154 1476 315 1538 chronicis·
549 1532 554 1545 .
992 1483 1086 1542 tulius
1098 1481 1226 1554 Scaliger
1238 1484 1360 1538 Erant.
1374 1484 1425 1552 80,
1445 1481 1532 1538 docet
1544 1479 1650 1538 iridem
1668 1483 1784 1541 maluti·
1796 1480 1902 1538 ¹¹i¹lav⁸²

33 1575 142 1623 ruera
192 1561 311 1618 ¹211oe
324 1573 375 1616 asr
393 1573 497 1618 sacrun
510 1573 643 1617 rornanrs
656 1574 734 1628 ouon
750 1575 790 1618 no
808 1576 892 1620 turra
908 1576 948 1618 ss
991 1583 1064 1626 nam
1076 1567 1253 1641 portendere
1266 1565 1397 1639 pluvias,
1413 1564 1611 1637 vespertinam
1624 1579 1695 1620 vero
1709 1582 1784 1623 sere-
1796 1549 1902 1658 {iffi

114 1689 118 1697 ·
155 1642 482 1712 Ιτῖθθι-ῧῑθῦῒθῖἕῡ
502 1643 681 1700 Deuthicin
698 1644 836 1717 praesenti
855 1643 948 1702 sancit
992 1651 1260 1709 nitatemltursum
1272 1648 1783 1718 Aristoteles,lib.villaloncnimal.

152 1728 421 1797 saracenum,
440 1727 481 1785 ita
500 1731 529 1784 et
547 1726 579 1783 in
597 1729 736 1802 praesenti
753 1728 872 1788 ioederis
891 1729 948 1802 sig·
992 1751 1058 1808 cap.
1072 1749 1144 1804 xrrr,
1158 1734 1247 1791 tradit
1255 1733 1359 1790 iridem
1368 1729 1637 1790 multumconierre
1647 1730 1687 1788 ad
1699 1747 1786 1803 genc-

153 1827 244 1883 num,
254 1815 327 1885 puta
339 1810 460 1881 iridem,
473 1810 612 1884 producit
624 1815 653 1868 et
665 1811 806 1884 assignat.
991 1819 1137 1876 rationem
1158 1833 1292 1887 manna,
1306 1816 1367 1873 slve
1390 1816 1488 1872 mellis
1509 1816 1589 1873 aerii.
1611 1815 1719 1872 Adhaeo
1738 1832 1785 1874 as·

190 1899 222 1954 ln
233 1907 443 1953 aemnlatores
455 1907 657 1962 saurrranuls,
668 1910 766 1968 -per
783 1910 887 1955 omnes
900 1911 949 1968 ge·
991 1901 1146 1975 palathnm
1165 1900 1297 1972 aliasque
1316 1899 1424 1956 herbas
1446 1899 1629 1956 odoratiores
1647 1897 1711 1956 fieri
1732 1914 1787 1973 per

152 1979 331 2048 uerationes,
343 1975 489 2050 quamdiu
501 1977 685 2047 generationi
693 1978 842 2048 genoratio
849 1994 948 2036 succe·
992 1984 1099 2042 iridem
1114 1984 1203 2042 tradit
1221 1979 1341 2052 Plinius,
1360 1981 1412 2039 lib.
1430 1985 1485 2052 llll,
1501 1998 1567 2055 cap.
1582 1997 1671 2038 xrrr:
1690 1984 1784 2053 «Est,

154 2064 221 2133 det,
240 2061 389 2134 usquead
408 2060 693 2118 consummationem
708 2062 844 2119 omnium
862 2079 949 2134 genc-
993 2067 1105 2141 inquit,
1127 2067 1297 2140 aspalathus
1321 2067 1407 2139 spina
1426 2065 1568 2135 candida,
1582 2065 1786 2136 magnitudine

153 2145 304 2205 rationum
319 2143 432 2213 saculi,
446 2147 624 2217 puteusque
635 2145 674 2202 ad
685 2145 889 2218 diemjudicli3
903 2147 950 2204 bae
993 2150 1109 2209 arboris
1131 2149 1273 2220 modicae,
1295 2149 1368 2206 flore
1392 2165 1484 2219 rosae,
1506 2149 1605 2206 radice
1626 2148 1786 2219 unguentis

116 2291 119 2294 ,
154 2230 237 2288 enim
261 2229 465 2301 generationes
492 2228 630 2286 dicuntur
659 2228 860 2302 sempiterne,
887 2245 951 2288 non
994 2235 1130 2307 expetita.
1142 2234 1273 2291 'tradunt
1284 2232 1316 2289 in
1329 2248 1521 2305 quocumque
1534 2232 1637 2289 lrutloe
1650 2236 1788 2290 curretur

154 2313 310 2382 absolute,
331 2312 384 2370 sed
404 2311 581 2385 respective,
604 2311 715 2370 scilicet
737 2317 872 2386 respectu
891 2316 951 2372 Noe
994 2333 1081 2376 arcus
1094 2315 1218 2374 coelestis
1227 2356 1238 2385 ,
1254 2315 1391 2372 eamdem
1404 2331 1472 2388 quae
1486 2315 1523 2370 sit
1535 2315 1705 2387 aspalatho,
1721 2331 1787 2373 sua·

154 2400 185 2455 et
199 2401 385 2471 posterorum
399 2396 476 2467 ejus,
486 2411 559 2460 cum
572 2395 683 2470 quibus
696 2398 771 2453 Deus
784 2395 952 2458 ioedus‘boc
993 2399 1114 2458 ritatem
1124 2399 1226 2458 odoris
1239 2398 1376 2469 existere3
1394 2399 1447 2454 sed
1460 2398 1492 2454 in
1505 2398 1659 2470 aspalatho
1672 2398 1788 2456 inenar-

153 2479 219 2537 init.
235 2478 384 2551 Significat
396 2479 952 2554 ergolleushocioedussempiternum
994 2484 1120 2544 rabilem
1138 2484 1312 2557 quamdam.
1331 2499 1346 2535 a
1368 2480 1461 2550 idem,
1482 2479 1536 2537 lib.
1557 2483 1644 2551 llvll,
1664 2497 1730 2554 cap.
1745 2497 1786 2537 v:

153 2561 234 2634 iore,
249 2563 352 2632 idest,
366 2563 482 2620 tamdiu
492 2562 686 2634 duraturum,
699 2563 846 2636 quamdiu
864 2564 952 2623 dura·
998 2569 1130 2637 «Terra,
1150 2565 1209 2635 ait,
1224 2581 1294 2622 cum
1307 2581 1326 2622 a
1338 2563 1465 2620 siccitate
1479 2563 1619 2622 continua
1632 2562 1789 2622 immaduit

153 2645 233 2706 bunt
252 2647 469 2720 generationes,
492 2646 820 2720 quibuspropagontur
842 2646 952 2720 posteri
995 2649 1101 2723 imbre,
1115 2653 1145 2708 et
1157 2651 1187 2708 in
1203 2664 1296 2722 quam
1309 2662 1395 2706 arcus
1409 2647 1532 2704 coelestis
1546 2648 1683 2719 deJecerit
1694 2648 1790 2722 capita

154 2734 231 2802 lice,
252 2745 321 2790 cum
346 2729 456 2803 quibus
479 2731 537 2788 boc
557 2730 655 2788 ioedus
676 2730 780 2801 initum
799 2732 881 2789 unde
900 2733 953 2790 lle-
996 2751 1067 2805 sua,
1080 2739 1151 2793 tunc
1164 2733 1268 2792 emittit
1281 2732 1367 2790 illum
1387 2747 1477 2789 suum
1491 2731 1616 2789 halitum
1635 2732 1769 2790 divinum
1779 2774 1789 2803 ,

155 2813 273 2872 braum
286 2792 386 2884 :litii
397 2793 496 2876 atrab
509 2815 613 2872 leduot
625 2817 697 2872 otcrn
708 2814 783 2873 verti
795 2817 905 2887 potest,
921 2814 953 2872 in
996 2833 1033 2877 ex
1047 2818 1111 2876 sole
1124 2819 1315 2891 conceptum,
1331 2815 1379 2873 cui
1392 2816 1557 2889 comparari
1568 2815 1695 2874 suavitas
1708 2816 1791 2873 nulla
1803 2811 1845 2856 1¹5⁸
1851 2812 1910 2869 ponc

158 2897 330 2957 durationcs
353 2897 469 2969 soeculi,
490 2902 565 2972 puta
585 2897 731 2972 quamdiu
759 2897 880 2960 durabit
895 2897 954 2960 hoo
995 2901 1100 2977 possit.
1116 2920 1130 2954 n
1147 2903 1215 2958 Post
1228 2899 1375 2958 diluvium
1387 2914 1469 2964 reru,
1481 2902 1586 2971 etpost
1599 2900 1656 2956 hoc
1670 2906 1790 2973 pactum
1804 2873 1909 2978 ²2¹,Znussn

157 2980 319 3051 mulum,
336 2980 385 3038 hic
395 2983 542 3053 muudus,
557 2983 621 3039 baee
634 2982 695 3039 rita
711 2981 743 3039 in
757 2980 853 3040 tamis.
964 3021 966 3026 ,
996 2986 1046 3045 Dei
1060 3001 1129 3042 cum
1142 2986 1218 3054 Noe,
1233 2983 1284 3040 iris
1304 2999 1322 3039 a
1342 2985 1401 3038 Deo
1415 2981 1547 3038 instituta
1565 2986 1608 3038 est
1626 2983 1657 3038 in
1671 2981 1791 3053 signum
1804 2969 1908 3050 mielni-

193 3067 237 3122 Ex
250 3065 308 3122 hoc
322 3079 392 3138 ergo
403 3065 482 3136 loco,
496 3079 559 3124 non
570 3069 614 3122 est
624 3065 796 3124 damnanda
810 3066 859 3139 (an
871 3069 953 3136 vera,
997 3068 1219 3145 supernaturale
1236 3066 1327 3138 huius
1344 3063 1442 3140 pacti,
1459 3063 1498 3122 da
1516 3081 1579 3122 non
1592 3063 1695 3124 tuturo
1709 3067 1791 3123 dein·
1817 3055 1894 3160 {52⁸¹ss

159 3164 200 3208 an
218 3147 294 3206 ialsa
312 3147 367 3219 sit,
388 3164 450 3206 non
468 3149 588 3222 disputo
605 3147 663 3222 hie)
682 3148 734 3206 illa
751 3147 955 3222 quorun'rdam
997 3171 1066 3229 ceps
1077 3151 1202 3210 diluvio.
1809 3131 1906 3235 ωωζξ.

160 3235 320 3290 Doctorum
332 3233 492 3303 sententie,
511 3247 573 3306 qua
592 3236 713 3290 censent
729 3236 798 3306 post
818 3232 955 3304 diemju·
1032 3241 1106 3296 Nota
1127 3238 1223 3301 tertio,
1243 3233 1377 3308 apposite
1396 3233 1455 3292 hoo
1474 3233 1594 3304 signum
1614 3247 1677 3291 non
1699 3232 1792 3290 futuri
1818 3239 1891 3298 proul-

1054 1351 1158 1418 Concipit
1170 1351 1211 1403 iris
1222 1361 1305 1417 aquas,
1319 1351 1469 1416 alimentaque
1481 1351 1579 1404 nubibas
1591 1352 1664 1404 allert.

160 3316 230 3374 dicii
241 3315 306 3374 f01'0
319 3315 485 3376 universale
500 3316 663 3384 diluvium,
683 3331 747 3392 quo
760 3333 879 3376 rursum
893 3320 956 3375 101³
999 3321 1103 3383 diluvii
1117 3335 1180 3378 esse
1192 3317 1308 3385 iridem,
1322 3316 1455 3390 ponique
1467 3315 1499 3373 in
1513 3315 1644 3374 nubibus
1649 3335 1658 3388 3
1672 3317 1743 3390 quia
1755 3335 1793 3375 ex
1823 3300 1895 3348 '³⁸¹¹‘st

160 3403 237 3460 term
258 3400 345 3474 aquis
367 3401 564 3475 cooperiatur,
582 3401 670 3458 sicuti
686 3401 723 3458 iis
743 3401 828 3462 initio
848 3401 956 3460 mundi
997 3404 1130 3463 nubibus
1152 3416 1239 3474 aquae
1258 3400 1363 3457 diluvii
1385 3400 1515 3472 delapsae
1536 3403 1622 3470 sunt,
1646 3405 1674 3457 et
1697 3417 1733 3458 ex
1756 3400 1793 3458 iis

161 3489 301 3558 cooperta
320 3483 389 3557 luit;
411 3501 483 3543 uam
499 3485 563 3542 bac
579 3484 740 3559 promissio
760 3485 823 3557 liei,
842 3485 881 3543 de
893 3499 956 3543 non
998 3503 1119 3548 rursum
1135 3483 1227 3544 metui
1240 3487 1341 3556 posset
1354 3481 1499 3540 diluvium
1516 3501 1523 3539 :
1543 3483 1622 3540 unde
1636 3484 1719 3541 naid
1733 3499 1794 3542 me-

160 3568 331 3628 inducendo
353 3568 484 3643 amplius
496 3569 633 3640 diluam,
654 3571 771 3626 tantum
789 3566 956 3627 extenditur
999 3577 1134 3641 tuamne,
1160 3567 1341 3626 contrarium
1365 3566 1397 3624 in
1423 3566 1529 3624 iisdem
1555 3565 1688 3623 nubibus
1709 3569 1795 3640 ponit

160 3666 257 3726 usque
270 3652 311 3710 ad
323 3653 527 3724 generationes
539 3652 629 3724 hujus
641 3651 762 3723 sarah,
773 3653 847 3725 puta
859 3663 956 3726 usque
1000 3657 1075 3713 Deus
1087 3653 1145 3712 hoc
1165 3651 1249 3710 iridis
1264 3650 1395 3724 signum.
1410 3649 1499 3707 Addit
1512 3651 1540 3708 S.
1555 3651 1690 3708 Thomas.
1705 3652 1795 3718 Quod·

162 3736 202 3795 ad
215 3735 295 3794 diem
306 3736 427 3808 jndicli,
442 3751 505 3795 non
522 3737 655 3794 ulterius.
1001 3741 1049 3797 tta.
1068 3740 1119 3808 lll,
1133 3740 1188 3794 art.
1203 3737 1254 3806 30,
1267 3738 1297 3791 et
1307 3733 1462 3792 abulensis
1475 3734 1537 3805 hic,
1551 3735 1652 3801 Quart.
1669 3736 1732 3805 vlt,
1747 3735 1796 3792 iri-

197 3823 244 3880 t3.
265 3825 365 3880 Aaron
381 3836 461 3881 naun
481 3835 576 3880 ronan
591 3837 622 3881 rr
642 3835 759 3880 nunnus
768 3862 779 3893 ,
795 3834 832 3878 ar
849 3835 915 3878 sarr
927 3835 958 3879 nr
1001 3823 1070 3881 dem
1080 3817 1214 3877 naturale
1227 3819 1347 3890 signum
1361 3833 1435 3886 esse,
1445 3817 1675 3891 quodproxime
1686 3834 1747 3875 non
1760 3818 1797 3875 sit

160 3919 268 3966 aaran
281 3919 424 3965 toenuuls.
437 3907 572 3966 -Arcus
586 3907 635 3964 hic
652 3911 696 3964 est
708 3905 776 3975 iris,
792 3905 835 3961 uti
853 3920 958 3963 omues
1000 3904 1134 3963 tutorum
1148 3918 1296 3976 equarum
1309 3900 1501 3976 profluvium,
1514 3906 1547 3958 ut
1556 3917 1594 3959 ex
1607 3918 1643 3959 eo
1656 3901 1708 3959 fiat
1720 3901 1797 3959 dilu-

159 3993 262 4049 Patres
270 3988 387 4060 docent,
400 3993 506 4064 preater
515 3991 543 4048 S.
556 3989 757 4059 Ambrosium,
769 3987 822 4044 lib.
837 3988 960 4045 DeArrc
1000 3987 1083 4046 rium
1092 4027 1102 4058 ,
1121 3987 1192 4060 quia
1209 3985 1319 4043 adhoc
1334 4001 1410 4058 opus
1431 3989 1490 4054 est,
1510 3987 1618 4043 multas
1636 3989 1665 4043 et
1685 4001 1797 4044 crassas

159 4081 188 4134 et
204 4075 274 4138 lire,
288 4088 353 4148 cap.
368 4087 467 4145 xxrrr,
486 4073 541 4147 qui
561 4088 647 4131 arcus
659 4072 750 4144 hujus
763 4085 884 4128 sensum
896 4084 959 4128 non
1002 4087 1065 4130 esse
1075 4070 1180 4140 nubes,
1189 4068 1294 4142 quaein
1304 4083 1445 4140 magnam
1454 4068 1587 4141 pluviam
1596 4070 1795 4127 resolvantur:

157 4157 337 4229 litteralem,
352 4158 405 4218 sed
417 4158 639 4234 tropologicum
652 4171 736 4214 more
749 4171 805 4214 suo
817 4154 958 4227 assignat.
1001 4154 1061 4212 illae
1079 4155 1177 4212 antem
1190 4153 1359 4226 repugnant
1376 4150 1461 4222 iridi;
1483 4151 1534 4207 iris
1554 4151 1633 4209 enim
1655 4152 1747 4212 oritur
1766 4153 1798 4210 in

195 4249 274 4305 Nota
287 4263 295 4302 τ
306 4248 382 4303 Deus
395 4260 517 4316 arcum,
531 4249 606 4320 puta
624 4243 730 4303 iridem
751 4247 839 4302 vocat
861 4256 958 4314 suam,
1003 4237 1104 4307 nube,
1122 4251 1185 4293 non
1205 4251 1303 4292 crassa
1322 4238 1351 4292 et
1367 4235 1476 4306 densa,
1496 4236 1549 4293 sed
1567 4237 1683 4306 rorida,
1705 4253 1799 4311 opaca

156 4330 236 4407 quia
252 4328 304 4386 iris
324 4333 368 4386 est
386 4327 602 4402 pulcherrima,
625 4327 734 4403 lleique
757 4325 873 4402 opificis
893 4325 962 4400 pul·
1003 4326 1033 4380 et
1043 4336 1184 4390 concava,
1194 4335 1230 4376 ex
1238 4317 1392 4377 radiorum
1404 4319 1475 4376 solis
1489 4320 1618 4393 oppositi
1628 4320 1797 4379 reflexione.

155 4413 364 4474 claritudinem
380 4416 410 4471 et
423 4411 674 4490 magnificentiam
693 4409 782 4470 nohis
798 4424 962 4486 represen-
1039 4407 1113 4464 Nota
1126 4409 1245 4476 quarto,
1265 4405 1374 4460 Auctor
1386 4404 1517 4460 Historiae
1535 4404 1751 4461 scholasticam
1764 4403 1800 4460 li-

154 4501 218 4568 tat;
235 4496 317 4554 unde
333 4496 371 4552 de
384 4509 420 4554 ea
433 4495 505 4553 dicit
517 4497 603 4554 Eroti.
618 4510 685 4569 cap.
704 4509 785 4566 xurrr,
803 4510 880 4553 rers.
900 4497 958 4554 lh:
1003 4487 1095 4546 hrum
1107 4487 1172 4546 den.
1188 4500 1253 4559 cap.
1268 4501 1365 4543 xxxa:
1383 4487 1678 4562 «Tradunt,inquit,
1688 4487 1799 4558 Sancti,

157 4599 177 4636 a
192 4579 269 4638 Vide
285 4594 402 4648 arcum,
419 4583 448 4637 et
464 4578 591 4637 benedic
604 4593 688 4648 eum,
702 4580 755 4654 qul
768 4578 836 4636 iecit
847 4579 935 4636 illum
951 4594 959 4634 ε
1005 4572 1089 4648 quod
1105 4571 1304 4644 quadraginta
1320 4570 1406 4627 aunis
1424 4574 1492 4628 ante
1511 4571 1590 4628 diem
1601 4570 1721 4642 judicii,
1737 4585 1799 4626 non

150 4665 252 4726 valde
274 4664 426 4739 speciosus
449 4670 493 4723 est
514 4665 545 4722 in
566 4664 725 4738 splendore
747 4679 821 4735 suo,
845 4663 962 4737 gyravit
1004 4655 1154 4714 ridebitur
1179 4669 1264 4712 arcus
1288 4653 1427 4724 coelestis3
1455 4672 1470 4708 a
1497 4654 1570 4728 quia
1596 4655 1705 4728 seilicet
1730 4658 1800 4711 tunc

152 4747 275 4827 (cinxit)
297 4748 407 4806 coelum
429 4747 606 4806 incircuitu
629 4749 731 4820 gloriae
753 4763 829 4818 suae,
853 4761 961 4804 manus
1005 4756 1123 4798 summa
1140 4738 1194 4797 erit
1207 4739 1338 4810 siccitas,
1360 4755 1421 4812 que
1435 4739 1568 4796 mundus
1585 4737 1803 4812 preparabitur

149 4833 276 4894 Excelsi
288 4835 469 4906 aperuerunt
478 4832 574 4890 illum.
584 4851 600 4887 a
612 4833 682 4889 tlinc
696 4832 777 4889 Plato
786 4831 818 4888 in
831 4832 962 4888 Theateto
1002 4825 1046 4890 ,ad
1063 4823 1341 4895 conflagrationem,
1361 4839 1430 4896 qun
1447 4823 1498 4879 fiet
1516 4821 1573 4878 suh
1595 4822 1673 4878 diem
1685 4821 1801 4892 judicii.

148 4917 289 4988 iridem,
308 4915 497 4974 Thaumantis
515 4915 627 4987 filiam,
646 4919 770 4989 propter
789 4913 960 4972 admiratio-
1005 4910 1061 4968 Sed
1074 4909 1149 4966 baec
1170 4907 1289 4966 traditio
1311 4906 1418 4965 frivola
1440 4911 1469 4964 et
1488 4905 1564 4962 salsa
1586 4911 1644 4976 est,
1666 4905 1802 4978 falsoque

148 5015 246 5072 nem,
260 4999 371 5058 dirum
383 5000 505 5058 censuit.
1006 4992 1175 5052 attribuitur
1192 4993 1300 5050 sanetis
1319 4991 1463 5050 Patribus.
1484 4990 1512 5048 si
1533 4989 1613 5046 enim
1633 4993 1714 5045 tanta
1732 4994 1803 5046 tunc

83 5119 132 5166 ‹tte-
193 5087 275 5143 Nota
295 5082 425 5150 mado,
451 5087 555 5142 contra
577 5081 735 5142 alcuinum
755 5083 785 5139 et
807 5080 941 5140 Glossam
953 5123 963 5154 ,
1005 5078 1081 5137 toret
1092 5080 1220 5150 siccitas,
1233 5077 1385 5148 homines,
1400 5075 1540 5134 animalia
1551 5085 1579 5132 et
1593 5074 1702 5148 plantae
1716 5091 1753 5131 ex
1768 5089 1803 5132 ca

30 5183 132 5228 amu-
146 5172 233 5232 ante
254 5169 316 5225 Noe
336 5171 366 5225 et
389 5167 536 5225 diluvium
558 5167 649 5224 tuisse
670 5165 787 5224 iridem.
808 5167 858 5223 list
884 5165 964 5224 enim
1005 5163 1174 5232 interirent,
1189 5163 1273 5234 cuius
1287 5162 1469 5221 contrarium
1482 5175 1539 5218 nos
1553 5159 1640 5218 docet
1653 5159 1801 5232 Christus,

30 5244 65 5291 ¹¹¹
75 5246 129 5294 ω’·
144 5250 310 5318 naturalis
328 5251 392 5322 ejus
411 5251 562 5324 generatio
583 5254 612 5308 et
625 5265 733 5320 causa,
748 5247 857 5308 scilicet
868 5264 966 5308 rerer-
1006 5247 1284 5317 nascanturque

144 5336 281 5403 harath
294 5335 450 5404 radiorum
459 5334 532 5397 solis
544 5333 578 5394 in
590 5332 672 5395 nube
681 5331 793 5395 rorida
801 5333 882 5419 *cum
884 5347 981 5434 erga
1043 5330 1210 5404 Symbcliea
1229 5333 1258 5389 et
1275 5329 1416 5418 mystica
1430 5331 1458 5392 S.
1477 5327 1667 5402 ambrosius,
1687 5325 1739 5387 lib.
1765 5327 1805 5386 lle
