4042 6032
289 376 335 441 cit

291 479 425 539 dioribus
436 483 519 538 terrea
529 481 663 562 partibus
676 481 768 538 modo
781 480 827 549 sit,
839 482 868 536 et
881 480 912 535 iu
930 478 1019 536 variis
1031 492 1078 535 re·
1123 476 1202 536 dieto
1214 477 1320 548 tacere,
1331 479 1416 554 quod
1428 477 1572 554 perleges
1584 491 1603 534 a
1616 491 1648 533 ss
1656 474 1768 550 posttea
1781 473 1917 532 obtinere

290 564 429 635 glonibus
441 569 535 636 magis
546 565 733 625 unitormem.
743 565 825 640 qirod
837 561 1022 619 uniformitas
1030 575 1079 616 ve-
1123 566 1236 635 potest:
1256 564 1423 633 cujusmodi
1443 568 1487 621 est
1507 562 1722 618 lucrementum
1744 563 1772 616 et
1794 556 1918 615 diffusio

289 648 441 720 getattonts
455 649 588 707 ostendit.
605 647 803 704 abundabant
816 652 885 702 tunc
898 649 987 720 pitres.
1004 645 1080 714 eptit-
1123 645 1353 720 viventiumtt).
1370 649 1401 704 tn
1421 647 1524 705 Genesi
1545 649 1621 704 nerto
1639 642 1715 701 nibil
1731 642 1836 716 quood
1854 641 1919 699 hee

288 737 395 790 setaceoe
407 733 435 788 et
446 733 634 810 lycopodr'areoe
648 730 790 797 arboreae,
802 728 913 804 quibus
924 727 1015 784 modo
1028 725 1079 783 vix
1123 726 1259 798 legimus.

288 814 401 887 aliquid
410 813 551 882 similata
560 815 750 874 calidioribus
758 809 1077 883 tanturnmodoptngis,
1158 811 1188 866 L.
1202 811 1320 868 bivinus
1332 813 1409 870 liber
1422 812 1507 870 docet
1520 811 1727 870 tantummodo
1742 812 1834 866 iteum
1851 810 1918 881 tus·

285 899 437 970 reperitur.
459 899 522 958 limo
541 898 706 966 vegetantis
724 897 891 969 copiosiora
904 898 972 951 sunt
990 897 1078 964 atque
1122 893 1216 950 sisse:
1234 897 1407 953 «Producat
1424 901 1502 953 terre
1518 894 1640 952 herbam
1658 893 1797 967 (pressius
1816 892 1857 950 ad
1870 891 1916 952 tit.

286 981 410 1051 majora,
424 978 477 1036 ubi
491 979 615 1042 calidius
629 979 1078 1038 etudumclimaest.tiooutem
1122 977 1341 1034 mbmeetterro
1361 979 1508 1050 herbulam)
1532 978 1687 1035 lenientem
1707 991 1806 1034 semen
1828 981 1858 1034 et
1881 977 1918 1034 lt-

284 1061 418 1139 tempore
431 1063 512 1123 calor
525 1065 666 1122 terrestris
681 1062 844 1138 superficiei
857 1065 918 1118 eret
932 1062 1076 1134 precipue
1122 1073 1214 1130 gnum
1230 1062 1438 1132 pomiterum,e
1449 1066 1503 1118 eto.
1512 1059 1779 1133 Atque,obedteats
1786 1059 1917 1118 emtori

285 1143 324 1202 ab
338 1146 452 1209 iuterna
474 1147 555 1223 globi
575 1149 713 1220 temperie
734 1147 929 1224 repetendus,
944 1150 972 1201 ot
984 1143 1044 1202 iere
1058 1159 1077 1201 e
1123 1147 1238 1213 nature,
1248 1145 1341 1214 addit,
1353 1145 1460 1202 herbas
1473 1150 1503 1202 et
1516 1141 1636 1200 arbores
1649 1158 1666 1200 o
1678 1148 1758 1202 terre
1768 1157 1831 1199 esse
1845 1157 1917 1216 pro·

284 1227 1076 1308 soleindependens,adeoquediurnasvariationesvix
1123 1225 1235 1284 ductas.
1257 1229 1313 1284 tteo
1334 1228 1436 1302 quoad
1456 1227 1592 1299 stirpium
1617 1225 1762 1296 originem
1782 1225 1917 1283 bumana

282 1311 406 1384 patiens.
422 1315 527 1370 Fontes
539 1313 696 1372 thermulas
704 1313 851 1390 calidique
860 1311 979 1386 vaporis
989 1311 1076 1368 exha-
1121 1309 1241 1367 seientia
1253 1310 1342 1383 plura
1354 1326 1409 1368 nos
1423 1311 1518 1369 docet.
1533 1313 1567 1367 tit
1579 1310 1654 1381 lpse,
1668 1307 1725 1370 niu
1742 1309 1813 1366 velit
1826 1307 1915 1368 sileo-

282 1393 421 1465 tationes,
442 1396 637 1472 probabiliter
662 1394 890 1472 frequentiores,
903 1396 1026 1467 insuper
1047 1399 1076 1452 et
1119 1395 1167 1449 tus
1185 1393 1339 1452 admittere
1359 1393 1473 1468 absque
1487 1409 1541 1450 suo
1553 1393 1686 1464 ratione,
1700 1392 1731 1450 in
1744 1393 1870 1466 imperto
1883 1397 1915 1450 et

281 1475 681 1543 aebuloenocturnomterra
694 1477 922 1550 trigeinotentem
937 1477 1075 1535 radiatio·
1120 1473 1270 1534 voluntate
1285 1478 1428 1536 creatoris
1449 1478 1579 1552 primam
1602 1475 1670 1534 vite
1691 1481 1720 1534 et
1740 1473 1912 1550 plantamm

282 1575 351 1620 uem
362 1564 526 1636 temperare
540 1560 697 1622 debebant.
711 1563 745 1624 ln
756 1559 944 1631 uda‚cutide
957 1565 985 1617 et
1002 1575 1074 1617 oon·
1120 1575 1239 1617 causam
1270 1575 1401 1634 quarere
1431 1560 1528 1618 debet.
1557 1557 1819 1632 quuisitionibus
1844 1560 1912 1635 lpse

281 1642 520 1721 stantetemperte
528 1646 637 1724 optime
647 1644 762 1701 evenire
770 1643 878 1718 plantis
889 1647 1074 1716 compertum
1118 1643 1179 1700 suls
1200 1643 1374 1714 confirmet,
1396 1647 1501 1702 terram
1524 1647 1590 1700 ants
1610 1641 1785 1702 animalium
1809 1650 1911 1702 ortum

281 1731 333 1784 est.
352 1728 482 1785 «Primis
496 1727 680 1800 temporibus
693 1731 761 1801 post
774 1727 951 1784 creationem
961 1727 1073 1783 entium
1118 1724 1225 1799 plantis
1238 1729 1429 1785 convestitam
1448 1726 1704 1800 luxuriantemque
1721 1721 1811 1782 luisse
1827 1743 1836 1784 r
1856 1727 1912 1786 oll-

281 1812 499 1882 organicorum,
515 1813 600 1873 tellus
615 1827 682 1886 quse
696 1827 756 1867 non
768 1810 855 1866 valde
869 1810 950 1865 elutis
968 1809 1073 1866 insutis
1118 1809 1192 1886 quid
1202 1809 1238 1867 de
1250 1812 1447 1884 quarumdam
1458 1811 1541 1882 regni
1553 1810 1714 1882 vegetantis
1727 1807 1909 1868 familiarum

280 1893 747 1968 constituebatur,cooperiebatur
755 1893 1072 1965 immensoplantnrum
1114 1892 1236 1950 relative
1254 1899 1336 1952 atate
1350 1895 1544 1952 determinare
1561 1898 1711 1950 oonniurt
1735 1899 1765 1950 at
1786 1893 1840 1950 ubi
1865 1894 1908 1952 ab

278 1975 383 2047 eopia:
398 1975 522 2034 varietas
541 1978 571 2032 tn
591 1975 637 2034 his
657 1991 718 2032 non
739 1991 848 2046 magna
870 1974 1011 2032 :nultum
1036 1989 1072 2031 ex
1114 1974 1179 2046 ipsa
1191 1975 1395 2048 postulamus,
1418 1978 1450 2032 ut
1467 1974 1590 2030 modum
1614 1972 1701 2032 nobis
1718 1985 1780 2046 quo
1800 1973 1908 2047 primu

278 2057 498 2128 mammelibus,
513 2058 577 2114 evis
591 2057 688 2122 nulla;
703 2057 815 2127 verbo,
830 2055 946 2113 nullum
961 2057 1071 2116 animal
1114 2058 1218 2132 stirpes
1234 2063 1304 2116 orte
1318 2065 1386 2116 suut
1400 2059 1546 2124 sciisserat,
1559 2058 1749 2114 obmustescit
1761 2057 1908 2126 itta,etsl·

278 2139 383 2198 densas
397 2143 451 2199 tras
464 2139 1069 2218 sylvaranimabat.nltaadolphusltron-
1113 2138 1203 2197 lentio
1224 2143 1289 2215 ipso
1312 2158 1367 2199 suo
1384 2144 1543 2216 eloquens,
1558 2145 1700 2214 tunquam
1722 2139 1849 2200 tudinem
1871 2142 1905 2200 ln

277 2222 373 2294 gniurt
387 2224 436 2298 (t).
1113 2224 1219 2279 coetum
1235 2224 1384 2294 intendit,
1399 2226 1438 2281 ab
1452 2227 1511 2282 elio
1529 2224 1560 2280 td
1578 2223 1770 2295 repetendum
1784 2225 1904 2283 clamat.

312 2307 472 2380 opponunt
484 2309 619 2388 quidam,
628 2311 745 2386 plantas
759 2307 847 2365 sotori
860 2307 926 2366 luce
940 2307 1070 2380 indigere
1121 2301 1160 2354 A0
1173 2298 1285 2375 loquax
1299 2321 1366 2362 cum
1380 2305 1414 2358 tit
1429 2304 1497 2361 saus
1511 2309 1562 2363 eut
1574 2305 1731 2378 plusquam
1746 2306 1825 2377 seur,
1838 2307 1913 2368 dum

276 2391 309 2446 ut
323 2390 415 2447 robur
428 2394 593 2472 acquirant,
608 2409 642 2450 uc
655 2393 816 2468 prasertim
831 2395 864 2447 ut
880 2407 982 2448 eortrm
998 2391 1069 2452 tolia
1112 2387 1143 2443 in
1158 2388 1318 2446 coelestium
1331 2390 1490 2458 globorum
1510 2394 1560 2446 aut
1580 2386 1669 2444 maris
1685 2391 1737 2444 eut
1754 2389 1905 2448 montium

276 2471 428 2530 virescant.
451 2473 550 2534 Obiter
573 2476 719 2546 adverto,
743 2474 901 2530 viridantia
924 2473 974 2531 ille
996 2474 1070 2534 lotia
1111 2470 1318 2529 formationem
1332 2474 1505 2547 inquisitum
1522 2473 1547 2529 si
1567 2473 1605 2529 de
1624 2483 1717 2544 grano
1734 2471 1845 2547 sinopis
1858 2473 1905 2532 ln-

275 2559 409 2614 nostrum
423 2559 570 2614 neminem
584 2558 702 2614 vidisse.
713 2557 745 2614 ln
760 2555 883 2628 vulgata
895 2558 1017 2632 quidem
1029 2559 1069 2616 te·
1110 2555 1289 2626 terrogeiur,
1303 2557 1351 2614 vet
1365 2560 1403 2615 ds
1422 2557 1497 2632 prati
1510 2556 1654 2626 tlosculo,
1671 2556 1719 2612 vol
1736 2555 1774 2612 do
1787 2557 1906 2616 minuta

275 2633 370 2705 gitur:
386 2639 520 2702 (terminet
534 2645 606 2697 terro
621 2641 728 2696 tertam
741 2643 883 2706 uirentem:
898 2646 927 2697 at
944 2657 1003 2698 vox
1017 2639 1068 2700 illa
1109 2637 1246 2708 herbula,
1261 2639 1324 2712 elus
1342 2641 1481 2716 superbie
1494 2640 1686 2714 deprimitur,
1705 2639 1794 2696 vetuti
1814 2640 1840 2697 si
1861 2641 1903 2699 ab

274 2721 402 2778 uirentem
416 2737 477 2782 non
489 2723 610 2796 adparet
624 2724 706 2796 apud
718 2723 917 2796 Septuaginta,
932 2724 984 2798 qui
998 2725 1067 2782 red·
1109 2719 1156 2778 his
1176 2724 1307 2795 parvulis
1330 2726 1382 2781 sed
1404 2724 1591 2782 mirabilibus
1610 2721 1748 2784 creaturis
1763 2723 1821 2780 sibi
1837 2725 1903 2783 dio·

274 2801 358 2872 duni,
372 2805 479 2862 tertam
489 2807 593 2883 pabuli,
607 2823 660 2864 neo
673 2809 705 2864 in
717 2807 903 2866 versionibus
914 2823 993 2882 syra,
1004 2825 1068 2866 are·
1109 2808 1172 2862 tum
1192 2807 1306 2864 audiret
1327 2823 1335 2863 t
1353 2829 1366 2862 e
1381 2811 1440 2865 ttuo
1456 2823 1551 2880 usque
1564 2807 1665 2866 ventes
1679 2811 1708 2866 et
1720 2821 1781 2863 noo
1795 2823 1903 2880 prece·

273 2885 350 2956 bica,
365 2889 553 2962 samaritana,
566 2891 691 2963 persice,
712 2905 766 2946 neo
787 2893 868 2966 apud
883 2888 1017 2947 Onkeion
1039 2897 1068 2950 et
1110 2887 1163 2944 des
1176 2891 1304 2962 emptius
1312 2932 1321 2961 ‚
1335 2896 1364 2949 et
1379 2892 1428 2949 hle
1444 2891 1610 2962 contringes
1628 2896 1773 2949 tumentes
1791 2890 1902 2950 duetus

272 2969 425 3030 tonattran.
444 2973 595 3030 ttebroeurn
608 2974 708 3048 potius
721 2973 974 3048 interpretandum
989 2973 1066 3035 docti
1108 2975 1175 3027 tuos
1190 2973 1264 3044 (3).»
1282 2974 1378 3044 Modo,
1393 2979 1425 3032 ut
1438 2978 1478 3032 itit
1488 2975 1599 3032 lulliuit
1609 2975 1665 3048 (ὃ),
1681 2995 1696 3030 t
1709 2982 1901 3038 terrassiam

271 3057 385 3123 putant,
401 3055 505 3112 tabum
520 3060 635 3112 teneram
649 3056 697 3112 vel
709 3073 829 3130 paruum,
843 3057 904 3113 sive
918 3057 1064 3117 tabulam.
1107 3053 1284 3126 tepefactum
1297 3059 1454 3132 complexu
1468 3075 1523 3116 suo
1533 3055 1682 3128 diffundit,
1695 3062 1723 3114 et
1737 3057 1816 3116 elioit
1829 3060 1899 3117 tter·

270 3133 324 3191 Pro
335 3135 467 3212 pleniore
481 3141 580 3198 autem
595 3139 797 3216 responsione,
812 3141 900 3216 ptura
913 3156 950 3197 ex
962 3141 1065 3216 physi-
1106 3136 1273 3197 beecentem
1284 3156 1321 3197 ex
1334 3157 1370 3198 eo
1381 3141 1567 3210 viriditatem,
1580 3156 1648 3214 quae
1660 3141 1729 3198 nixa
1737 3140 1821 3198 tibris
1833 3143 1901 3200 stir·

270 3219 311 3274 cis
323 3218 430 3276 adduci
443 3228 573 3297 possent.
584 3221 710 3282 Sufficiet
723 3227 821 3280 tamen
834 3224 1004 3296 admonere,
1016 3243 1063 3286 me
1105 3222 1189 3295 pium
1205 3225 1313 3282 sensim
1327 3225 1476 3282 adolescit.
1491 3245 1507 3280 v
1523 3229 1557 3282 tt
1569 3237 1670 3282 semen
1680 3223 1760 3282 uude
1773 3231 1827 3296 est,
1838 3227 1902 3286 nist

270 3303 340 3360 sotis
353 3306 478 3364 tucema
492 3307 575 3362 tertia
590 3305 637 3364 dio
648 3321 709 3364 nou
724 3304 891 3376 excludere,
904 3307 921 3380 §
938 3311 992 3377 ab,
1007 3313 1062 3382 48,
1106 3320 1142 3361 ex
1154 3307 1277 3379 plantet
1292 3309 1393 3366 t’lante
1410 3325 1481 3366 vero
1500 3309 1670 3378 undenam,
1684 3309 1740 3365 nist
1754 3320 1770 3365 e
1784 3312 1898 3370 semiue

268 3385 335 3444 llcot
348 3403 452 3460 negem
465 3406 533 3450 cum
547 3393 635 3460 ltosc,
645 3389 716 3444 solis
729 3387 834 3444 taciem
847 3395 914 3446 ente
926 3397 1062 3464 quartem
1105 3391 1326 3460 progerminat?
1343 3392 1421 3464 Quid
1441 3397 1511 3464 erg'o
1535 3391 1699 3465 proeoesett,
1725 3405 1826 3449 umen
1846 3399 1900 3452 eut

270 3465 349 3526 diem
363 3476 445 3528 terres
458 3472 640 3548 adparuisse.
658 3475 792 3530 tamvero
808 3472 920 3530 debiles
933 3474 1003 3530 solis
1016 3491 1062 3533 ra·
1103 3472 1229 3544 plantat
1250 3477 1297 3531 Est
1318 3475 1369 3533 illa
1382 3481 1465 3532 vetus
1474 3517 1483 3546 ‚
1504 3491 1538 3532 uo
1559 3475 1634 3532 serie
1646 3475 1735 3532 simul
1748 3481 1776 3536 et
1792 3477 1899 3547 iocosa

269 3551 310 3608 dii
330 3569 383 3632 per
396 3555 491 3611 nubes
508 3559 654 3626 meantes,
668 3555 738 3610 satis
755 3555 865 3612 habent
882 3556 992 3613 virium
1006 3601 1014 3627 ‚
1028 3565 1062 3617 ut
1104 3557 1226 3627 questio
1242 3573 1250 3613 ε
1265 3563 1364 3614 uirum
1377 3559 1460 3633 prius
1474 3559 1598 3616 extiterit
1612 3557 1723 3628 gallina
1736 3571 1774 3614 eu
1789 3561 1898 3618 ovum?

268 3635 409 3694 virescere
420 3635 528 3694 iaciant
540 3637 612 3695 tolia
632 3643 659 3693 et
678 3638 853 3708 vegetationi
877 3639 1036 3698 inserviant
1052 3659 1060 3698 τ
1105 3639 1391 3712 «stacionensis,
1410 3641 1451 3698 ait
1464 3642 1643 3712 eugusunus
1658 3641 1714 3715 (5),
1729 3645 1827 3715 potest
1849 3644 1898 3701 tn·

267 3719 360 3778 immo
375 3719 480 3778 melius
493 3721 525 3780 id
538 3723 675 3796 praetant
689 3735 781 3794 quiam
795 3719 871 3790 ignis
884 3722 970 3791 radii,
985 3727 1060 3781 certe
1103 3728 1214 3780 certum
1229 3741 1309 3796 esse,
1325 3731 1425 3782 utrum
1439 3741 1476 3783 ex
1495 3726 1567 3800 ipsis
1579 3725 1711 3796 semine,
1726 3741 1764 3782 an
1779 3727 1845 3804 ipse
1858 3741 1896 3786 ex

267 3803 361 3876 magis
371 3802 510 3874 lucentes,
521 3805 631 3878 quibus
644 3804 683 3862 ad
697 3801 927 3860 calefaciendum
936 3808 983 3862 vel
994 3807 1060 3865 iltu-
1102 3806 1264 3864 seminibus
1278 3826 1285 3863 τ
1298 3808 1537 3882 quolibcttamen
1550 3809 1896 3882 noeumprius,e1terra

266 3886 441 3946 minandum
455 3887 576 3945 utImur.
596 3889 707 3945 Revera
726 3887 756 3944 in
771 3887 952 3944 densissimis
966 3891 1059 3962 sylvis
1101 3891 1296 3948 certissimum
1308 3898 1388 3950 est.»
1404 3893 1559 3962 igiturtruo
1570 3905 1675 3965 usque,
1685 3892 1895 3965 opemterente

265 3973 293 4025 et
310 3970 340 4026 in
358 3986 460 4028 carum
479 3974 578 4029 centro
588 4014 596 4044 ,
612 3971 664 4027 ubi
686 3985 842 4044 nunqnam
865 3970 966 4028 directi
987 3973 1058 4030 solis
1100 3975 1237 4045 analogia
1251 3990 1373 4046 eorum,
1389 3991 1456 4050 qrne
1470 3975 1622 4044 videmus,
1635 3979 1665 4031 ot
1683 3991 1808 4046 eorum,
1824 3993 1894 4052 qun

263 4051 339 4108 radii
352 4058 521 4130 penetrant,
538 4053 647 4114 virides
665 4055 786 4111 arbores
804 4053 950 4110 videmus.
974 4057 1007 4111 lit
1027 4057 1057 4114 in
1099 4053 1235 4114 homines
1249 4060 1280 4115 in
1293 4060 1422 4133 physicis
1436 4060 1642 4132 experimentis
1654 4065 1816 4132 operantur
1827 4077 1895 4133 gra-
1955 4057 1963 4070 '

263 4133 298 4189 iis
309 4136 495 4206 regionibus,
509 4137 560 4195 ubi
583 4137 653 4194 solis
667 4136 754 4194 iactas
767 4135 828 4198 lere
848 4151 964 4212 semper
977 4139 1056 4195 nube
1099 4137 1141 4194 du
1155 4138 1243 4209 longe
1257 4143 1375 4210 minori,
1386 4143 1546 4200 tumetium
1557 4141 1718 4200 divinando
1731 4145 1816 4216 quod
1831 4159 1894 4204 ma·

262 4215 389 4289 velatur,
402 4218 474 4277 lolia
487 4223 586 4278 iernen
599 4221 760 4279 virescunt.
1097 4222 1177 4278 xima
1193 4224 1243 4279 illa
1265 4239 1299 4280 ae
1320 4224 1524 4298 antiquissimo
1542 4225 1739 4300 phaenomena
1757 4241 1821 4285 esse
1835 4243 1893 4303 po·

297 4299 550 4375 Supervacaneum
564 4304 680 4362 videtur
692 4303 857 4378 inquirere,
871 4305 971 4362 ubum
992 4307 1056 4363 stir-
1096 4306 1323 4364 tuerintneturte
1332 4307 1432 4380 legum
1439 4310 1618 4366 consectaria
1629 4309 1779 4381 quaedam,
1789 4318 1818 4367 et
1828 4315 1892 4383 ejus

260 4398 314 4457 pes
324 4383 454 4456 ejusdcm
463 4385 567 4460 speciei
577 4403 680 4443 omues
692 4403 728 4444 ex
738 4402 797 4443 una
808 4387 1009 4458 oriantur,aut
1018 4407 1054 4447 nx
1097 4389 1210 4446 ordinis
1222 4405 1256 4447 ac
1269 4407 1371 4448 cursus
1387 4407 1498 4462 rerum,
1514 4391 1567 4464 qut
1579 4405 1660 4448 nuno
1672 4397 1726 4463 est,
1735 4393 1827 4450 veluti
1840 4407 1891 4468 pe-

261 4465 389 4536 dumus,
399 4465 501 4540 quoad
511 4469 621 4541 species
631 4469 708 4539 illas,
717 4469 867 4543 inquibus
881 4472 1054 4542 organales·
1096 4470 1220 4528 cultores
1234 4489 1330 4544 casus,
1344 4474 1410 4544 bis,
1424 4475 1565 4548 laquem,
1581 4475 1697 4532 auxiliis
1711 4477 1804 4548 adiuti
1812 4519 1824 4548 ,
1838 4478 1893 4536 elt-

260 4550 591 4607 oundationisuonsunt
601 4551 631 4606 in
641 4564 702 4606 uno
710 4551 875 4624 eodemque
885 4553 1052 4629 individuo,
1095 4555 1170 4627 quid
1191 4556 1338 4629 deprime
1358 4558 1464 4614 mundi
1480 4557 1602 4614 historia
1615 4557 1778 4630 intelligere
1791 4563 1891 4620 conati

259 4637 292 4691 ut
304 4635 386 4707 pute,
398 4633 429 4692 iu
440 4634 557 4710 palmis.
573 4636 664 4704 idern,
677 4634 761 4708 quod
775 4636 814 4692 ad
830 4635 917 4693 bruta
931 4643 1051 4714 spectat,
1095 4654 1207 4696 sumus.
1228 4644 1263 4698 tt
1285 4655 1364 4698 nuno
1385 4641 1521 4714 analogia
1543 4643 1802 4718 experimenteque
1817 4647 1893 4705 doti·
2002 4651 2004 4692 ἶ

259 4717 369 4790 inquiri
382 4722 488 4790 potest.
503 4719 636 4775 Linnaeus
650 4719 772 4791 quidem
782 4721 931 4778 contendit
944 4722 1050 4782 «tuitio
1093 4721 1192 4793 ciunt,
1207 4728 1318 4781 naturus
1340 4725 1419 4796 leges
1439 4725 1663 4797 obmutescunt3
1683 4729 1755 4790 nitut
1766 4743 1890 4803 prorsus

258 4815 368 4870 rerum,
383 4802 515 4860 exomni
537 4804 631 4876 specie
644 4804 807 4860 viventium
821 4803 942 4862 unicum
962 4822 1050 4864 sexus
1091 4803 1171 4861 hisce
1184 4807 1326 4878 presidiis
1341 4809 1377 4865 de
1391 4809 1457 4866 vitre
1469 4810 1552 4866 initio
1570 4811 1823 4884 comprehendere
1837 4829 1891 4874 no·
2000 4815 2002 4884 ἶ

258 4899 313 4957 por
327 4887 456 4944 creatum
466 4883 554 4944 tuisse
568 4885 677 4958 (Ptttos.
692 4885 835 4958 dotant.»
850 4887 923 4947 ttttd
933 4903 993 4944 non
1007 4889 1051 4946 ln·
1092 4885 1140 4943 bis
1161 4889 1257 4946 datur.
1274 4889 1366 4948 tiitum
1383 4907 1463 4948 nuno
1480 4893 1560 4963 gigni
1573 4907 1634 4952 uon
1648 4895 1786 4954 videmus
1801 4898 1856 4954 ntsi
1870 4915 1890 4960 tt
2000 4891 2002 4970 ζ

258 4966 313 5023 cite
327 4965 520 5026 demonstrari
532 4969 647 5041 potest,
660 4968 797 5043 quamvis
812 4983 873 5026 non
896 4969 1049 5046 improba·
1090 4971 1285 5029 viventibus:
1309 4975 1444 5048 adeoque
1467 4974 1504 5032 de
1525 4976 1622 5049 prime
1643 4977 1708 5049 etus
1732 4981 1847 5052 origine
1870 4997 1890 5041 a
1999 4977 2001 5044 ἶ

257 5047 317 5108 bile
330 5051 481 5123 viduatum
496 5055 571 5110 Deus
586 5050 667 5108 euim
680 5067 742 5108 non
755 5053 828 5112 solet
841 5069 895 5130 pcr
906 5069 937 5109 se
946 5056 1048 5113 imme·
1998 5081 2000 5102 r

1123 5119 1157 5180 (tt
1172 5119 1298 5178 Romano,
1318 5125 1352 5170 ta
1367 5123 1464 5172 actem
1477 5122 1534 5174 dett'
1543 5135 1613 5176 sono
1626 5125 1756 5192 interim,
1770 5128 1823 5182 vot.
1836 5129 1888 5196 itt,
1997 5137 1999 5202 g

1996 5203 1999 5230 t

288 5181 324 5250 tt)
340 5183 495 5234 Conmdrrat.
509 5199 553 5236 mr
565 5190 591 5234 te
605 5193 692 5236 natare
704 5187 874 5249 merendare
887 5190 931 5249 qut
940 5197 983 5240 eut
993 5202 1048 5240 cou-
1092 5194 1214 5253 Teotopio.
1228 5190 1344 5253 Neapoli,
1359 5195 1429 5252 teta,
1441 5207 1466 5258 p.
1477 5195 1532 5248 tlt.

256 5265 306 5305 vert
318 5261 343 5304 to
353 5258 517 5319 runmfictvde
526 5263 622 5310 tatem
634 5259 798 5312 sustinerem
808 5261 908 5318 tenuare
918 5261 948 5308 de
957 5273 986 5308 sa
995 5261 1048 5320 tor·
1123 5263 1156 5323 te)
1170 5264 1224 5312 toti.
1239 5275 1343 5326 xsxuu,
1357 5266 1395 5314 u.

256 5330 358 5375 motion.
379 5327 458 5376 instit.
468 5326 579 5378 academ.
593 5326 638 5377 des
652 5328 779 5390 scientem
799 5327 882 5390 Paris,
896 5337 960 5381 tom.
972 5331 1046 5393 xvi,
1121 5331 1153 5396 (t)
1170 5335 1204 5380 De
1216 5337 1350 5382 Senectute.

257 5409 282 5458 p.
293 5399 346 5445 itt.
1124 5395 1157 5463 tt)
1172 5403 1207 5452 De
1219 5407 1300 5451 Genea
1313 5405 1346 5451 od
1359 5401 1421 5459 titt„
1436 5401 1480 5453 ltb.
1490 5401 1524 5467 V,
1537 5417 1591 5472 cap.
1602 5417 1672 5458 ntra.
