4182 6044
277 357 330 418 bib
792 359 1034 420 conanum
1050 361 1083 418 tlt
1101 359 1257 434 nxbnun,
1275 375 1337 421 car.
1355 361 1389 422 X.

201 471 262 522 oeu-
275 463 413 536 scientiam
425 465 524 530 atauo,
538 461 653 523 addunt
659 463 848 540 Septuaginta
858 481 927 525 cum
938 465 1067 525 tenebris
1109 470 1260 539 excutere,
1273 483 1308 524 ac
1324 465 1430 540 pennis
1458 477 1513 524 ora
1534 463 1705 536 verberare,
1723 461 1820 521 donec
1836 475 1906 519 enm

152 535 216 584 ”P
273 547 363 606 luisse
376 545 535 617 turbinem,
548 547 710 624 procellam
723 553 753 606 et
765 553 976 624 tempestatem.
1110 549 1197 624 quasi
1203 554 1383 606 excecatum
1391 553 1420 607 et
1426 548 1573 606 lurentam
1582 547 1742 622 precipitat
1752 546 1785 602 in
1795 559 1904 620 rupes:

141 639 261 692 tersae.
308 633 680 690 ultramuraneum
696 633 895 706 (proximum)
912 647 995 703 suun,
1011 643 1066 690 asc
1109 632 1150 688 ita
1164 631 1232 688 lacit
1246 631 1380 701 damon,
1394 631 1646 705 terrenopulvere
1659 629 1797 688 homines
1811 642 1906 685 exem·

97 713 104 722 ⁴
272 729 361 774 nourr
373 729 405 772 ss
418 729 455 772 ns
468 729 541 774 noco
556 731 585 774 tn
595 731 652 786 ouo
663 731 784 774 saan-
794 715 891 786 llehr,
902 721 928 772 et
941 731 995 772 aaa
1005 731 1066 772 sur·-
1110 717 1169 784 cat,
1187 715 1286 786 itaque
1300 713 1387 786 quasi
1400 713 1528 770 iurantes
1541 713 1573 770 in
1586 729 1676 787 rupes
1688 711 1788 770 tartari
1802 709 1906 785 preci·

272 803 346 856 sealt
357 803 403 855 etr
415 799 449 856 de
461 802 552 856 subter
565 815 607 866 se,
620 818 648 872 q.
662 799 692 858 d.
706 803 744 857 lle
760 799 844 869 sede,
859 797 907 855 vel
920 798 1004 868 loco,
1016 795 1065 854 cui
1109 797 1193 870 pltat.
1208 797 1345 864 Secunde,
1359 797 1406 854 ha
1420 797 1547 854 ancara
1559 795 1766 870 significabant
1778 795 1907 853 idolola-

272 881 427 940 lnsldebat.
451 883 655 956 Septuaginta,
676 888 703 938 et
723 899 777 938 aaa
796 885 917 938 surressit
936 883 1010 936 ullus
1031 897 1066 936 ea
1109 879 1196 935 triam
1215 884 1243 936 et
1266 895 1380 938 errores
1401 895 1520 950 corum;
1541 896 1643 937 annon
1670 879 1749 936 enim
1776 878 1906 937 tenebra

272 967 357 1022 cubili
368 981 415 1021 sua
430 985 439 1022 .·
454 965 596 1022 nimirum
609 965 723 1022 attoniti
736 967 817 1022 tanto
826 964 977 1038 prodigio,
990 979 1065 1036 prta·
1108 965 1177 1016 sunt
1186 961 1464 1020 adorarcvituluml
1475 965 1574 1031 Tertio,
1583 963 1789 1035 significabant
1798 964 1905 1024 obscu-

273 1047 372 1104 sertim
390 1047 421 1104 iu
441 1047 568 1105 tenebris
586 1051 647 1104 tam
665 1049 821 1104 horrendis
841 1048 944 1122 positi,
963 1045 1065 1102 omnia
1107 1043 1238 1102 rissimas
1252 1049 1280 1102 et
1293 1045 1495 1104 inscrutabiles
1509 1063 1572 1104 esse
1586 1047 1694 1104 divium
1709 1049 1903 1108 Providentiae

272 1131 487 1202 formidabant,
502 1135 534 1188 ut
554 1147 585 1188 se
604 1131 671 1190 loco
691 1145 810 1189 movero
831 1147 893 1188 non
910 1131 1063 1186 auderent.
1107 1127 1246 1185 rationes.
1263 1131 1336 1186 Deus
1351 1129 1430 1187 enim
1446 1147 1461 1182 ο
1478 1131 1578 1204 posuit
1594 1132 1730 1188 tenebras
1744 1133 1903 1190 latibulum

272 1215 437 1274 lletuebant
449 1215 528 1272 enim
539 1231 586 1284 nc,
602 1215 627 1270 si
640 1231 670 1271 se
682 1217 851 1283 moverent,
865 1212 895 1269 in
909 1218 1024 1284 spectra
1037 1215 1065 1268 et
1108 1225 1243 1280 suumn
1263 1213 1363 1270 Psalm.
1384 1227 1453 1270 aun.
1476 1215 1596 1282 Quarto,
1615 1231 1696 1272 nona
1713 1215 1777 1272 haec
1796 1215 1902 1290 plaga,
1923 1220 2026 1268 nnat·

272 1302 414 1368 monstra,
427 1302 478 1356 aut
490 1297 651 1372 praecipitia
664 1297 857 1364 incurrerent;
872 1311 943 1351 nam
955 1299 1064 1351 exiam
1108 1291 1149 1348 ait
1166 1294 1193 1350 S.
1212 1295 1409 1365 Augustinus,
1433 1298 1593 1370 respondet
1614 1313 1696 1355 nono
1720 1307 1868 1373 pracepto
1892 1319 1901 1358 :
1921 1287 2019 1388 :22⁰2

273 1381 397 1439 insolitis
410 1379 538 1438 tenebris
550 1380 694 1453 putabant
706 1381 801 1436 totum
810 1377 914 1436 mundi
928 1377 1063 1434 ordinem
1111 1377 1197 1432 «Non
1205 1379 1395 1450 concupisces
1407 1381 1664 1453 uxoramproximi
1672 1383 1714 1438 tui
1719 1400 1752 1453 3»
1762 1384 1813 1456 qui
1823 1385 1903 1443 enim
1948 1403 1991 1449 u

162 1475 259 1530 aterna
274 1465 398 1540 peruerti
407 1467 435 1520 et
446 1462 577 1520 dissolvi.
588 1461 669 1520 Unda
682 1463 748 1533 Sap.
763 1459 1064 1529 restaurarentur
1108 1470 1173 1512 eam
1188 1461 1380 1534 concupiscit,
1391 1463 1422 1518 in
1442 1463 1557 1533 magnis
1570 1469 1704 1521 versatur
1717 1467 1844 1524 tenebris
1858 1469 1903 1526 in-

52 1621 58 1628 ,
155 1539 189 1644 ξ’,
204 1542 261 1642 ξπ·
273 1549 425 1624 AEgyptios
438 1545 526 1605 luism
542 1550 612 1604 tunc
625 1547 711 1620 quasi
725 1549 828 1604 catena
839 1545 969 1618 qnadazn
983 1543 1065 1599 vinc-
1107 1540 1293 1599 continentia
1305 1547 1334 1599 et
1349 1543 1555 1602 immunditiae.
1567 1547 1637 1604 llinc
1651 1551 1758 1620 quinto,
1773 1551 1904 1610 ἱοηὼοω

171 1613 260 1706 ¹,⁵,„¹,¹⁰'
273 1637 336 1704 tos,
351 1637 378 1692 et
391 1633 422 1688 in
435 1645 550 1688 carcere
568 1629 715 1699 reclusos,
734 1630 862 1702 ideoque
882 1627 1064 1684 miserabiles
1107 1620 1154 1677 hos
1173 1627 1257 1680 eraut
1277 1624 1376 1698 imago
1395 1627 1583 1684 tenebrarum
1601 1627 1723 1701 interni,
1736 1631 1773 1688 de
1791 1633 1903 1706 quibus

176 1723 239 1778 aursi
274 1723 343 1776 tuuc
352 1715 481 1773 emisisse
494 1729 592 1779 voces,
605 1729 672 1788 quaa
682 1713 720 1769 ab
731 1711 856 1768 llebroeis
870 1712 1063 1768 audirentur:
1107 1703 1135 1760 S·
1150 1705 1324 1776 Bernartius,
1343 1723 1430 1765 serm.
1445 1713 1480 1766 t6
1492 1715 1524 1766 ta
1539 1711 1618 1768 Cant.
1634 1715 1780 1771 :cPareo
1794 1718 1903 1787 gehen·

171 1783 246 1832 Μ’
274 1801 356 1860 omni
369 1799 448 1858 enlm
462 1797 547 1869 solis,
561 1797 640 1867 coeli,
654 1795 746 1867 ignis,
761 1795 907 1863 candelae,
922 1793 1064 1867 omnique
1107 1799 1195 1858 nam,
1210 1791 1403 1864 conuemlsco
1421 1807 1439 1850 a
1456 1792 1594 1851 dentibus
1613 1793 1714 1852 bestia
1731 1797 1903 1874 infernalis,

274 1884 397 1942 omnino
410 1880 523 1938 lumine
537 1879 633 1938 orbati
646 1881 737 1936 erant.
755 1879 835 1935 Unde
848 1877 930 1935 Philo
948 1896 954 1934 :
968 1877 1064 1948 lgnis,
1106 1868 1215 1929 horreo
1227 1888 1357 1932 vermem
1371 1875 1542 1948 rodentem,
1557 1883 1585 1934 et
1603 1877 1704 1950 ignem
1723 1883 1882 1942 torrentem
1890 1929 1902 1958 ‚

274 1967 330 2036 ait,
345 1981 406 2040 quo
420 1964 542 2034 utimur,
556 1963 604 2020 vel
617 1977 683 2019 aera
698 1961 816 2018 turbato
827 1959 1064 2032 extinguebatur,
1107 1952 1223 2012 sumum
1241 1962 1268 2013 et
1280 1973 1422 2032 vaporem
1439 1963 1468 2016 et
1481 1960 1622 2034 sulphur,
1636 1967 1665 2019 et
1679 1964 1816 2037 spiritum
1830 1985 1903 2042 pro-

273 2051 320 2107 vel
334 2049 535 2106 vincebatura
548 2045 735 2102 crassissimis
746 2044 883 2102 tenebris.
900 2047 933 2100 Et
945 2044 1065 2116 Sapiens
1107 2038 1248 2096 cellarum
1264 2059 1271 2096 :
1286 2041 1392 2099 horreo
1406 2043 1541 2102 tenebras
1552 2048 1721 2104 exteriores.
1738 2051 1808 2117 Quis
1817 2053 1903 2110 dabit

274 2151 339 2208 cap.
351 2147 409 2190 arn
419 2131 460 2190 nit
474 2147 481 2187 :
500 2149 514 2184 a
529 2133 561 2188 at
575 2128 651 2201 ignis
665 2129 789 2204 quidem
802 2127 885 2185 nullu
898 2128 940 2184 ris
951 2129 1066 2200 poterat
1107 2119 1195 2192 capili
1209 2137 1275 2180 meo
1285 2139 1395 2198 aquam
1407 2131 1435 2183 et
1444 2129 1538 2184 oculis
1551 2131 1622 2186 meis
1633 2129 1745 2188 iontem
1757 2133 1902 2208 lacryma·

273 2217 331 2273 illis
342 2217 443 2273 lumen
456 2213 598 2288 praebere.
613 2233 628 2266 a
1107 2218 1186 2272 rum,
1202 2210 1234 2261 ut
1246 2209 1425 2279 praeveninm
1439 2209 1556 2267 tletibns
1569 2211 1685 2284 fletum,
1700 2221 1728 2272 et
1746 2217 1903 2276 stridorem

164 2311 261 2372 nuptu
309 2300 404 2368 Quare
414 2299 663 2370 erratcajetenus,
675 2296 749 2353 dum
761 2295 801 2352 ait
814 2293 965 2368 AEgyptios
975 2292 1066 2351 lulssc
1108 2287 1260 2344 dentium?
1278 2309 1293 2344 ο
1311 2291 1382 2362 Quis
1399 2293 1448 2350 bic
1468 2309 1530 2350 non
1547 2298 1670 2368 paveat?
1689 2299 1716 2354 Si
1735 2305 1904 2372 paret,cur

155 2373 262 2448 ΨΜ·
275 2388 388 2441 lantum
413 2381 525 2439 lumine
548 2379 671 2450 caelesti,
693 2393 755 2435 non
782 2381 881 2434 autem
904 2377 1065 2434 domestico
1108 2373 1284 2429 noneuvet?
1303 2377 1463 2450 «Tempus
1481 2376 1758 2455 breveest,inquit
1778 2385 1900 2457 Paulus,

56 2509 62 2518 .
156 2451 213 2544 {n'ffi
227 2437 262 2541 ιοῗ
274 2467 350 2538 ignis
375 2469 425 2522 aut
448 2461 578 2520 candelae
605 2459 735 2534 privatos
751 2477 759 2516 ε
774 2459 831 2516 hoc
854 2459 933 2516 enim
960 2459 1066 2516 relallit
1108 2456 1236 2526 praeterit
1248 2455 1344 2530 figura
1356 2459 1445 2532 hujus
1458 2461 1574 2517 mundi.
1595 2481 1609 2514 a
1629 2463 1705 2534 Ergo
1726 2465 1766 2522 ita
1785 2468 1850 2524 vive
1867 2469 1900 2524 in

157 2563 200 2602 tear
212 2562 259 2604 roe·
274 2551 429 2624 Scriptura,
439 2561 507 2604 cerm
516 2547 556 2602 alt
568 2546 622 2601 has
632 2542 768 2600 tenebras
777 2543 868 2599 tuisse
877 2541 1063 2615 palpabiles:
1108 2539 1234 2609 mundo,
1249 2555 1284 2597 ac
1295 2541 1319 2598 si
1333 2557 1395 2598 non
1408 2549 1483 2600 asset
1495 2545 1626 2602 mundus
1637 2563 1644 2602 :
1657 2563 1729 2603 mox
1738 2548 1815 2606 enim
1824 2567 1900 2622 praa-

158 2625 216 2664 ¹⁰⁰‘·
272 2629 571 2701 rursum,nett1inem
586 2626 693 2684 vidisse
707 2627 818 2697 alium,
837 2628 987 2684 neminem
1002 2641 1065 2684 mo·
1107 2621 1419 2682 teribilettvassessoel·
1440 2629 1637 2698 Εῢθῠνθῐὲῠι
1656 2629 1696 2686 52⁸
1714 2632 1797 2703 Vile,
1814 2639 1847 2690 Ul
1863 2635 1897 2691 51¹

271 2717 349 2772 uisse
368 2729 399 2772 sa
419 2715 502 2782 loco,
517 2713 596 2769 solos
615 2712 757 2768 israelitas
775 2709 880 2768 truilos
903 2727 965 2768 esse
988 2711 1064 2768 luce.
1107 2709 1249 2763 aelernunt
1272 2707 1371 2779 vivas,
1395 2711 1428 2764 ut
1448 2713 1571 2766 eternas
1590 2727 1693 2784 poenas
1714 2721 1909 2790 mortemque.

273 2801 393 2856 atvero
412 2813 505 2870 parva
522 2795 635 2870 alioqui
652 2791 753 2852 luisset
770 2795 833 2852 heac
851 2810 941 2868 poeua
964 2813 971 2851 :
995 2809 1066 2851 nam
1107 2789 1226 2846 evadas.
1251 2791 1283 2847 ln
1305 2791 1441 2861 gehenna
1463 2793 1542 2850 enim
1565 2793 1710 2851 «miseris
1732 2813 1813 2853 mors
1835 2800 1899 2857 siue

272 2883 376 2952 multi,
397 2880 450 2954 qul
471 2877 633 2954 adpotum
653 2881 795 2948 vergunt,
822 2876 935 2934 lumino
957 2877 1066 2936 coelesti
1107 2873 1448 2944 morte,flnissinatlne:
1463 2877 1536 2950 quia
1551 2875 1593 2933 ibl
1607 2878 1899 2950 morsrivit,etfinis

273 2963 444 3022 naturaliter
457 2963 496 3018 ad
510 2962 619 3018 multos
635 2977 765 3030 menses,
778 2959 838 3017 imo
854 2961 892 3017 ad
907 2961 1066 3018 dimidium
1107 2971 1224 3030 semper
1230 2956 1364 3032 incipit»
1376 2958 1471 3032 inquit
1480 2959 1507 3016 S.
1515 2960 1682 3032 Gregorius,
1691 2961 1744 3020 lib.
1756 2966 1788 3020 tlt
1796 2967 1895 3022 haral.

272 3063 385 3106 annum
400 3046 551 3113 orbantur,
566 3049 671 3100 natura
681 3045 723 3100 eis
737 3043 819 3102 aliud
833 3043 935 3100 lumen
949 3045 1067 3101 domes·
1107 3055 1173 3113 cap.
1189 3055 1287 3100 xarrn.

272 3132 362 3188 ticum
373 3148 408 3187 ex
419 3130 501 3200 ligno
513 3129 621 3198 oleato,
633 3127 716 3200 quod
728 3127 810 3184 ardet
820 3126 911 3182 instar
922 3127 1064 3199 candelae,
1142 3125 1188 3180 it.
1205 3127 1386 3191 vocaverooa
1400 3127 1896 3198 Patmollersnn,-triduotene-
1911 3145 2016 3191 ressa
2075 3171 2076 3180 η

273 3214 522 3272 subministrante.
539 3210 652 3286 Ecquid
667 3226 756 3280 curo,
775 3209 836 3266 slve
852 3209 963 3268 lumine
978 3209 1064 3280 solis,
1107 3206 1230 3264 brarum
1245 3209 1376 3280 explet03
1397 3225 1468 3264 nam
1487 3225 1522 3266 eo
1541 3211 1665 3267 durante
1689 3213 1789 3270 nullus
1805 3231 1896 3272 ausus

272 3295 606 3370 slveignisautcandelae
615 3295 747 3365 videam,
758 3293 1066 3352 dummodorideamt
1107 3289 1161 3346 luit
1172 3305 1203 3346 se
1214 3289 1282 3347 loco
1297 3307 1425 3361 movere,
1440 3293 1524 3364 quod
1535 3297 1563 3349 et
1576 3309 1614 3350 ex
1627 3293 1723 3351 verbis
1739 3297 1898 3356 Pharaonis

306 3383 395 3441 Addit
418 3381 573 3452 burgensis
589 3383 701 3437 tantam
722 3383 791 3436 tunc
810 3379 900 3434 luisse
924 3378 1065 3435 nebulam
1105 3375 1556 3448 patetznequcenim,utisolet,
1570 3378 1787 3450 plagaliberari
1800 3391 1895 3453 rogat,

272 3471 301 3524 et
313 3465 472 3524 crassitiem
487 3463 577 3532 aeris,
597 3467 628 3519 ut
646 3477 707 3520 non
729 3463 821 3519 modo
836 3465 987 3534 aspectum
1001 3477 1065 3519 om·
1107 3463 1208 3530 utpote
1225 3459 1370 3532 quaejam
1389 3464 1541 3529 cessasset;
1563 3461 1616 3517 sed
1636 3461 1742 3519 timens
1762 3465 1871 3524 diriora
1887 3486 1896 3524 t

270 3563 341 3606 nem
358 3547 431 3604 lucis
449 3545 589 3614 aulerrat,
603 3546 656 3601 sed
670 3547 698 3600 et
715 3550 830 3600 metum
843 3545 1065 3616 progressirum
1110 3545 1182 3610 alte,
1198 3541 1587 3615 iuquit,sacrificate»1teo.
1606 3545 1647 3600 lta
1660 3547 1804 3620 hymnus,
1817 3550 1898 3608 Abu-

271 3629 437 3702 lmpcdiret.
461 3631 568 3684 Verum
592 3628 649 3683 hoc
674 3627 791 3682 videtur
814 3627 1001 3697 incredibile;
1023 3627 1065 3686 sic
1105 3625 1205 3696 tensis,
1222 3627 1366 3684 Percrlns.

271 3714 350 3769 enim
362 3711 472 3768 nebula
485 3711 547 3767 haec
561 3709 709 3766 debuisset
723 3725 784 3764 esse
799 3709 901 3778 densa,
913 3709 1020 3781 solida,
1035 3713 1064 3768 et
1141 3713 1215 3767 ovas
1227 3725 1340 3767 rtnrua
1353 3723 1462 3766 unsrun
1477 3723 1512 3766 nr
1524 3725 1656 3770 munem
1667 3727 1842 3791 naamam,
1854 3750 1893 3764 -

270 3795 406 3852 resistens
420 3793 511 3850 instar
524 3791 632 3864 lapidis
645 3796 696 3848 aut
711 3791 790 3848 ierrl.
1104 3792 1237 3864 pignoris
1249 3795 1323 3864 viee,
1339 3809 1376 3849 ne
1389 3792 1506 3864 lngiatis
1520 3797 1548 3850 et
1560 3810 1620 3852 non
1634 3798 1768 3856 redeatis.

307 3881 469 3944 Usrcuuoua
482 3889 657 3932 utnrrtatrr
671 3890 737 3931 stan
752 3875 861 3942 isarae,
871 3889 926 3930 aux
936 3891 1018 3933 naar.
1028 3907 1063 3920 -
1140 3877 1185 3932 25.
1202 3879 1320 3934 llosrns
1333 3891 1446 3946 ancona
1458 3891 1549 3936 naurs.
1565 3899 1600 3920 -ι
1615 3882 1668 3936 bas
1686 3885 1718 3938 ut
1736 3883 1894 3960 mamus,
1910 3897 2007 3943 versa

155 3971 259 4014 russam
272 3961 409 4017 Hebraice
423 3963 480 4031 est,
494 3963 525 4015 iu
537 3959 644 4016 sedibus
658 3961 726 4024 suis,
743 3975 770 4028 q.
786 3957 815 4014 d.
828 3960 891 4014 Non
904 3962 1018 4016 tantam
1032 3961 1063 4018 in
1106 3959 1159 4016 sed
1172 3963 1286 4032 oportet
1300 3961 1353 4016 des
1364 3965 1393 4017 et
1406 3961 1528 4031 hostias,
1542 3961 1651 4020 scilicet
1663 3981 1733 4022 oves
1746 3971 1774 4022 rt
1786 3984 1896 4041 pecora

154 4031 259 4104 ΜΨ
272 4044 356 4114 vicis,
370 4043 490 4118 plateis,
503 4043 549 4100 vel
565 4041 704 4099 domibus
717 4039 831 4109 vicinis,
847 4042 899 4098 sed
913 4041 943 4097 in
959 4044 1063 4100 eadent
1104 4047 1206 4100 nostra
1226 4043 1265 4100 ad
1286 4043 1522 4110 immolandum,
1541 4050 1569 4101 ct
1582 4047 1639 4103 hoc
1652 4051 1803 4122 sequentia
1816 4053 1896 4111 indi·

154 4094 258 4204 effi,
272 4128 380 4196 domo,
394 4126 505 4182 llebreei
519 4127 549 4180 ln
562 4127 623 4182 suis
639 4125 783 4180 cubiculis
796 4123 862 4182 lnce
877 4125 1062 4198 gaudebant,
1104 4131 1172 4184 cant
1191 4145 1199 4184 ε
1219 4128 1352 4201 sequitur
1371 4129 1450 4185 enim
1470 4149 1477 4184 ε
1501 4150 1516 4184 a
1530 4131 1632 4188 Cuncti
1651 4149 1753 4206 greges
1772 4143 1896 4211 pergent

166 4215 247 4284 {Earn
270 4211 301 4266 in
314 4227 374 4285 qua
384 4207 511 4281 AEgyptii
521 4207 551 4262 in
563 4209 668 4264 Gessen
680 4207 855 4276 habitantes,
866 4209 927 4264 suls
936 4209 966 4265 in
978 4211 1062 4282 locis,
1105 4211 1272 4268 nobiscum.
1287 4231 1302 4264 a

153 4279 258 4380 {gffl
269 4293 432 4352 Cimmeriis
446 4291 574 4348 tenebris
588 4291 825 4361 involvebantur,
837 4293 894 4347 beo
904 4293 1004 4348 radios
1015 4311 1062 4351 so-
1139 4293 1185 4348 ill.
1200 4291 1353 4347 lunantur
1363 4305 1456 4348 aaran
1470 4293 1598 4351 neutros
1610 4309 1664 4352 con
1679 4297 1849 4372 Passionis,
1858 4333 1895 4345 -
1909 4311 2003 4354 ressa

248 4367 254 4378 '
270 4379 346 4434 lares
361 4377 529 4450 porrigente
541 4373 579 4428 ad
599 4373 749 4442 llebraeos,
764 4389 826 4429 non
841 4373 880 4429 ad
894 4377 1060 4450 AEgyptios;
1103 4374 1341 4430 tumamovendo
1352 4374 1473 4446 plagam
1483 4376 1669 4434 tenebrarum
1675 4399 1684 4449 ;
1694 4383 1758 4438 lum
1767 4386 1895 4455 petendo

270 4463 299 4516 et
317 4459 527 4514 crassissimam
550 4456 691 4512 nebulam
715 4455 886 4516 effundente
905 4460 1059 4532 AEgyptiis,
1103 4471 1157 4529 per
1170 4459 1268 4514 llosen
1287 4473 1349 4513 non
1368 4461 1482 4513 tantum
1504 4459 1654 4532 llebroeos,
1675 4464 1728 4519 sed
1747 4470 1776 4522 et
1794 4469 1896 4527 omnia

269 4541 553 4612 nonllebraeis.Sep.
569 4555 633 4612 cap.
646 4539 1060 4609 xurn,dlclturllebraeoshoc
1103 4557 1207 4596 eorum
1228 4555 1336 4613 pecora
1360 4541 1481 4612 dimitti,
1497 4545 1561 4598 tum
1581 4559 1649 4613 non
1663 4546 1765 4604 dando
1783 4549 1810 4606 ei
1830 4566 1897 4622 gra·

270 4621 661 4694 triduoaudivisseqnldem
674 4624 1060 4698 nocesAEgyptiorum,sed
1103 4623 1174 4680 tiam
1196 4624 1395 4693 mollientem,
1420 4641 1512 4697 quam
1534 4625 1618 4682 toties
1647 4629 1807 4688 demeritus
1834 4639 1896 4692 erat

270 4707 418 4764 neminem
433 4721 537 4762 eorum
555 4705 672 4760 vidisse.
1103 4707 1226 4764 Pharao.
1239 4707 1319 4763 Unde
1333 4707 1390 4763 hoc
1403 4709 1497 4779 capite
1512 4714 1579 4780 post
1593 4715 1635 4767 tot
1648 4712 1752 4784 plagas
1766 4717 1896 4776 maxims

159 4797 248 4853 alyatte·
302 4788 509 4862 tropologice,
524 4789 569 4844 hm
584 4785 711 4844 tenebra]
731 4785 937 4858 significabant
949 4790 1060 4848 caecita-
1102 4790 1158 4846 bac
1171 4791 1272 4861 phrasi
1292 4790 1382 4845 utitur
1399 4791 1561 4863 Scriptura,
1582 4794 1705 4865 scilieet,
1720 4800 1804 4870 qnod
1820 4801 1896 4857 bens

158 4859 250 4930 “nih'‘
270 4877 329 4928 tem
343 4873 449 4926 mentis
464 4871 622 4927 Pharaonis
636 4876 664 4927 ct
677 4872 893 4943 ,llgyptiorum
908 4873 948 4928 sit
962 4873 1060 4944 Orige—
1103 4873 1285 4929 Pharaonem
1299 4872 1458 4944 indurarit,
1474 4879 1505 4930 ut
1519 4875 1662 4946 significet
1674 4879 1896 4941 indurationem

163 4919 235 4976 “um
269 4971 336 5023 nes,
351 4953 403 5026 qui
418 4957 459 5010 tot
473 4954 576 5026 plagas
590 4954 701 5025 experti
717 4958 773 5009 tleo
788 4960 886 5009 tamen
900 4954 1018 5011 credere
1031 4958 1059 5013 et
1102 4957 1164 5027 ejus
1177 4954 1266 5012 luisse
1277 4973 1395 5029 poenam
1409 4958 1531 5030 peccati.

268 5037 389 5094 obedire
415 5037 584 5093 noluerunt.
617 5035 757 5092 niabotus
788 5037 867 5091 enim
893 5038 1059 5097 excoecabat
1135 5043 2003 5122 29.Nonvtnanouarnastatuarum-spontanearum

267 5119 359 5175 corda
372 5133 491 5188 eorum,
505 5119 557 5191 qui
567 5120 597 5174 in
608 5119 663 5174 hac
675 5135 705 5174 re
716 5117 784 5174 lacit
794 5117 1058 5195 utaquila.ltquila
1100 5139 1162 5180 non
1176 5125 1329 5192 accedam,
1345 5141 1407 5182 non
1421 5125 1549 5198 urgebo,
1563 5128 1615 5185 sed
1629 5134 1661 5186 tu
1675 5131 1775 5204 potius
1789 5151 1837 5191 mc
1853 5139 1895 5194 ri-

266 5203 357 5272 enim,
369 5203 493 5259 uttradit
503 5201 623 5271 Plinius,
635 5201 760 5270 libllll,
770 5217 834 5274 cap.
846 5217 885 5272 tv,
897 5208 929 5259 ut
939 5221 1056 5264 cervum
1100 5207 1169 5264 dere
1185 5207 1383 5279 desiderabiS,
1401 5211 1524 5283 qnando
1542 5212 1572 5268 in
1591 5215 1728 5286 proxima
1746 5221 1775 5275 et
1787 5219 1896 5280 ultlma

265 5287 434 5359 supplantet
448 5291 476 5343 et
496 5287 632 5355 devoret,
646 5284 721 5341 solet
741 5285 898 5342 collectum
922 5287 1056 5345 volutatu
1097 5289 1189 5363 plaga
1201 5293 1467 5364 primogenitorum
1480 5310 1537 5352 nos
1550 5297 1629 5356 exire
1639 5300 1813 5382 compelles,
1824 5319 1892 5382 cap.

264 5371 436 5446 pulverem,
463 5369 494 5426 iu
523 5369 625 5428 oeulos
652 5368 731 5428 cervi
756 5371 897 5432 coraibus
924 5375 1054 5434 insidens
1098 5388 1150 5446 ιη,
1164 5387 1240 5431 vers.
1256 5377 1300 5434 at.
