4100 6024
691 283 867 412 mobili!
883 350 1004 412 ΒΑΜ
1021 353 1226 416 neminen.
1741 361 1772 418 ii

137 459 297 539 quidpiam
317 456 543 520 umdendmr.
565 457 658 517 Forro
680 461 812 518 anonim
834 458 938 531 ignota
978 459 1085 520 bendu
1108 477 1275 537 occupanss
1295 461 1409 537 quibus
1428 465 1459 522 et
1475 461 1584 522 absens
1599 465 1629 522 et
1644 475 1776 538 prnseus

137 547 241 620 sigua,
260 546 303 606 ait
320 543 516 616 Augustinus,
539 557 606 616 oap.
620 557 651 600 rr
668 544 698 600 et
710 557 777 614 ιιιι,
792 555 937 616 maguum
979 561 1049 602 cum
1061 546 1249 606 iconoclastis
1271 545 1504 620 imperatoribus
1516 546 1708 608 comisatino
1720 547 1776 608 Co-

135 629 304 692 rsmsdium
321 630 368 688 est
384 625 555 699 inguarum
574 625 745 698 cognitio.»
768 628 841 686 Sunt
857 627 937 686 enim
978 645 1146 704 pronymo,
1161 634 1190 688 et
1200 631 1294 689 boone
1308 634 1426 702 isauro,
1441 629 1510 690 ionii
1520 645 1617 702 agone
1631 633 1660 692 et
1672 629 1775 692 duello

137 714 282 790 qudam
298 710 407 782 verba,
426 726 496 786 quas
514 711 547 767 in
563 725 654 768 usum
671 709 792 769 elierim
808 711 936 782 linguae,
979 726 1169 784 congressus,
1183 712 1517 784 buresinjuguiasii,et
1526 713 1656 787 ommate
1665 717 1774 777 senem

134 814 193 874 per
211 795 481 872 interpretationem
504 795 629 852 bannire
650 809 714 854 uon
739 798 883 869 possuutr
908 797 938 853 et
977 794 1049 854 fidei
1062 798 1194 870 tropheo
1204 799 1319 855 mmrnse
1333 797 1484 856 memorim
1497 797 1687 858 consecravit.

135 887 171 941 ut
192 881 380 941 doctisslmus
406 879 445 936 uit
464 878 624 952 interpres,
644 893 700 936 neo
721 893 741 936 o
759 891 850 936 moen
867 893 938 936 auc-
1015 881 1056 938 iis
1071 881 1190 952 anglie,
1205 880 1276 939 audi
1290 880 1492 938 venerabilem
1509 881 1617 940 Bedum
1638 881 1772 942 inilisie·
1831 895 1866 939 rr.

135 965 212 1024 ioris
231 965 337 1025 derina
358 962 493 1033 abanet,
505 977 575 1036 quas
588 961 627 1020 sit
637 961 705 1036 ipse
717 961 937 1021 maurianen
977 969 1024 1022 rio
1035 965 1209 1035 anglicanos
1222 966 1318 1036 eligo,
1328 965 1384 1036 eii,
1396 967 1545 1040 septennis
1559 966 1772 1026 monasterinm
1784 954 1893 1062 affl.

136 1051 277 1122 apparet,
295 1046 354 1106 nisi
373 1045 406 1103 in
418 1061 455 1106 ea
467 1044 573 1118 lingna
586 1044 773 1119 inspiciatur,
786 1059 880 1118 quam
892 1044 938 1102 iu·
978 1049 1143 1120 ingressus,
1157 1048 1199 1108 ibi
1212 1053 1275 1108 tote
1286 1049 1476 1108 ritaomnem
1487 1049 1665 1110 meditandis
1679 1051 1773 1124 Scrip-
1782 1076 1829 1123 sse
1847 1081 1893 1121 m.

135 1134 323 1206 terpretatur.
351 1131 427 1188 luter
450 1127 510 1188 alie
535 1128 596 1188 boe
618 1126 704 1188 suen
729 1127 901 1201 exemplum
927 1145 935 1184 ε
977 1132 1052 1191 turis
1065 1148 1189 1206 operam
1206 1132 1289 1204 dedi,
1309 1131 1717 1206 atqueinterobservantiem
1728 1133 1773 1194 di·
1811 1137 1861 1204 aun

139 1213 466 1306 «Spsuiarituiamina
478 1211 794 1272 nondubuntradiues
815 1213 935 1282 altam»
978 1215 1111 1290 scipiinm
1132 1216 1274 1288 regularis
1297 1219 1326 1275 et
1347 1216 1555 1290 quotidianam
1576 1215 1715 1278 cantandi
1740 1217 1773 1280 in
1792 1211 1887 1318 ,effi

135 1299 264 1373 Supioat
278 1313 319 1370 rr,
333 1300 367 1371 ὃς
388 1298 523 1370 ςιωιίιιι
543 1295 624 1356 enim
636 1295 795 1368 interpres,
810 1295 938 1370 aequasi
978 1300 1102 1358 ecclesia
1116 1315 1233 1370 curum,
1248 1314 1364 1372 semper
1382 1303 1433 1358 aut
1447 1299 1638 1371 dieoere,aut
1651 1301 1773 1371 domm,
1819 1329 1857 1365 ra.

138 1386 259 1456 aptium
270 1384 436 1455 μιψὺμτι,
449 1381 483 1440 id
495 1384 541 1440 ost
550 1396 569 1440 e
578 1379 674 1440 vitulo
685 1379 876 1449 vitulamina,
887 1380 939 1438 de·
979 1387 1032 1442 ant
1050 1382 1179 1442 seribere
1196 1383 1283 1442 duice
1302 1382 1407 1440 habui.
1421 1402 1436 1438 s
1453 1383 1523 1440 ilino
1536 1382 1568 1441 in
1581 1398 1685 1442 omnes
1698 1395 1774 1456 pene

139 1467 240 1540 duoitr
262 1470 418 1540 μοιύμτι
438 1468 538 1526 antem
550 1464 782 1536 santonicum,
795 1464 856 1524 sire
869 1479 939 1539 pro·
980 1482 1070 1526 sacrm
1088 1467 1244 1541 scripturn
1265 1465 1375 1536 libros,
1388 1465 1474 1526 Bedee
1484 1471 1775 1526 extanieommenie·
1863 1535 1866 1542 ,

138 1553 284 1629 paginam
302 1555 333 1610 et
348 1548 420 1612 nori
441 1549 553 1608 surculi
574 1561 612 1606 ax
636 1547 744 1606 arbore
762 1548 894 1622 precisi,
910 1551 940 1606 ei
979 1549 1039 1622 ria,
1053 1551 1189 1624 meoque
1202 1565 1257 1608 neo
1270 1549 1378 1608 morbo
1391 1549 1456 1622 ipse
1470 1548 1579 1610 destitit
1594 1567 1602 1604 ε
1617 1549 1775 1621 qsdnrero

138 1637 267 1696 interra
292 1632 427 1710 plantati.
450 1633 526 1691 Sane
549 1646 643 1707 quem
665 1630 801 1690 ilrebruis
818 1629 939 1690 Grecis-
979 1635 1084 1693 uitime
1102 1632 1272 1692 infirmitate
1291 1632 1323 1690 iu
1347 1631 1545 1704 euangelias.
1560 1629 1679 1690 loannis
1692 1631 1776 1692 labo·

139 1736 201 1796 que
212 1717 372 1779 idiotismis
379 1717 473 1778 latini
486 1715 641 1776 abundem
648 1715 765 1774 codices
776 1715 863 1785 seori,
873 1715 939 1774 luce
980 1718 1072 1789 revit,
1086 1721 1115 1775 et
1127 1732 1203 1790 pene
1216 1719 1348 1774 animem
1360 1731 1466 1788 agens,
1481 1721 1514 1776 ni
1530 1715 1713 1786 absolveret,
1727 1731 1776 1778 ee·

139 1809 186 1864 est
197 1803 323 1874 demus,
336 1806 446 1860 utnon
459 1800 524 1860 sino
537 1813 627 1858 causa
645 1798 726 1858 idem
740 1797 921 1869 Augustinus
929 1837 938 1869 ,
981 1800 1038 1858 cito
1048 1800 1163 1860 scribe:
1177 1799 1318 1872 «Accipe,
1329 1799 1380 1868 eit,
1394 1799 1554 1870 οιιιιιιιιω,
1565 1803 1594 1856 et
1606 1797 1776 1858 festinanter

138 1891 163 1946 ii
175 1891 301 1946 iistruct.
321 1901 351 1958 r,
369 1888 422 1956 iii,
443 1889 559 1958 septem
571 1882 695 1952 libellis,
710 1883 763 1958 qui
776 1883 940 1940 etiamnum
980 1884 1119 1954 scribe,s
1136 1886 1165 1942 et
1176 1882 1315 1942 tandem:
1330 1882 1571 1955 succedoque,
1583 1897 1776 1944 consumma·

139 1977 257 2043 exunt,
277 1969 422 2031 formulas
434 1968 590 2044 phrasium
604 1982 695 2026 sacrm
707 1965 863 2038 scripturae
876 1965 939 2024 coi·
980 1971 1045 2025 tum
1054 1971 1110 2038 esi3
1122 1987 1136 2022 s
1147 1970 1177 2025 et
1190 1980 1342 2039 eycuaeum
1356 1979 1466 2026 oenens
1481 1983 1489 2024 s
1505 1984 1522 2018 ι
1530 1964 1627 2023 Gloria
1641 1965 1730 2036 Patri,
1743 1970 1774 2026 et

138 2057 248 2129 legisse
269 2071 302 2112 se
323 2056 478 2112 memoret.
494 2051 581 2122 Quod
598 2050 728 2110 imitatus
748 2055 791 2108 ssi
804 2053 940 2124 postmo-
980 2052 1069 2122 Filio,
1081 2055 1111 2110 et
1123 2050 1241 2126 spiritui
1254 2051 1376 2120 Sancto,
1390 2068 1405 2104 s
1421 2048 1622 2122 placidissime
1640 2047 1776 2122 spiritum

140 2141 217 2200 dum
233 2138 394 2198 Eucherium
412 2135 616 2208 mgdnnensis
632 2134 686 2194 lib.
706 2136 747 2192 lie
758 2135 863 2192 Fuere
883 2137 941 2205 rpi·
981 2135 1077 2192 emisit
1097 2151 1153 2208 pro
1177 2132 1247 2192 iidei
1274 2131 1377 2192 lairere
1398 2131 1448 2192 liei
1469 2131 1582 2192 visione
1604 2130 1774 2202 mendum,

139 2225 308 2290 τιιιιαιιιιιι,
321 2225 352 2279 ei
363 2224 433 2294 poet
444 2234 514 2277 eum
527 2219 619 2276 boece
632 2217 722 2278 etiam
736 2215 847 2276 secde
858 2231 941 2276 com·
980 2231 1061 2277 euno
1074 2235 1093 2274 a
1104 2221 1193 2292 partu
1206 2215 1333 2287 Virginis
1348 2217 1410 2276 rei.

139 2307 244 2386 plures
253 2305 316 2366 alii.
1016 2305 1180 2363 Venerabili
1199 2305 1284 2362 liedm
1305 2301 1430 2376 equalis
1446 2299 1652 2372 iuitAibinne,
1666 2302 1714 2362 rei
1726 2301 1774 2362 el·
1819 2309 1895 2358 ιιιιι-

175 2383 939 2462 seugumnocomentits.cnrysoetomns,quendo
981 2387 1085 2448 cuinns
1105 2390 1239 2458 Flaccus,
1261 2385 1423 2461 quiceroii
1443 2385 1538 2456 ilugui
1550 2385 1598 2444 sei
1611 2383 1835 2460 preceptora*

139 2479 175 2536 in
189 2475 328 2534 nemim
341 2472 489 2542 scribens,
502 2471 574 2530 tom.
587 2472 641 2543 ai,
662 2485 761 2543 neque
775 2467 938 2542 syllabam,
979 2471 1049 2543 ruit,
1061 2473 1110 2531 sei
1122 2472 1223 2546 potius
1235 2469 1407 2539 familiaria
1422 2469 1471 2528 bic
1491 2469 1613 2530 Eboraci
1624 2469 1656 2530 in
1669 2469 1775 2540 Augila

139 2574 241 2633 mque
253 2558 408 2633 aptensium
421 2569 485 2614 esse
502 2556 535 2612 in
554 2554 645 2614 sacris
658 2553 789 2624 lituris,
808 2553 841 2612 in
853 2553 939 2626 ouius
980 2571 1078 2618 sacros
1091 2557 1210 2618 Litteras
1222 2555 1324 2630 palum
1335 2552 1463 2614 docebat
1473 2573 1484 2621 ;=
1496 2553 1577 2611 unde
1591 2552 1631 2610 ud
1643 2567 1712 2614 eum
1723 2567 1776 2612 eu·

138 2642 301 2719 profundis
309 2636 759 2713 noubteutgrundisquispiunr
770 2636 939 2707 messurus,
981 2639 1126 2700 mendum
1147 2657 1184 2702 ex
1197 2639 1289 2700 Frisiu
1306 2639 1334 2698 S.
1350 2637 1503 2710 ludgerus
1521 2635 1687 2696 Eboracum
1705 2649 1776 2694 eon-

138 2727 331 2788 uoudnbitet
343 2739 491 2786 assuere:
502 2739 537 2782 oo
548 2722 676 2799 proinde
689 2719 778 2780 nobis
790 2733 939 2794 opusesse
981 2725 1082 2796 cessit,
1096 2729 1271 2798 tentumque
1284 2720 1423 2797 proiecit,
1438 2723 1472 2780 ut
1482 2720 1522 2779 ad
1536 2733 1607 2776 suos
1624 2733 1776 2789 reversus,

139 2813 244 2872 diviua
256 2811 361 2884 gratim
374 2815 403 2868 at
415 2814 450 2868 ut
458 2809 567 2884 Spiritu
576 2809 681 2868 &ueto
693 2805 866 2876 enumerati,
877 2804 939 2864 eio-
980 2809 1142 2868 Frisiorum
1161 2807 1289 2882 aposioli
1303 2819 1414 2866 nomeu
1432 2802 1579 2864 meruerit.
1594 2804 1690 2862 restes
1707 2805 1776 2861 sunt

139 2897 330 2973 quisdisiaa
343 2895 497 2953 adeamus.
980 2893 1107 2952 nudes
1119 2892 1274 2962 Frislss,oi
1286 2894 1391 2952 auctor
1406 2890 1478 2948 Vs'io
1490 2887 1521 2946 S.
1531 2885 1660 2957 ludaei.

177 2981 313 3056 Amplius
325 2979 416 3038 audet
427 2977 583 3050 Gregorius
594 2977 716 3047 liagnns
726 2978 755 3034 et
767 2973 902 3033 Pontifex
911 2978 941 3034 et
1016 2978 1103 3052 Apud
1124 2977 1241 3050 Belgas,
1262 2975 1292 3034 S.
1312 2970 1478 3034 eoniiocius
1496 2987 1565 3032 euna
1579 2969 1656 3040 suis,
1671 2970 1775 3029 Christi
1787 2981 1810 3028 ι.
1829 2982 1895 3030 neni.

140 3069 250 3124 boctm
266 3082 275 3122 a
290 3069 336 3122 tot
347 3063 428 3122 annu
440 3065 564 3134 temque
576 3058 694 3128 abdita,
709 3057 742 3118 iu
760 3058 940 3118 Ezechielem
980 3060 1076 3134 legem
1095 3074 1283 3136 propagans,
1294 3058 1403 3131 iugiter
1419 3055 1514 3116 sancii
1528 3054 1678 3126 Evangelii
1693 3054 1775 3112 nodi·
1791 3043 1870 3148 ,ΝΠ

140 3151 367 3220 commentans,
388 3146 420 3206 iu
442 3144 551 3204 senode
576 3140 782 3202 voluminibus
807 3142 941 3214 agnoscit
980 3161 1046 3206 cem
1065 3141 1349 3214 sccumdeierebet,
1362 3141 1439 3202 adeo
1452 3143 1486 3196 ut
1504 3153 1574 3198 eum
1587 3137 1683 3196 necin
1697 3153 1775 3196 ruer
1813 3117 1889 3212 iffi*

139 3232 297 3306 mysteria,
317 3235 352 3289 ut
364 3233 509 3288 semmei
521 3227 662 3303 quendam
679 3224 857 3286 mortalibus
869 3241 940 3284 nce
979 3228 1058 3302 tyrio
1080 3227 1241 3298 (ιιιιίιιιίιι
1269 3225 1343 3300 quin
1369 3239 1440 3284 vero
1459 3237 1529 3282 cum
1550 3235 1630 3280 anno
1658 3220 1773 3278 Domini
1786 3227 1891 3276 urrunsa

141 3317 216 3376 dun
228 3320 378 3387 mseraia,
397 3313 469 3372 sciis
480 3310 649 3372 omissdbus
661 3314 762 3386 patere
775 3308 938 3385 spiritibus.
981 3317 1034 3372 'itit
1054 3313 1087 3372 in
1105 3313 1169 3385 ejus
1190 3313 1279 3386 ceput
1300 3306 1383 3370 Frisii
1404 3321 1506 3366 ensem
1526 3305 1696 3374 vibrarent,
1709 3304 1772 3376 ipse
1804 3300 1878 3392 ’,ιζ’

138 3399 384 3473 limbimnrp'am
398 3396 586 3470 Fragor-ium,
599 3393 939 3466 augustinumembro-
980 3397 1062 3457 buno
1074 3397 1224 3466 codicem,
1238 3392 1325 3468 quasi
1337 3390 1520 3464 spiritualem
1534 3389 1673 3462 clypeum
1691 3388 1772 3460 obJ'e·

139 3487 235 3557 sium,
248 3485 428 3555 Fmsbium,
447 3481 617 3553 origenem,
638 3479 866 3552 Hieronymum,
877 3480 940 3551 Cy·
980 3482 1032 3551 cii,
1047 3485 1076 3539 et
1089 3480 1196 3540 illustri
1209 3476 1371 3545 mumulo,
1388 3474 1457 3534 licet
1469 3488 1538 3530 ense
1551 3475 1638 3530 acuto
1648 3487 1702 3545 per
1713 3486 1775 3530 me·

138 3568 292 3638 sniumei
301 3567 474 3626 misenum
483 3569 654 3622 sanctorum
666 3565 784 3620 Petrum
797 3561 937 3632 eborum,
980 3564 1065 3624 dium
1078 3569 1173 3623 secius
1187 3562 1225 3621 sit
1236 3560 1329 3632 iiber,
1340 3553 1424 3618 nuile
1436 3563 1538 3616 umen
1556 3556 1652 3615 littera
1664 3569 1701 3614 eu
1713 3569 1774 3614 see·

138 3655 202 3710 tam
223 3651 359 3726 impense
380 3649 471 3708 sacris
491 3647 577 3707 libris
597 3649 698 3705 noctes
721 3649 751 3703 et
771 3644 835 3704 dics
857 3644 938 3702 insu·
979 3649 1059 3707 tione
1074 3648 1186 3706 abolita
1199 3651 1253 3706 est.

138 3734 428 3796 demetiiirubimnr
440 3748 493 3790 eos
505 3732 537 3790 iu
551 3733 607 3788 bae
619 3727 777 3801 disciplina
789 3726 939 3802 principes
1015 3732 1103 3806 Apud
1117 3733 1244 3790 Francos
1258 3732 1320 3788 iiex
1339 3731 1368 3786 et
1386 3729 1548 3801 imperator
1560 3723 1683 3784 cercius
1697 3727 1776 3796 iiag·
1828 3739 1862 3782 ss.

137 3823 170 3880 et
181 3819 331 3894 pdmaras
350 3815 558 3885 consenuisse,
579 3827 635 3872 uec
654 3811 748 3870 edum
761 3825 814 3870 eos
826 3811 940 3870 studio·
979 3829 1056 3884 nus,
1082 3816 1143 3873 imo
1164 3820 1207 3872 ter
1220 3812 1384 3883 maximus,
1398 3810 1564 3872 eruditione
1576 3809 1699 3880 scilicet,
1713 3810 1775 3882 pie·
1805 3797 1880 3914 ,Ἥ

137 3919 209 3962 rum
229 3903 356 3971 borum,
375 3915 468 3974 qnam
487 3899 553 3954 vitre
575 3896 666 3954 finem
684 3893 810 3956 iecisset
823 3893 940 3954 liirabi·
980 3903 1038 3957 tute
1055 3903 1084 3956 et
1096 3898 1184 3956 laude
1197 3897 1318 3966 bellice,
1335 3909 1485 3954 sacrarum
1499 3895 1672 3952 Litterarum
1690 3893 1774 3950 sobo-
1794 3923 1909 3968 secuun'

138 3999 210 4046 mur
232 3985 445 4058 Hieronymum
459 3981 597 4052 Gregorio
615 3978 795 4038 Nasinnreno
809 3981 838 4035 et
851 3977 940 4050 iiidy-
980 3981 1025 4042 las
1045 3986 1110 4040 tum
1129 3981 1216 4052 aiibi,
1236 3985 1300 4038 tum
1323 3979 1438 4036 Parisiis
1452 3977 1545 4052 (adeo
1559 3982 1643 4036 vetus
1656 3976 1775 4034 estnec
1788 3985 1813 4032 a.
1827 3984 1896 4042 scrip

138 4084 209 4140 mo,
222 4067 416 4128 Ambrosium
428 4064 544 4136 Basilio,
557 4063 756 4134 augustinum
770 4060 939 4130 Ambrosio.
981 4059 1776 4138 accessuraquecoloniensisestmnter,lovaniensis
1812 4051 1878 4092 ‘¹²¹⁸’

139 4153 387 4224 cbrysosiomum
397 4147 539 4218 amenio,
551 4147 689 4220 aliosqsm
702 4143 764 4204 suls
778 4148 941 4219 precepto-
983 4149 1069 4222 arie)
1082 4148 1215 4206 instituit.
1228 4147 1305 4216 Quin
1318 4151 1348 4203 et
1360 4143 1482 4203 Carolus
1495 4142 1575 4216 ipse,
1592 4143 1777 4214 Eginberdus

139 4318 247 4388 διώ,
270 4317 389 4378 soboles
401 4327 552 4376 sacrarum
566 4314 740 4372 litterarum
754 4311 887 4370 erectasi
900 4311 941 4370 ns
984 4317 1173 4388 ligentiseime
1189 4311 1366 4372 emendavit.
1379 4312 1461 4369 Adeo
1474 4325 1545 4368 vero
1560 4309 1649 4370 sacris
1666 4309 1779 4370 bitteris

140 4401 499 4470 elnmdrinaenin,tct
508 4399 666 4456 [tectorum
679 4399 707 4454 et
716 4395 878 4454 Frmsuium
888 4410 942 4469 pe·
985 4401 1103 4460 deditus
1114 4399 1184 4470 fuit,
1199 4401 1233 4455 ut
1245 4397 1287 4454 eis
1300 4396 1477 4452 imnrortuus
1488 4394 1535 4452 sit.
1550 4397 1659 4452 Auctor
1672 4397 1715 4452 est
1727 4395 1783 4454 Te·‘
1826 4417 1832 4422 ·

140 4490 237 4556 maie,
260 4484 373 4546 nemini
395 4481 523 4542 dubium
541 4483 585 4542 est
605 4480 665 4540 cde
677 4478 789 4538 ceteris
803 4481 849 4538 set
860 4477 941 4536 evin·
984 4501 1080 4558 ganas
1093 4485 1124 4542 in
1142 4475 1580 4550 Vttcnudeetn'‚car01umsub
1595 4476 1780 4545 obitumcc-

141 4573 339 4632 muranum
347 4569 579 4638 incorrectores,
590 4563 769 4640 quemuis
779 4567 942 4638 maecum
983 4573 1089 4627 renato
1109 4562 1447 4640 aquisgraninudovtco
1461 4560 1540 4631 uite,
1554 4564 1650 4618 totum
1664 4574 1695 4617 se
1710 4574 1779 4620 ore·

141 4655 303 4729 ineomgie
323 4652 499 4714 scholastica
519 4649 661 4712 uctredo
682 4648 865 4717 traderetur,
888 4662 942 4708 em·
983 4649 1132 4720 tionibus,
1148 4647 1344 4723 eleemosynis
1363 4651 1391 4706 et
1412 4645 1503 4706 sacris
1520 4643 1631 4702 litteris
1644 4641 1779 4714 dedisse,

143 4738 217 4798 culis
228 4737 407 4808 elaboratu,
419 4749 496 4810 pene
509 4734 543 4794 in
553 4735 614 4794 boe
634 4735 826 4805 argumento,
840 4729 874 4788 iu
884 4729 942 4790 bae
984 4734 1230 4808 soiiioetquatuor
1242 4729 1401 4803 evangelie
1413 4729 1453 4788 ad
1464 4729 1561 4788 Graeco
1571 4731 1600 4786 ct
1614 4727 1687 4800 Syro
1699 4741 1780 4798 egre

144 4823 514 4882 unemaieriarersantur.
984 4819 1032 4892 gie
1055 4817 1183 4877 conexit
1203 4831 1294 4888 egens
1314 4828 1391 4889 pene
1414 4811 1569 4871 animem:
1588 4810 1693 4870 merito
1706 4824 1780 4882 ergo

31 4917 135 4966 hue
176 4908 520 4982 commutinopoiioiim
533 4901 942 4964 celebreiuitmonaeteriuru
985 4901 1082 4960 Caroli
1103 4899 1199 4959 codex
1216 4897 1353 4971 religiose
1374 4895 1568 4972 equgrenl,
1582 4895 1690 4968 etipse
1702 4893 1780 4967 vidi,

39 4983 122 5090 ,Ξ
145 4995 228 5070 qood
240 4993 282 5054 ab
294 4998 432 5063 audere,
451 4995 481 5048 et
499 5007 519 5050 a
538 5003 690 5048 sacrarum
703 4985 891 5058 litterarum,
907 5000 943 5045 oo
985 4989 1168 5054 asservatur,

145 5080 210 5140 sisse
221 5077 406 5152 poeimtioris
415 5073 525 5145 studio,
537 5073 632 5134 Studii
641 5070 884 5143 nomauaooepit‚
895 5069 943 5128 cui
1021 5072 1117 5138 Quare
1131 5067 1216 5142 quod
1228 5065 1259 5123 in
1272 5066 1404 5124 concilio
1419 5063 1603 5124 Leierunensl
1616 5062 1674 5124 sub
1693 5066 1781 5126 inuo-

40 5171 137 5218 Μ-
146 5161 262 5237 pruinis
274 5163 304 5220 S.
320 5161 401 5220 Plato
415 5175 425 5218 s
438 5163 507 5233 pust
525 5173 618 5233 quem
630 5156 803 5216 iboodoms
814 5154 943 5225 Studiis,
985 5153 1082 5212 centio
1094 5153 1143 5222 iii,
1153 5152 1190 5210 de
1204 5150 1344 5210 cathedre
1357 5163 1508 5210 morarum
1526 5149 1699 5234 litterarum
1712 5164 1780 5210 san·

27 5235 202 5342 zffisub
221 5259 338 5304 annum
357 5243 475 5302 nomini
487 5244 556 5311 Filii,
568 5245 613 5299 lot
625 5239 738 5312 ingenii
750 5239 798 5298 sui
810 5241 840 5296 et
852 5237 944 5312 pieta·
986 5237 1078 5296 citum
1091 5238 1147 5302 est,
1162 5249 1226 5294 non
1239 5250 1332 5303 nova,
1344 5235 1398 5294 sed
1409 5236 1536 5290 vetemm
1549 5231 1696 5290 innovans
1710 5247 1781 5290 con·

147 5330 232 5401 i'n,e
252 5328 347 5390 sacris
364 5326 479 5386 bitteris
498 5324 619 5399 reliquit
638 5325 848 5392 monumenta,
870 5335 943 5382 suus
986 5319 1173 5380 suetudinem
1186 5317 1370 5391 firmansque
1389 5315 1528 5376 habenda
1541 5315 1720 5374 miseratio.
1734 5315 1782 5372 lii-

149 5408 943 5488 dnnmoemcresetuuunonaonorcnnsdcsen-
986 5407 1113 5476 mirum,
1134 5401 1225 5462 simili
1243 5404 1305 5462 tam
1327 5399 1433 5460 sedala
1452 5414 1526 5460 eura
1538 5397 1668 5473 presidii
1680 5395 1781 5456 atiri-
