4100 6024
1644 463 1756 526 CXXXV

19 573 20 610 Ι
128 591 215 648 aspra
228 571 484 634 hubeedicuntur.
503 573 920 649 Augustinuseeorporeitate
958 576 1049 633 tatem
1066 577 1238 649 peccarent,
1262 573 1346 647 quod
1362 571 1480 643 fatetur,
1496 587 1755 648 quenquamcon·

131 658 301 731 Angelorum
310 658 449 732 pluribus
460 658 492 716 in
501 659 575 716 locis
586 675 647 716 nnn
660 658 808 716 abhorret.
823 657 886 715 Lib.
896 658 920 714 ΙΙ
958 659 1055 716 trarire
1066 658 1214 715 sententiae
1223 657 1369 727 addictus,
1381 655 1579 715 Theodoretus
1584 674 1593 727 3
1605 655 1688 713 licuit
1696 656 1753 714 bne

131 745 166 799 be
178 743 276 799 tinnit.
291 758 357 815 cap.
373 759 430 812 vn,
445 747 474 800 et
485 741 539 799 lib.
552 745 601 812 111,
615 758 681 816 cap.
696 759 722 812 1,
737 739 918 800 nechabet:
959 740 1017 798 illis
1032 741 1106 815 quin
1123 741 1217 798 ullam
1234 741 1381 798 haereseos
1395 744 1499 797 notem
1512 737 1711 807 incurrerent,
1725 742 1754 796 et

134 829 252 899 «ipsum
269 840 380 898 corpus
392 842 499 896 suum,
512 827 561 883 oui
578 841 640 884 non
656 825 843 894 subduntur,
867 821 920 880 sed
960 826 1104 898 quoniam
1117 829 1186 882 aute
1202 826 1236 881 lv
1250 827 1443 882 Lateranense
1455 822 1614 880 concilium
1632 822 1753 893 scripse·

131 907 275 965 subditum
284 912 402 980 regunt,
412 908 444 965 in
456 909 579 983 species,
593 909 796 982 quaerellent,
804 923 920 964 aecem·
959 912 1045 976 runt,
1062 923 1161 980 neque
1179 907 1357 964 temeritatis.
1379 905 1481 964 Mansit
1500 905 1640 976 Gregorio
1662 906 1753 962 Theo·

131 990 257 1049 medates
276 994 366 1063 atque
387 995 472 1064 aptas
491 991 658 1050 actionibus
676 992 753 1061 suis,
772 993 920 1048 mutantes
960 991 1021 1061 logi
1032 993 1278 1062 cognomentum,
1292 1006 1469 1062 summaque
1480 1006 1542 1063 qua
1554 988 1646 1063 pollet
1658 988 1689 1045 in
1703 990 1753 1044 Ec-

131 1077 212 1147 etque
223 1077 369 1131 vementes
381 1075 544 1132 secundam
557 1073 729 1133 attributam
739 1073 797 1133 sibi
808 1074 920 1131 adren-
960 1073 1048 1130 clesia
1062 1073 1236 1138 auetoritas;
1258 1072 1453 1144 Hieronymus
1466 1089 1536 1130 vero
1555 1073 1585 1129 in
1598 1071 1753 1145 scripturis

131 1161 186 1214 tore
198 1157 372 1230 potentiam.
386 1174 402 1211 r
423 1160 485 1229 Age
500 1174 587 1215 vero:
609 1173 657 1214 res
680 1157 813 1228 cogitans
827 1159 856 1212 et
868 1171 920 1211 ve·
959 1157 1186 1231 interpretandis
1200 1159 1306 1214 Denter
1318 1156 1467 1214 maximus
1480 1156 1575 1212 dictus
1589 1160 1640 1212 est.
1663 1155 1755 1213 Licuit

131 1239 201 1310 lens,
217 1253 328 1310 eorpus
341 1243 461 1297 mutans
474 1243 509 1298 ut
525 1241 612 1310 libet,
627 1245 704 1298 certe
722 1239 845 1296 materia
858 1253 920 1294 non
961 1239 1041 1296 idem
1057 1238 1232 1309 Ambrosio,
1245 1237 1323 1311 aqui
1342 1237 1417 1294 nihil
1432 1237 1590 1296 materialis
1608 1239 1755 1313 composi·

131 1325 177 1392 est,
195 1321 282 1393 juxta
305 1323 516 1394 augustinum,
537 1323 592 1398 qui
609 1323 762 1395 cogitantis
783 1321 921 1397 principii
959 1323 1050 1380 tionis
1071 1323 1203 1380 immune
1220 1326 1310 1395 atque
1332 1321 1463 1379 alienum
1480 1320 1621 1393 putabat,
1648 1325 1757 1395 praeter

132 1406 330 1464 omnimodam
352 1406 587 1478 spiritualitatem
610 1409 735 1466 adstruit
755 1411 786 1464 et
812 1406 921 1478 probat
960 1405 1043 1462 illam
1058 1407 1154 1463 solam
1174 1405 1351 1462 venerande
1363 1402 1508 1461 'trinitatis
1522 1402 1750 1465 substantiam.»

131 1490 260 1565 pluribus
274 1490 307 1548 in
321 1489 454 1560 libriS,et
466 1491 630 1566 prasertim
643 1491 675 1548 in
687 1492 765 1548 libro
779 1493 818 1547 De
830 1491 921 1556 Quen·
959 1490 1051 1548 Licuit
1066 1493 1173 1548 Sereno
1194 1488 1312 1559 Abbati,
1326 1488 1426 1546 verius
1439 1486 1588 1558 Cassiano,
1602 1488 1655 1560 qui
1667 1488 1754 1546 illum

132 1579 203 1632 ritate
218 1579 330 1632 mima.
349 1575 383 1632 in
398 1574 451 1631 illa
462 1575 620 1648 hypothesi
634 1574 803 1646 Augustini,
817 1572 921 1644 angeli
960 1573 1133 1648 loquentem
1149 1572 1263 1632 inducit
1276 1573 1311 1644 (t)
1320 1614 1331 1643 ,
1348 1571 1401 1645 qui
1417 1574 1517 1629 tamen
1537 1568 1752 1646 (tresisuncia),

132 1664 192 1719 sunt
202 1659 350 1733 spiritales
363 1659 551 1729 substantiae,
573 1659 684 1734 quibus
699 1673 811 1730 organa
829 1660 921 1714 mate·
964 1673 979 1710 a
994 1655 1138 1727 Angelos,
1154 1656 1352 1728 archangelos
1365 1657 1541 1728 ceterasque
1553 1655 1675 1712 Virtutes
1688 1655 1753 1712 nul·

131 1741 584 1802 rialiasubtilissimainserviunt.
595 1741 920 1816 Basiliumadeoaperte
961 1738 1077 1797 latenus
1089 1741 1278 1814 incorporeas
1287 1737 1450 1808 aestimavit,
1464 1759 1478 1792 e
1494 1739 1548 1796 sed
1563 1759 1578 1792 a
1591 1738 1701 1796 habere
1710 1753 1753 1796 se-

132 1826 214 1884 animi
226 1827 322 1883 nostri
332 1826 566 1899 spiritualitatem
578 1831 766 1896 asserentem,
778 1829 811 1881 ut
821 1825 922 1882 credat
961 1827 1095 1883 cundum
1115 1841 1147 1883 se
1168 1841 1356 1898 corpusque
1378 1823 1557 1895 subsistunt,
1579 1823 1646 1882 licet
1659 1824 1753 1881 multo

131 1908 921 1983 exbacncsposseccgnescerebeuminccrporeumtt),
961 1910 1078 1966 tenuius
1091 1925 1185 1985 quam
1199 1926 1264 1967 nos.
1279 1909 1370 1968 Licuit
1382 1907 1488 1966 Basilio
1502 1911 1618 1978 Magno,
1631 1908 1686 1982 qui
1698 1913 1754 1966 An-

132 1993 192 2066 quis
203 1993 322 2065 putabit
331 1998 463 2051 mentem
471 2007 539 2050 vere
549 1993 712 2066 spiritalem
721 1992 922 2050 ademissent·
961 1992 1035 2064 gelie
1050 1992 1274 2050 «substantiam
1287 2008 1403 2049 aeream
1418 1992 1466 2050 vel
1484 1990 1624 2062 igneamr
1641 1992 1752 2061 tribuit,
1795 2029 1799 2036 ·

130 2077 274 2148 perennes
287 2078 438 2133 uirtutibus
450 2078 646 2144 reticentibus,
661 2083 832 2148 nostramque
849 2092 922 2132 men-
961 2081 991 2134 et
1007 2092 1069 2135 non
1086 2078 1180 2135 modo
1201 2075 1269 2133 ilios
1291 2075 1437 2134 creatione
1459 2075 1525 2132 creti
1543 2080 1571 2133 et
1584 2081 1668 2132 terrae
1680 2074 1754 2133 anti-

133 2165 178 2216 ten
189 2161 404 2232 uparanete?
426 2161 512 2225 Plura
531 2161 640 2219 addere
657 2175 777 2234 possem
798 2174 835 2217 ex
855 2159 922 2232 ipso
962 2160 1083 2233 quiores
1099 2161 1217 2234 posuit,
1235 2159 1289 2216 sed
1302 2159 1389 2216 etiam
1400 2158 1497 2216 lucem
1510 2159 1673 2232 quamdam
1687 2162 1754 2216 aute

133 2243 240 2314 Basilio,
255 2260 296 2302 ex
309 2243 466 2302 Ambrosio
475 2248 504 2300 et
515 2244 580 2301 aliis
585 2262 594 2315 3
609 2259 716 2300 verum
727 2242 760 2300 in
769 2258 800 2299 re
812 2242 853 2300 ed
862 2241 922 2300 his·
961 2248 1092 2301 creatum
1105 2244 1253 2300 mundum
1266 2243 1408 2300 exstitisse
1422 2242 1561 2312 asseruit,
1576 2246 1676 2300 nostra
1689 2242 1755 2314 qui-

133 2327 229 2384 teriam
247 2327 407 2384 creationis
419 2325 577 2386 Mosaicam
590 2342 654 2386 non
665 2326 845 2402 pertinente,
859 2341 923 2385 am·
962 2327 1031 2384 dem
1045 2327 1101 2384 bae
1113 2325 1243 2383 interiori
1256 2326 1500 2399 splendidiorem,
1512 2325 1582 2382 huie
1594 2329 1694 2382 tamen
1707 2340 1755 2381 co-

131 2410 202 2490 plius
213 2411 371 2472 immorari
382 2428 445 2472 nen
457 2417 503 2472 est
515 2429 644 2472 necesse.
962 2413 1091 2482 gnatam.
1105 2408 1338 2478 Licuitbceillis,
1352 2423 1525 2482 quanquam
1539 2407 1623 2464 nulle
1632 2411 1753 2480 cogente

962 2493 1091 2552 naturali
1108 2491 1232 2551 ratione.
1245 2492 1336 2550 Multo
1350 2491 1445 2563 magis
1458 2490 1547 2563 igitur
1560 2491 1647 2547 nohis
1660 2492 1752 2549 modo

364 2575 686 2647 COROLLARIUM‚
961 2573 1754 2650 licebit,longumponeretemporisintervellum,non

962 2659 1087 2734 quidem
1100 2665 1168 2718 ante
1181 2658 1248 2719 cccli
1266 2663 1411 2732 urnaque
1427 2657 1606 2716 creationem
1618 2675 1636 2716 a
1650 2661 1709 2716 beo
1723 2661 1755 2715 in

161 2749 316 2808 tmvtn.
336 2747 463 2819 Angelos
473 2745 636 2820 productos
648 2742 738 2802 inisse
751 2743 841 2816 longe
854 2747 922 2800 ante
959 2747 1099 2818 percipie
1110 2743 1229 2815 facum,
1251 2745 1305 2801 sed
1317 2743 1481 2802 interbano
1493 2745 1523 2800 et
1534 2741 1663 2800 hominis
1676 2758 1756 2800 erea-

131 2834 189 2894 coeli
207 2837 355 2906 mrraeque
373 2830 544 2904 opificium,
567 2828 652 2904 quod
672 2827 756 2885 initio
776 2829 922 2886 Geneseos
961 2830 1088 2899 tionem,
1109 2844 1178 2887 eum
1199 2827 1232 2886 id
1250 2843 1357 2887 rerum
1370 2826 1593 2900 stabilitumque
1610 2841 1675 2883 esse
1689 2841 1756 2884 sua·

58 2919 61 2926 ’
132 2917 319 2986 describitur,
339 2914 422 2972 licuit
440 2914 577 2971 adserere
594 2913 623 2970 S.
644 2910 784 2983 Gregorio
803 2910 924 2969 Nazian-
962 2913 1053 2971 deaut
1064 2911 1171 2970 valida
1180 2911 1329 2970 naturales
1345 2911 1484 2982 rationes,
1498 2909 1757 2970 observationibus

131 3001 267 3072 rene,ss.
284 2999 481 3072 Hieronymo,
492 2993 732 3066 Hilario,toanni
743 2995 921 3052 namasceno
962 2996 1110 3071 plurimis,
1126 2994 1291 3069 iisdemque
1303 2994 1471 3058 eumenis
1483 2993 1602 3059 innixa.

130 3076 923 3158 uusquequrnumenmquacontraflnenautnte·

998 3183 1032 3250 (ri
1045 3184 1136 3235 corni.
1150 3182 1217 3246 viu,
1230 3194 1285 3248 ap.
1294 3194 1339 3235 rr.

167 3258 193 3330 ry
206 3259 306 3314 nomn.
319 3257 603 3320 annuamus·
996 3251 1033 3322 ot
1047 3252 1208 3320 cumve.
1221 3265 1345 3324 rar-mr·
