4042 6032
256 377 336 438 itin

257 483 385 544 vidstm.
403 484 508 544 Scribit
526 483 680 544 noradus:
702 503 717 534 a
729 481 843 542 Etenim
854 481 914 540 huo
931 482 960 538 et
976 477 1048 536 illuc
1092 475 1141 538 hic
1153 477 1294 538 tundatur
1305 479 1337 538 ln
1352 477 1498 556 principio
1514 479 1607 551 longo
1623 475 1732 538 abhinc
1746 480 1880 552 tempore
1907 527 1912 540 .

258 573 371 626 vertunt
383 585 414 626 ee
429 569 509 640 licet,
522 567 596 626 nihii
610 566 663 641 qui
680 566 720 626 ita
733 568 861 624 sentiunt
876 564 973 622 dicere
989 577 1046 636 po·
1091 557 1298 636 interpretibus
1323 565 1453 636 cognito.
1480 563 1585 620 Vocem
1609 563 1695 629 diem,
1718 559 1783 634 hit,
1803 557 1880 618 sumi

259 654 516 726 teruutScripturas
526 651 686 712 narrationi
699 655 929 709 consentaneum
940 651 968 704 et
981 659 1049 702 con·
1092 659 1169 717 saepe
1190 661 1246 718 pro
1266 653 1382 720 tempore
1396 647 1426 704 in
1447 644 1601 720 scripturis
1616 645 1674 722 (uti
1693 645 1780 702 etiam
1798 639 1882 718 apud

259 752 402 810 gruens,»
413 741 451 794 ite
462 739 541 808 oper.
552 752 600 792 sea
609 735 678 794 dier.
690 734 743 792 liis.
754 737 786 790 V.
798 731 1047 808 lpsettugustinus
1091 727 1250 803 profanos)
1268 730 1384 804 iamdiu
1402 729 1632 788 animadvertere
1649 727 1779 802 theologi
1792 733 1821 786 et
1837 727 1881 786 in·

260 821 375 893 scripsit
390 838 398 880 ι
416 839 431 874 ι
450 821 623 892 Quisquis...
643 819 730 876 alium
746 818 869 891 requirit
883 816 914 873 in
928 813 1048 870 iliorum
1092 813 1243 886 terpretes.
1259 815 1347 872 Arabi
1363 814 1444 872 diem
1457 812 1496 870 eh
1509 815 1575 870 ortu
1589 813 1628 870 ad
1641 828 1777 872 occasum
1791 811 1881 884 solis,

260 905 376 964 dierum
396 907 613 964 enumeratione
636 904 825 972 sententiam,
845 917 912 974 qum
932 913 994 955 non
1015 895 1048 952 in
1094 897 1179 968 quod
1191 899 1309 972 proprie
1321 896 1445 956 iiehrreis
1459 894 1567 970 esicii)
1580 895 1783 962 dicuntactrcr,
1797 895 1883 972 quod

259 989 413 1062 prophetia
427 989 567 1060 figurate,
582 987 634 1044 sed
648 987 679 1044 in
693 988 748 1044 hac
761 992 961 1044 creaturarum
974 995 1046 1038 con·
1095 981 1139 1035 cst
1152 977 1302 1052 splendor.
1317 984 1393 1040 Voce
1406 983 1484 1054 jouin
1503 981 1601 1056 (cujus
1614 981 1735 1040 evidens
1753 987 1796 1049 est
1813 997 1883 1040 cum

260 1071 371 1130 ditione
382 1073 675 1146 propriemeliusque
685 1071 779 1144 possit
789 1066 924 1140 intelligi,
935 1067 1048 1139 querat
1094 1061 1234 1125 hebraica
1245 1066 1302 1137 iem
1318 1066 1471 1140 cognatio)
1487 1067 1629 1142 temporis
1645 1065 1803 1140 periodum
1821 1066 1878 1140 sig·

259 1161 288 1214 et
301 1155 441 1214 diuinitus
459 1157 579 1230 adjutus
596 1155 783 1225 adinveniam
804 1149 993 1227 nequeenim
1006 1146 1048 1206 ita
1097 1145 1218 1206 nificani
1231 1167 1239 1206 ι
1259 1148 1430 1208 innumero
1446 1165 1517 1208 vero
1529 1151 1640 1226 plurali
1657 1167 1726 1210 cum
1739 1151 1864 1210 articulo
1871 1166 1902 1226 ,·

258 1237 336 1302 hano
349 1240 494 1300 confirmo
502 1281 512 1311 ,
525 1246 559 1298 ut
571 1239 678 1310 aliam,
693 1255 760 1312 quaa
777 1233 981 1313 preponenda
994 1232 1046 1301 sit,
1097 1231 1220 1303 elafium,
1234 1233 1296 1292 dies
1309 1235 1399 1292 rehus
1412 1233 1501 1308 gestis
1513 1233 1643 1292 celebres
1656 1234 1748 1312 (sacy,
1763 1235 1882 1296 Gramen.

259 1325 384 1386 inveniri
397 1341 459 1384 non
473 1341 560 1398 posse
570 1323 747 1382 contendam
754 1364 764 1394 ,
778 1341 793 1376 ιι
810 1323 849 1380 ιιι
861 1320 925 1377 Gen.
939 1315 978 1374 cd
990 1317 1045 1380 ur..
1097 1315 1208 1389 Arati.
1224 1318 1310 1388 Quod
1324 1319 1416 1377 lienes.
1427 1335 1460 1388 ιι,
1470 1323 1500 1389 t,
1513 1316 1640 1392 legimus
1654 1335 1662 1376 ι
1680 1323 1740 1378 alu
1753 1319 1812 1392 die,
1822 1336 1884 1395 qua

260 1409 313 1469 lib.
329 1413 380 1481 Vl,
394 1425 450 1468 xxv
458 1429 467 1481 ι
482 1409 535 1468 lih.
550 1411 573 1464 V
586 1411 706 1466 Retract.
720 1423 753 1478 ιι,
766 1409 813 1464 ιι.
1095 1397 1164 1458 lecit
1181 1403 1255 1458 Deus
1269 1403 1377 1460 eoelum
1390 1407 1420 1461 et
1436 1407 1560 1474 terram,
1574 1406 1604 1460 et
1615 1417 1704 1460 omne
1721 1403 1884 1476 virgultum

294 1495 489 1556 Nihilominus
512 1494 606 1554 iixum
631 1498 747 1564 manet,
768 1491 917 1564 integrum
937 1487 1047 1562 cuique
1094 1481 1218 1554 agri...»
1237 1487 1359 1560 plurimi
1377 1489 1619 1562 interpretantur,
1636 1490 1806 1562 intempore.
1824 1493 1888 1548 ιιι·

260 1595 323 1640 esse
339 1585 371 1638 ut
385 1594 452 1638 cum
465 1579 628 1650 Augustino
645 1577 783 1651 opinetur
799 1575 863 1632 dies
879 1573 948 1630 illos
961 1570 1047 1630 itosis
1094 1568 1243 1640 gustinus,
1257 1572 1309 1644 qui
1323 1573 1353 1628 in
1366 1571 1420 1631 lib.
1435 1573 1479 1630 ιιι
1493 1576 1531 1630 lte
1546 1572 1627 1628 dicii.
1644 1573 1696 1628 uer
1711 1587 1777 1648 cap.
1791 1589 1813 1644 ι,
1828 1573 1884 1632 ad·

260 1668 349 1738 longe
358 1665 396 1724 ab
408 1664 564 1724 ordinariis
574 1662 679 1720 diebus
693 1660 782 1720 luisse
796 1659 928 1716 diversos
941 1654 1048 1714 :licere
1094 1658 1195 1711 monet
1206 1656 1277 1713 diem
1290 1658 1361 1729 poni
1372 1657 1468 1716 solere
1480 1672 1537 1732 pro
1552 1662 1678 1729 tempore,
1687 1657 1719 1715 in
1728 1659 1750 1718 li
1764 1661 1803 1716 tte
1817 1658 1884 1720 (ieri.

261 1757 293 1810 ut
305 1766 393 1810 uoces
406 1750 459 1808 hus
473 1749 549 1814 dies,
567 1763 678 1819 uespera
695 1749 724 1802 et
738 1760 816 1802 manc
828 1747 880 1800 aut
896 1755 965 1798 cum
982 1739 1048 1811 ipso
1094 1739 1330 1812 contradicentem,
1346 1758 1412 1816 cap.
1426 1759 1469 1812 ιιι,
1486 1741 1623 1816 scripsit:
1641 1741 1802 1815 «Superius
1816 1759 1885 1817 sep.

260 1835 329 1910 quis
341 1836 556 1908 interpretetur,
568 1836 619 1888 aut
630 1830 690 1888 allo
703 1829 807 1898 modo,
818 1825 843 1884 si
857 1827 924 1899 quis
936 1821 1050 1881 videbi·
1094 1825 1154 1878 tem
1163 1821 1232 1887 ‚dies
1245 1825 1496 1897 numerabantur3
1509 1841 1589 1884 nunc
1601 1841 1678 1882 unus
1692 1825 1799 1884 dicitur
1809 1823 1885 1898 dies,
1987 1877 1992 1888 .

196 1969 202 1977 .
260 1923 308 1978 tur
317 1919 420 1976 litteris
429 1915 636 1988 congruentior
645 1933 654 1984 ;
669 1912 768 1972 heehit
781 1910 899 1968 tandem
910 1920 1050 1974 asserere,
1093 1921 1155 1977 quo
1170 1905 1217 1962 die
1230 1905 1298 1966 lecit
1313 1913 1388 1968 licus
1404 1911 1513 1970 coelum
1530 1916 1559 1968 et
1571 1914 1679 1969 terram
1692 1914 1721 1970 et
1735 1927 1823 1970 omne
1840 1913 1887 1970 vi-

260 2004 291 2062 in
309 2003 406 2075 prima
423 2000 475 2056 illu
492 1997 617 2054 visibilis
634 1997 741 2054 mundi
754 2007 883 2066 veruque
903 1991 1050 2050 ὓιθιῐῑῡῦθ
1093 1989 1158 2046 ride
1172 1991 1250 2063 agri,
1265 1997 1294 2052 θῑ
1308 2010 1397 2052 0m1¹⁰
1413 1994 1576 2070 pabulum·
1592 1993 1677 2068 cuim
1693 1995 1752 2054 diei
1765 1999 1886 2056 mmm

259 2087 352 2157 totam
363 2097 381 2139 e
394 2079 488 2137 nihilo
500 2078 651 2134 materiam
666 2079 757 2134 Deum
770 2073 918 2142 eduxisse,
933 2070 1049 2142 ipsique
1095 2089 1170 2154 omae
1190 2081 1293 2148 ternpus
1306 2077 1464 2149 significari
1483 2081 1547 2138 heae
1562 2077 1768 2150 intelligitur.»
1787 2083 1829 2140 lte
1842 2082 1886 2140 lo·

260 2167 340 2238 lsges
354 2163 463 2238 quihus
477 2166 626 2234 regeretur
638 2159 824 2218 constituisse
832 2175 842 2228 ι
857 2157 961 2230 postea
979 2166 1050 2210 vero
1094 2171 1163 2214 cum
1172 2157 1252 2216 hunc
1264 2161 1494 2234 interpretantur
1506 2162 1603 2221 versio
1615 2161 1754 2236 uranica,
1768 2167 1845 2224 Beda
1858 2172 1888 2226 et

260 2249 291 2308 vi
303 2250 409 2310 harum
422 2249 522 2320 legum
536 2251 649 2304 nature
663 2243 871 2318 impositorum
884 2235 1050 2310 atmosphc·
1095 2240 1146 2298 ulii
1159 2241 1244 2298 multi
1259 2247 1287 2300 et
1300 2244 1444 2304 Catholici
1457 2249 1486 2304 et
1495 2246 1686 2320 heterodoxi,
1699 2251 1807 2309 Natalis
1817 2252 1886 2311 Ale·

260 2351 325 2396 ram
338 2332 462 2402 iactam,
475 2332 546 2388 item
564 2328 672 2400 maria,
687 2327 786 2397 lacus,
801 2321 943 2390 flumina,
962 2333 1052 2376 saxee
1095 2325 1226 2398 rander,
1239 2327 1408 2401 Alphonsus
1420 2330 1550 2401 Nicolai,
1565 2335 1730 2406 Duguetus,
1743 2336 1887 2408 Clericus,

260 2422 360 2488 sueta,
370 2415 481 2476 insulas
496 2419 646 2486 terrasque
660 2412 854 2476 continentes,
868 2413 901 2463 ut
914 2419 983 2462 cum
996 2409 1053 2460 nu·
1096 2409 1365 2470 studuissemus:
1380 2413 1465 2472 «tiles
1474 2415 1523 2473 ille
1532 2431 1587 2490 pro
1595 2420 1781 2490 temporanei
1791 2420 1887 2492 spatio

260 2503 379 2576 pustino
392 2499 450 2558 diei
460 2499 568 2573 possit,
586 2497 670 2571 quod
691 2491 868 2568 aprindpio
890 2491 964 2547 Deus
979 2506 993 2540 ι
1006 2501 1052 2542 re·
1097 2491 1268 2566 simpliciter
1278 2499 1419 2569 sumitur,
1429 2499 1490 2556 sive
1499 2516 1555 2572 pro
1566 2497 1684 2573 diebus,
1696 2507 1729 2560 ut
1737 2503 1888 2577 plerisque

260 2587 319 2646 hus
332 2585 414 2646 lactis
430 2600 529 2644 rerum
543 2581 745 2642 faciendarum
763 2593 868 2636 causas
887 2572 1052 2642 inserebat,
1096 2575 1210 2648 placet:
1226 2594 1295 2638 nam
1307 2581 1465 2654 singularis
1478 2599 1533 2657 pro
1541 2583 1737 2661 pluralisrepe
1749 2589 1781 2646 in
1793 2590 1891 2664 scrip.

261 2677 291 2732 et
302 2669 496 2747 omnipotenti
508 2666 641 2743 potentia
651 2666 749 2725 lutura
762 2663 896 2724 iaciebat.
911 2681 926 2715 ι
944 2657 1050 2730 Quoad
1095 2662 1162 2717 tura
1175 2663 1309 2734 ponitur,
1328 2685 1342 2718 ι
1359 2669 1398 2724 ιιι
1411 2667 1492 2740 Oper.
1506 2667 1560 2726 lib.
1575 2670 1601 2742 1,
1616 2686 1682 2745 cap.
1701 2688 1733 2745 v;
1749 2676 1778 2731 et
1794 2673 1887 2736 aubi:

261 2756 406 2829 stirpensi
419 2753 596 2822 animantia,
609 2752 641 2808 in
658 2749 804 2823 principio
822 2745 930 2820 pariter
947 2759 1052 2801 eorum
1100 2747 1154 2802 ein
1168 2746 1219 2804 illo
1229 2761 1294 2820 cap.
1309 2764 1331 2806 ιι
1342 2750 1400 2808 dies
1413 2766 1475 2825 quo
1485 2753 1593 2810 ooelum
1602 2759 1631 2812 et
1643 2759 1720 2816 terra
1732 2767 1889 2831 procreata

261 2839 415 2900 materiam
434 2837 625 2896 solummodo
644 2839 734 2892 Deum
749 2846 878 2900 creasse,
897 2842 1052 2902 quumque
1099 2827 1252 2899 dicuntur,
1266 2847 1321 2905 pro
1336 2836 1469 2907 tempore
1482 2843 1643 2911 usurpetur
1659 2845 1687 2900 et
1700 2844 1796 2918 spatio
1809 2850 1888 2920 toto,

261 2924 343 2995 leges
368 2927 480 2982 naturis
503 2923 653 2989 statueret,
681 2916 831 2992 quidquid
854 2915 1051 2972 necessarium
1098 2925 1160 2984 quo
1179 2916 1286 2972 creatio
1307 2917 1514 2994 ordinatioque
1535 2926 1720 2996 processu,-
1740 2943 1805 3002 cup.
1824 2945 1887 2992 xus

262 3015 335 3078 arar,
348 3013 380 3066 ut
389 3005 533 3078 organicae
547 3003 719 3061 substantie
733 3017 837 3059 omnes
850 3000 963 3068 vivere,
977 3013 1051 3056 cres
1101 2995 1228 3055 «Dicunt
1242 3000 1380 3058 Doctores
1394 3007 1604 3079 communiter,
1618 3009 1658 3068 ait
1672 3011 1791 3084 ileliae,
1805 3017 1887 3088 Moy·

261 3107 326 3154 0010
341 3096 369 3150 et
381 3088 569 3169 multiplicari
586 3092 721 3162 possent,
733 3087 797 3158 iam
815 3083 854 3142 ab
868 3099 904 3140 eo
920 3087 1053 3154 tempore
1097 3093 1148 3134 sen
1163 3097 1198 3138 eo
1212 3080 1279 3140 loco
1293 3085 1452 3159 sumpsisse
1472 3087 1552 3146 diem
1565 3107 1622 3165 pro
1640 3089 1788 3167 tempore,
1800 3097 1887 3168 juxis

261 3191 460 3251 praeparasse:
472 3189 566 3248 quum
580 3186 662 3239 vero,
673 3169 838 3226 secundum
851 3165 998 3224 naturales
1011 3165 1053 3222 vi·
1097 3162 1173 3222 iliud
1188 3169 1295 3226 heuto.
1309 3184 1361 3237 ιιι,
1370 3171 1456 3240 iusto
1467 3179 1507 3228 est
1518 3173 1577 3231 dias
1585 3176 1761 3249 perditionis,
1776 3185 1804 3238 et
1813 3181 1888 3240 alihi

263 3258 466 3329 dissitudines,
483 3260 661 3330 opportuna
674 3251 858 3312 conditiones
876 3249 1051 3318 adfuerunt,
1098 3261 1176 3321 saepe
1190 3249 1221 3306 in
1238 3252 1394 3325 Scripturis
1413 3258 1541 3316 sumitur
1555 3258 1619 3316 dies
1636 3276 1696 3334 pro
1710 3268 1888 3338 temporem

262 3349 332 3402 tunc
347 3342 472 3417 imperio
486 3339 624 3399 creatoris
638 3339 735 3394 varias
749 3336 912 3392 viventium
930 3332 1052 3400 classes,
1099 3333 1130 3390 in
1145 3337 1153 3390 ι
1168 3339 1243 3407 part.
1258 3339 1296 3394 lie
1309 3338 1389 3410 oper.
1405 3354 1454 3398 sm
1467 3341 1537 3400 dier.
1552 3343 1650 3402 «Cum
1664 3361 1700 3404 eo
1713 3345 1785 3422 (hac
1798 3348 1829 3406 in
1842 3351 1893 3424 re)

261 3426 343 3484 varia
358 3441 466 3497 genera
479 3428 508 3480 et
521 3424 632 3498 species
645 3421 734 3494 [quin
746 3421 795 3476 uel
813 3422 944 3474 atomum
960 3428 1054 3472 uuum
1099 3422 1260 3477 concordat
1281 3424 1404 3482 Bannes.
1428 3426 1491 3483 Dies
1512 3434 1609 3500 potest
1631 3431 1723 3505 ecoipi
1742 3450 1797 3505 pro
1818 3451 1894 3509 que-

262 3510 392 3568 materiei
406 3509 444 3566 de
459 3524 539 3566 novo
552 3506 677 3578 crearet)
692 3505 731 3560 ed
745 3503 835 3560 vitam
849 3499 937 3556 luisse
952 3514 1055 3554 evoca·
1099 3518 1225 3574 cunique
1236 3504 1389 3564 duratione
1398 3513 1590 3585 etmcnsura3
1603 3534 1616 3566 ι
1629 3514 1660 3571 in
1671 3519 1679 3572 i
1690 3521 1777 3589 pert,
1788 3520 1892 3586 Quasi.

262 3602 317 3654 raa,
328 3597 383 3663 Qui
396 3594 491 3654 iteres
505 3592 644 3666 exponit,
654 3605 715 3646 non
727 3589 817 3644 modo
827 3589 889 3658 jam
899 3584 988 3641 lactas
1000 3583 1054 3639 ob·
1099 3587 1207 3654 Llilitt,
1224 3589 1354 3646 t‘orerius
1367 3592 1468 3649 scribit
1480 3611 1489 3649 ι
1507 3611 1522 3647 ι
1537 3596 1582 3653 Sic
1600 3596 1835 3670 frequentissime
1848 3607 1893 3662 en

263 3681 458 3748 certationes,
472 3677 525 3734 sed
535 3682 563 3734 et
576 3674 725 3732 iaciendas
739 3673 974 3746 qualescumque
984 3684 1053 3724 cum
1099 3667 1181 3740 apud
1203 3671 1377 3744 Prophetas,
1401 3677 1453 3748 qui
1475 3693 1585 3736 nomeu
1607 3679 1666 3738 diei
1678 3691 1822 3757 usurpant
1835 3703 1892 3760 pro

262 3766 365 3824 Genesi
384 3763 533 3830 conciliat,
555 3761 630 3834 quin
648 3759 728 3816 viam
749 3759 864 3814 deserat
881 3755 920 3812 ob
943 3755 1051 3827 liippo·
1099 3756 1265 3824 tempore.»
1283 3757 1477 3818 Prohehiliter
1489 3761 1627 3820 nonnulli
1646 3779 1685 3822 ex
1701 3765 1781 3824 hisce
1795 3771 1892 3844 scrip-

263 3849 347 3908 neusi
363 3851 482 3906 nectare
500 3850 663 3918 repertamr
679 3843 755 3911 imo,
769 3842 852 3914 quod
871 3839 910 3896 ad
924 3838 1052 3896 viventia
1098 3836 1213 3893 toribus
1227 3838 1299 3895 diem
1312 3857 1367 3914 pro
1382 3849 1498 3914 ternpore
1509 3849 1687 3918 accepissent
1702 3855 1731 3907 et
1743 3851 1773 3910 iu
1786 3854 1796 3909 l
1811 3854 1891 3922 Gen..

263 3935 384 4006 spectat,
399 3931 494 3988 multo
513 3928 660 3985 mitiorem
677 3926 759 3983 illam
777 3941 812 3982 ac
825 3922 1054 3981 tolerabiliorem
1098 3919 1152 3974 ubi
1165 3919 1291 3991 legitur:
1310 3925 1401 3982 «Diffi
1419 3941 1513 3996 unus,
1531 3929 1594 3986 (¹52⁸
1611 3931 1798 4004 Stssufldffle'
1817 3941 1890 4008 <tw-2

262 4015 340 4074 iacit.
359 4019 437 4074 uana
457 4012 671 4072 conciliationis
691 4011 771 4066 viam
786 4007 940 4081 amplexas
958 4010 1001 4061 est
1015 4005 1052 4063 er.
1100 4001 1125 4058 si
1146 4001 1300 4076 vidissent,
1320 4007 1404 4079 quoa
1421 4023 1477 4066 noa
1494 4009 1646 4084 videmus,
1665 4017 1782 4088 iurgare
1799 4018 1891 4080 inter

262 4098 451 4173 Waterheyn,
475 4097 612 4154 sacerdos
633 4099 662 4152 et
681 4091 830 4167 prolessor
851 4087 1053 4158 Loraniensis,
1099 4087 1256 4160 pretationi
1273 4103 1335 4146 non
1349 4107 1426 4150 rans
1444 4093 1621 4168 opinionum
1640 4105 1821 4173 commenta,
1836 4105 1892 4162 sed

262 4184 425 4242 induohus
440 4181 608 4256 opusculis,
627 4194 758 4251 quorum
772 4176 898 4234 alterum
915 4172 1052 4244 Lovenii,
1100 4177 1249 4229 accuratas
1266 4175 1891 4258 opponiobservationes,quasacturoe1'u·

262 4269 387 4328 alterum
402 4268 518 4336 leodii,
532 4265 626 4323 edidit
640 4266 686 4337 (t).
1100 4257 1175 4312 dicia
1194 4262 1271 4314 sunt.
1300 4259 1506 4333 «opinionum
1523 4273 1690 4326 commenta
1711 4269 1790 4328 dalet
1809 4271 1892 4344 dies,

299 4354 366 4410 illl.
386 4352 498 4409 Tertius
518 4354 607 4407 restat
626 4339 837 4404 conciliationis
855 4341 980 4414 modus,
1001 4341 1055 4414 qui
1100 4349 1211 4401 naturae
1229 4345 1341 4416 judicia
1354 4347 1551 4420 confirmem»
1570 4353 1610 4413 ait
1626 4355 1747 4413 Tullius.
1767 4361 1823 4416 Nec
1840 4377 1892 4420 so-

263 4436 418 4495 diuturuas
431 4434 571 4509 periodos
583 4447 637 4489 nec
650 4435 717 4488 ante
731 4431 987 4492 hemerammum,
1000 4441 1055 4483 nec
1100 4427 1163 4484 lum
1182 4428 1213 4484 in
1232 4427 1341 4502 plurali
1363 4445 1506 4502 numero,
1531 4440 1564 4493 ut
1586 4438 1711 4511 quidam
1732 4440 1893 4515 theologus

263 4525 368 4594 postca
390 4521 532 4588 collocat,
555 4519 608 4575 sed
630 4517 662 4574 in
684 4515 757 4588 ipsis
778 4514 884 4571 diebus
905 4512 1053 4582 ltosaicis,
1100 4513 1229 4586 scripsit,
1242 4515 1294 4571 sed
1309 4519 1338 4574 et
1350 4516 1381 4572 in
1392 4517 1534 4589 singulari
1548 4523 1607 4582 dies
1620 4523 1652 4582 in
1666 4525 1820 4601 scripturis
1835 4547 1893 4604 pro

263 4607 325 4664 imo
339 4603 480 4676 periodos
490 4602 555 4660 illas
569 4617 636 4658 curn
650 4601 696 4658 his
709 4597 878 4665 conlundit;
894 4601 955 4666 aut,
970 4595 1054 4669 quod
1101 4597 1325 4657 indeterminato
1339 4603 1471 4672 tempore
1487 4605 1623 4665 sumitur.
1643 4609 1734 4668 Amos.
1748 4626 1799 4671 ιιιι
1816 4614 1892 4690 legl-

263 4687 323 4748 lere
334 4688 414 4746 idem
427 4691 480 4755 est,
494 4684 628 4742 coneedit
640 4683 708 4741 ilios
721 4681 809 4740 inisse
823 4681 961 4752 vulgares
974 4681 1051 4750 dies,
1102 4696 1168 4736 mus
1183 4697 1190 4737 ι
1208 4683 1301 4738 «Ecce
1315 4681 1379 4740 dies
1391 4683 1529 4756 veniunt,
1542 4693 1571 4746 et
1583 4689 1697 4748 mittam
1705 4691 1850 4756 lamam...
1860 4705 1891 4757 ia

265 4773 392 4832 sednon
407 4770 575 4827 immediate
589 4769 714 4826 alterum
728 4765 810 4823 alteri
821 4767 1010 4834 successisse,
1024 4769 1053 4822 et
1103 4765 1148 4821 die
1161 4763 1212 4820 illa
1226 4765 1263 4838 (i.
1278 4781 1305 4824 e.
1327 4770 1357 4822 iri
1372 4773 1486 4840 tempere
1503 4773 1566 4839 ιἰιο,
1581 4779 1612 4831 ut
1625 4776 1752 4848 explicat
1764 4782 1893 4853 largum

264 4855 394 4930 periodis
415 4855 522 4924 ignotis
540 4850 738 4908 diuturnitatis
759 4849 846 4906 luisse
868 4848 906 4906 ab
928 4849 1053 4906 invicem
1103 4849 1186 4921 quod
1197 4847 1298 4906 dicunt
1311 4850 1457 4924 lonathoe)
1473 4851 1609 4912 deficient
1620 4856 1747 4930 uirgines
1759 4863 1894 4936 pulchros

265 4941 415 4999 discretos.
430 4938 543 4996 Tertius
558 4934 607 4994 hio
627 4934 750 5002 modus,
769 4933 800 4989 ni
818 4931 919 5002 fallor,
933 4931 974 4990 ad
986 4949 1053 4990 sco·
1102 4932 1133 4989 iu
1144 4933 1225 4988 siti.»
1244 4933 1337 5002 vides,
1353 4935 1422 4991 diora
1436 4936 1617 5007 singularem
1630 4941 1710 4998 idom
1725 4943 1895 5017 significare

264 5041 339 5099 pum
353 5027 502 5090 nostrum,
518 5035 626 5094 nempe
639 5019 678 5076 ad
693 5017 911 5084 defensionem,
925 5017 968 5072 uti
980 5017 1055 5073 ueri·
1102 5031 1136 5074 ac
1150 5017 1215 5072 dies.
1232 5017 1315 5072 ilict.
1329 5031 1356 5074 ιι
1374 5035 1381 5074 ι
1398 5020 1456 5076 alit
1467 5019 1521 5076 erit
1532 5021 1562 5076 in
1577 5024 1739 5084 novissimo
1753 5029 1894 5092 dierums

222 5141 224 5150 ,
265 5108 333 5170 gatis
345 5107 482 5168 revelatas
490 5106 530 5164 ita
544 5109 572 5164 et
580 5103 737 5171 naturalis,
748 5107 791 5160 est
805 5099 1010 5176 opportunior.
1023 5104 1056 5160 Ei
1101 5098 1155 5156 erit
1168 5115 1255 5156 mons
1275 5099 1382 5166 domus
1400 5099 1516 5158 Domini
1534 5113 1716 5178 preparatus
1732 5109 1764 5170 in
1785 5118 1895 5176 vertice

1101 5185 1282 5242 montium.»
1296 5183 1353 5243 tioc
1365 5183 1432 5242 loco
1441 5189 1600 5246 nouissimus
1611 5189 1715 5250 dieram
1729 5195 1835 5258 ultima
1844 5201 1896 5261 vel

299 5303 330 5368 (ι)
344 5303 381 5354 De
393 5297 423 5352 1ο
436 5301 542 5364 ararem
554 5309 579 5352 et
591 5302 621 5352 ds
629 5313 668 5351 ιιι
680 5305 797 5360 repperis
806 5311 865 5348 avec
875 5299 910 5347 tes
922 5298 1010 5348 omits
1019 5301 1058 5350 ri·
1101 5273 1219 5362 pimem
1231 5273 1365 5340 mmmm
1376 5267 1531 5342 ”igflffifflt
1545 5276 1574 5329 οἱ
1587 5271 1627 5332 iifl
1639 5281 1758 5336 Verium
1770 5281 1895 5357 septu*

266 5379 349 5426 seties
358 5397 390 5412 ·-
404 5379 441 5425 ιιι
451 5377 579 5425 scierant
591 5374 667 5434 tusci
678 5385 724 5424 sur
738 5373 834 5422 ιἰιιιιιι
846 5374 877 5422 ds
889 5372 915 5420 ur
926 5371 1056 5428 σιιιιιιοιι,
1100 5355 1182 5424 8ῑῦῑῦ
1195 5354 1377 5426 lui&limitis
1390 5353 1491 5425 syfussi
1506 5359 1534 5412 θῑ
1544 5356 1647 5429 fflbsr
1662 5366 1690 5418 ei
1703 5363 1829 5434 Talaum
1844 5372 1894 5427 Jo-

269 5450 339 5502 ιιιι,
1099 5435 1491 5509 nathoe,iai³otrat.teadia
1504 5439 1643 5510 itacham
1653 5446 1893 5514 PsDelesw
