4042 6032
266 377 323 438 ort

264 497 320 557 per
332 482 439 545 eninm
450 479 663 552 anieroiabet,
677 479 761 546 terite
779 481 969 553 intelligitur,
982 486 1012 544 et
1024 484 1057 548 tn
1102 483 1223 554 bienni,
1237 482 1336 546 Horou
1349 482 1396 544 bia
1410 481 1510 548 uerbis
1526 483 1691 556 inenleare,
1712 485 1819 560 mrpss
1837 484 1900 552 uns

264 567 322 626 hoo
346 566 428 637 tertio
450 563 585 627 membro
609 564 796 636 riegatiouom
818 566 1009 636 subintelligi.
1030 567 1058 629 Si
1102 568 1151 631 Dei
1166 567 1491 632 roluutotaieetnsasso
1505 571 1533 630 at
1546 567 1728 634 adolevisses
1742 585 1795 630 eur
1809 569 1901 640 initus

264 665 336 708 uero
351 648 417 710 dieo
433 666 441 708 e
455 649 511 710 hae
524 645 572 708 die
586 647 703 708 nulium
717 651 779 710 eret
791 648 901 712 animat
915 649 945 708 in
960 649 1058 722 equis,
1102 651 1245 723 inaperta
1269 667 1330 716 non
1345 651 1432 712 diuiti
1443 655 1545 716 Nonne
1568 656 1614 711 sat
1625 657 1687 712 arat
1705 653 1745 715 ad
1758 668 1835 727 epus
1849 651 1899 716 boi

265 731 382 788 nulium
402 732 433 793 in
453 732 556 801 terris,
568 734 596 788 et
618 732 722 805 stirpes
744 732 949 804 germinabant
969 748 1060 806 snper
1101 732 1305 796 immediatum
1320 733 1899 806 ostendendumuultaeutebuuadiem

265 818 389 888 terrama
405 814 473 888 quis
485 813 541 874 nisi
555 813 642 876 stulte
657 813 747 886 dieat,
758 814 788 876 in
801 815 859 878 boe
871 816 956 875 tertio
967 831 1061 878 nram·
1102 816 1216 880 semina
1229 817 1336 880 inisset
1347 821 1424 880 ilum
1436 817 1583 888 homiues,
1595 819 1786 892 quantumvis
1795 817 1898 890 ructes,

264 898 321 956 bro
336 895 556 970 intelligendam
573 896 886 972 aspernamentum
906 901 1060 958 aestumat
1101 901 1254 973 ignorent,
1267 900 1384 974 plautas
1403 901 1506 966 saltem
1521 916 1587 971 eas,
1600 917 1668 978 quae
1687 901 1747 958 siue
1765 901 1899 962 utiliores

264 983 383 1040 euidens
407 983 493 1041 esset
508 983 724 1044 Paralleiismum
742 989 858 1054 autem,
881 989 913 1040 ut
932 989 1058 1056 uooant,
1102 989 1172 1044 aunt
1190 984 1252 1046 sive
1270 986 1412 1057 majores,
1430 1001 1467 1048 ox
1488 985 1600 1048 semine
1623 985 1715 1047 oririt
1733 989 1772 1048 lte
1789 985 1814 1045 si
1833 986 1899 1050 dies

260 1062 542 1140 pertransieritis
559 1065 606 1127 nis
618 1065 753 1125 uersibus
764 1067 891 1140 reperire
905 1066 980 1137 uult,
990 1071 1060 1131 sunt
1102 1069 1205 1130 tertius
1218 1068 1385 1130 ordinarius
1396 1068 1450 1130 luit
1463 1069 1538 1142 dies,
1552 1084 1652 1130 uonna
1661 1069 1718 1130 boo
1727 1069 1899 1133 demerebat

263 1148 295 1211 bi
310 1164 328 1209 a
341 1149 577 1222 macedonibus
590 1151 766 1223 separandi,
787 1155 876 1224 etque
893 1152 934 1214 ita
952 1168 988 1212 ex
1004 1153 1059 1216 tna·
1102 1153 1172 1216 setis
1185 1153 1223 1226 (et
1236 1153 1325 1223 ionga
1335 1152 1439 1214 meiius
1450 1168 1542 1228 quem
1552 1152 1897 1230 ueteetusplurtasuper

263 1230 345 1297 beno
355 1233 428 1294 uerti
441 1235 471 1294 ei
484 1231 603 1306 disponi
615 1233 725 1296 debent
739 1250 747 1290 r
1101 1239 1208 1296 terram
1225 1250 1321 1309 nuper
1333 1250 1371 1296 ex
1386 1236 1473 1310 aquis
1492 1235 1648 1310 oduntem)
1662 1251 1739 1312 epus
1752 1237 1898 1299 creatoris
2009 1229 2012 1244 '

294 1367 323 1420 iit
335 1381 403 1421 onae
416 1369 537 1434 nemnem
552 1369 599 1434 erpi
614 1371 713 1422 noudum
727 1373 810 1423 eratin
825 1375 896 1436 terre,
1101 1318 1327 1413 medinm?
1352 1324 1396 1382 An
1421 1320 1532 1416 wau?
1563 1325 1698 1418 ¹⁸¹3⁰i⁸h
1724 1321 1843 1418 mm?
1867 1327 1898 1386 ἰ

295 1439 324 1492 iit
337 1439 411 1491 omnis
423 1440 493 1492 iterim
507 1440 607 1504 reponis
621 1441 719 1491 nouitium
732 1441 914 1504 germinaverat:
1101 1407 1261 1475 prmum
1274 1403 1415 1498 “mimi
1430 1419 1485 1464 ¹¹⁰⁰
1498 1419 1523 1462 ⁸¹
1536 1403 1701 1498 lafssmm,
1711 1404 1815 1479 plum
1829 1421 1897 1467 ΙΝ*

294 1511 345 1560 Nan
358 1509 418 1562 enim
431 1508 994 1592 plueretbomlnuibeutsoperterren,perenn
1101 1490 1223 1556 dantur»
1246 1491 1307 1548 tam
1335 1489 1392 1550 01ῑο
1419 1499 1549 1551 mosomo
1574 1501 1638 1550 sens
1661 1486 1805 1553 mirmillo
1832 1503 1896 1556 nort

294 1580 324 1634 n
338 1593 383 1636 nou
396 1581 464 1634 bema
477 1581 505 1634 ei
518 1582 654 1644 operantem
668 1585 763 1640 emm,
777 1589 893 1646 tannen
936 1583 988 1606 ·“
1101 1571 1213 1643 poseat

295 1649 324 1706 n
336 1663 406 1718 repes
420 1650 556 1708 ascenaeret
568 1651 596 1708 le
610 1657 679 1712 torn.
692 1660 778 1743 rnen
1136 1653 1191 1722 Qut
1205 1655 1390 1724 negationem
1404 1655 1486 1720 ittam
1500 1656 1679 1732 abundent,
1695 1673 1780 1732 nque
1792 1660 1896 1734 aequ

296 1746 637 1814 transubstantiatam
651 1754 731 1810 terra,
745 1757 861 1812 tionem
1099 1736 1245 1806 &viritem
1268 1741 1296 1793 et
1316 1737 1542 1809 inundationem
1565 1739 1697 1806 tentibus
1718 1747 1770 1804 arrt
1789 1744 1896 1818 reperi

773 1821 858 1848 '''³'
1099 1818 1274 1891 penserunt,
1294 1835 1332 1880 ex
1347 1837 1383 1879 eo
1405 1827 1578 1894 mouentur,
1599 1824 1683 1899 quod
1704 1827 1823 1900 patent,
1847 1826 1895 1890 bis

298 1917 407 1990 nempe
425 1912 603 1974 marsnae
624 1915 662 1974 (ιθ
682 1917 759 1974 rem
779 1913 822 1986 (ur
846 1913 1007 1986 irrigans),
1028 1917 1057 1972 ,e
1099 1902 1234 1962 uersibus
1247 1903 1371 1964 indicari
1384 1906 1524 1976 rationes,
1534 1923 1588 1968 our
1600 1907 1708 1982 plenta
1719 1908 1895 1981 nonnermi·

265 1996 490 2069 (deseendendor
517 1999 623 2058 terrum
651 1996 802 2066 irrigabat.
827 1997 994 2069 Aliquando
1019 2013 1057 2059 ex
1099 1990 1228 2079 nossent.
1242 1986 1339 2048 Potius
1353 1992 1426 2059 pulo
1444 1989 1566 2050 ltltltli
1579 1990 1682 2063 primu
1701 1991 1893 2066 tissimlsslfiilr

263 2080 355 2136 ineisa
369 2079 416 2136 vel
436 2077 570 2135 membro
589 2077 687 2150 priore
708 2079 824 2148 negatio
841 2079 872 2142 in
894 2081 1055 2152 posteriore
1100 2082 1145 2124 urs
1158 2084 1278 2132 sansana
1298 2070 1569 2142 instrumentalem,
1588 2089 1684 2147 quum
1701 2075 1791 2137 nullm
1807 2077 1893 2138 labo·

263 2163 432 2236 suppletur,
447 2165 479 2222 ut
499 2161 784 2224 animadvertimus:
800 2167 830 2220 et
849 2178 1003 2235 unusquam
1020 2177 1056 2226 ex
1099 2155 1199 2212 rentur
1212 2152 1321 2226 plurim
1336 2153 1477 2227 nulloque
1492 2160 1567 2216 esset
1579 2157 1737 2221 artificiose
1749 2158 1892 2232 irrigatio.

262 2245 321 2307 aiio
335 2259 422 2304 uersu
433 2243 480 2316 (ti.
495 2244 551 2305 aee
564 2245 607 2305 uti
627 2245 854 2316 rerumrerum
868 2245 1056 2318 philologiam
1100 2238 1134 2294 it
1145 2241 1285 2309 praterea
1297 2235 1456 2300 ridiculum
1470 2237 1586 2302 uidetur
1603 2256 1734 2312 quaerero
1755 2259 1892 2318 oausam,

262 2329 380 2401 negatio
394 2328 613 2398 diaconarum,
627 2328 666 2388 ita
686 2329 859 2392 adversatur
872 2329 995 2392 omnino
1010 2347 1059 2392 ro·
1099 2333 1160 2394 qua
1173 2322 1321 2382 “fritillis
1333 2319 1442 2393 illiniti
1451 2336 1513 2382 11⁰1}
1526 2329 1631 2392 bistili,
1641 2329 1800 2400 antequem
1811 2328 1894 2390 arido

261 2411 336 2476 tioni
356 2411 569 2486 philosophiam
583 2427 591 2468 t
606 2426 694 2480 uam,
708 2427 745 2474 ex
760 2411 851 2489 paulo
868 2418 935 2473 unte
950 2413 1055 2483 dietis,
1099 2404 1301 2476 apparuisset,
1322 2405 1364 2462 uti
1384 2421 1515 2478 quaerore
1537 2422 1656 2468 musam
1674 2407 1803 2474 dotentur
1821 2427 1894 2472 uro·

261 2491 381 2568 vaporis
401 2489 547 2554 exhalatio
561 2505 623 2554 non
640 2491 734 2552 modo
750 2491 862 2564 aitqua,
876 2491 928 2551 sed
946 2507 1055 2564 magea
1098 2501 1182 2555 rum,
1199 2501 1293 2560 quum
1308 2486 1426 2558 ratitum
1438 2491 1466 2550 et
1480 2489 1544 2552 otte
1557 2504 1628 2552 aues
1647 2505 1708 2555 non
1722 2498 1824 2562 erent,
1839 2500 1893 2560 sur

261 2589 324 2634 esse
339 2573 466 2636 debebat
480 2578 507 2634 et
520 2577 602 2637 terea
616 2572 719 2638 faeiem
734 2573 853 2636 abunde
869 2573 1001 2646 irripere.
1097 2565 1201 2640 laetis,
1223 2568 1359 2632 nondum
1385 2569 1488 2634 nean
1510 2572 1606 2634 raouis
1629 2572 1731 2638 emese
1753 2575 1892 2642 institeris

297 2657 345 2720 tiis
359 2656 436 2720 addo
450 2657 589 2734 quodni
602 2657 665 2718 brae
678 2657 796 2751 uenatio
810 2657 991 2730 intrudatur,
1005 2673 1055 2722 ne·
1098 2651 1287 2745 animatione.
1994 2660 1997 2668 ·

262 2756 341 2804 essse
361 2744 423 2816 aet,
436 2745 468 2804 ut
487 2743 651 2802 statuamus
670 2740 796 2800 sieertata
818 2741 1005 2815 squalentem
1017 2757 1054 2804 eo
1133 2736 1172 2794 be
1186 2735 1244 2792 illus
1261 2751 1331 2794 reru
1344 2735 1399 2810 qui
1416 2736 1553 2801 dudunt
1566 2739 1689 2802 omnino
1709 2758 1785 2802 rere.
1799 2747 1818 2802 b
1831 2747 1892 2810 eid

166 2827 184 2840 ·
261 2827 393 2900 tempere
410 2826 494 2882 terrea
512 2823 696 2900 supernatare
710 2822 809 2900 (qnod
829 2823 892 2885 siue
911 2825 1055 2885 miraculo
1097 2817 1349 2892 arundinibus,
1364 2819 1438 2896 quid
1453 2821 1603 2883 etaemus?
1618 2825 1656 2882 ilo
1675 2824 1731 2886 irae
1745 2825 1891 2890 diuisione

261 2905 324 2968 fleri
346 2923 406 2968 nou
420 2907 533 2986 putuit,
553 2907 656 2970 saltem
676 2905 707 2972 in
724 2907 840 2980 uulgari
853 2909 996 2970 sententia
1015 2909 1054 2971 do
1096 2899 1140 2958 nii
1157 2900 1267 2962 dertiuio
1284 2920 1291 2958 :
1306 2901 1364 2966 hoo
1383 2905 1497 2963 tantum
1514 2909 1610 2968 statim
1626 2924 1633 2962 r
1648 2905 1672 2963 si
1690 2923 1792 2974 versus
1809 2909 1852 2972 iili
1872 2927 1891 2974 e

261 2989 588 3063 diebuetthurarumie
603 2991 1053 3070 insupereuaporaiionemquo·
1095 2985 1331 3057 praecedentibus
1357 2985 1567 3062 minorantur,
1595 3004 1647 3048 eos
1669 2996 1890 3060 cerasensium

260 3090 319 3154 que
337 3074 587 3136 circumstantium
602 3089 748 3152 equarum
766 3092 783 3134 a
798 3079 857 3140 ileo
872 3076 1053 3140 continenter
1096 3067 1225 3140 aliquem
1237 3084 1330 3144 perse
1344 3070 1508 3142 exprimere
1522 3070 1645 3146 deberes
1655 3089 1715 3134 non
1728 3074 1806 3137 enim
1819 3092 1891 3142 eon·

260 3158 638 3236 impedjnmrureee;quae
656 3158 1052 3237 miraculprquorufflnflmo
1092 3150 1179 3224 jungi
1197 3155 1310 3224 queunt
1331 3156 1545 3216 annueres:
1562 3155 1890 3236 aiarmauitigitnriet
2003 3181 2006 3186 ¹

261 3243 338 3304 testis
353 3243 408 3322 est)
419 3243 567 3306 seminum
580 3244 626 3300 vei
641 3243 786 3319 stirpium,
802 3259 877 3318 ques
890 3247 966 3305 Deua
978 3243 1049 3304 inea·
1094 3235 1223 3301 formavit
1236 3234 1332 3310 Hssbld
1346 3234 1488 3300 ⁰⁰l²liffll⁵
1505 3238 1579 3300 ⁰2⁰⁵
1592 3237 1744 3300 bominem
1759 3241 1796 3304 dt
1814 3241 1889 3306 Ultio

259 3329 315 3399 set,
328 3326 542 3400 germinarent.
559 3327 835 3396 rossemannum
854 3327 1053 3392 adversaber-
1094 3321 1187 3376 erre.
1202 3336 1216 3370 a
1234 3315 1358 3388 Quando
1373 3318 1452 3379 enter
1466 3315 1559 3382 iratus
1571 3321 1728 3394 rationo,
1740 3339 1811 3386 sene
1823 3325 1890 3390 bes

260 3413 329 3466 tur:
349 3409 389 3468 ita
408 3408 470 3466 duo
492 3408 636 3470 miracuta
654 3409 693 3464 ed
715 3409 746 3469 id
767 3409 998 3480 ordinabantur,
1020 3416 1053 3474 ut
1094 3399 1158 3471 bis,
1173 3400 1300 3460 arbustis
1318 3404 1346 3462 et
1365 3399 1524 3466 arboribus
1543 3402 1679 3466 tellurem
1696 3409 1889 3472 oonvastitaru

260 3490 376 3554 tertium
408 3491 491 3552 aliud
516 3491 695 3555 miraculum
725 3494 923 3554 necessarlum
949 3494 1051 3566 fieret,
1093 3482 1215 3540 inuenit.
1230 3485 1261 3540 in
1276 3483 1331 3540 hae
1344 3482 1432 3556 igitur
1441 3483 1599 3560 hypothesi
1612 3485 1775 3552 evidentius
1788 3491 1890 3554 exolu-

259 3589 366 3646 nempe
380 3577 413 3632 ut
429 3573 537 3654 pidiliae
551 3574 613 3630 sinn
632 3575 756 3632 humore
775 3573 847 3649 ipsis
864 3576 984 3648 physice
1003 3591 1053 3634 110.
1094 3563 1193 3622 denda
1206 3570 1250 3624 esi
1262 3565 1313 3627 illd
1328 3566 1454 3640 negatio.
1468 3567 1545 3638 Quid
1559 3567 1638 3624 tillim
1650 3611 1658 3638 ‚
1672 3569 1727 3627 hac
1740 3573 1852 3650 posita,
1867 3573 1889 3632 ii

260 3655 385 3721 cessario
398 3661 569 3718 arescerent.
582 3657 609 3716 Si
631 3657 698 3730 quis
713 3657 783 3716 talio
800 3657 953 3716 admittere
968 3659 1052 3722 nullo
1094 3663 1195 3707 versus
1213 3649 1353 3706 narranti
1366 3648 1523 3724 ixillitum,
1536 3666 1599 3713 11⁰ss
1618 3649 1708 3714 fuisse
1727 3653 1774 3732 (at
1792 3671 1889 3729 quatt-

259 3741 369 3799 idoneo
381 3743 451 3801 teste
463 3755 523 3798 non
538 3737 669 3808 dubitat,
684 3753 784 3798 nonne
798 3738 844 3796 hie
860 3739 972 3800 bellum
986 3742 1053 3814 phi.
1095 3729 1797 3813 donami)arbusitiduiherhas,neopiuvt't1m
1818 3739 1888 3802 des-

259 3822 402 3902 iosophim
421 3821 562 3882 indixisse
581 3820 639 3882 dici
652 3822 767 3894 potest?
780 3823 881 3881 Nonne
899 3823 931 3880 id
952 3827 1053 3888 conari
1094 3816 1243 3886 erudisse,
1260 3833 1314 3874 neo
1331 3832 1472 3895 vaporem
1487 3817 1548 3896 (aui
1562 3818 1689 3894 iontem)
1702 3821 1869 3884 aseendisse
1878 3871 1889 3902 ,

258 3905 430 3978 hujusmodi
444 3904 560 3983 sapiens
574 3904 700 3974 uidetur,
715 3909 747 3963 ut
761 3903 950 3980 Scriptorum,
960 3923 1052 3982 quam
1094 3903 1163 3955 suni
1174 3915 1261 3955 merae
1272 3899 1441 3972 negationes
1455 3917 1522 3978 qum
1533 3901 1608 3959 nihil
1617 3918 1672 3962 uos
1681 3903 1801 3978 decenn
1813 3911 1888 3988 quin

258 3991 340 4066 sequi
354 4006 384 4050 se
398 3988 535 4060 affirmet,
546 3993 657 4049 naturae
667 3989 770 4048 studiis
780 3991 1052 4064 opponethorum-
1094 3987 1122 4039 et
1136 3982 1167 4038 in
1180 3996 1308 4040 01'1‘0l0ffl
1326 3983 1465 4044 inducere
1484 3985 1628 4056 legentem
1649 3994 1796 4062 possunt:
1816 4007 1889 4056 nam

258 4089 316 4146 que
330 4074 456 4136 cultures
478 4090 496 4132 a
517 4072 577 4134 fide
595 4071 707 4130 alienos
720 4070 806 4130 faeiat
815 4115 825 4144 ‚
840 4073 912 4134 dum
927 4075 990 4153 ipse
1011 4076 1051 4137 ab
1093 4079 1161 4121 cum
1179 4067 1309 4124 miraliO
1327 4067 1364 4124 ὅθ
1385 4070 1452 4124 ⁰li¹1
1465 4067 1594 4130 hOltlissiS
1608 4076 1711 4148 posita
1735 4081 1889 4151 sequatur,

257 4158 299 4214 eis
320 4157 479 4218 irridetur?
503 4175 518 4216 e
536 4159 677 4218 Nonium
698 4156 857 4214 molestum
877 4160 934 4228 est,
953 4159 1051 4219 dianna
1092 4147 1308 4208 adduceremur
1325 4151 1364 4208 ad
1375 4151 1567 4222 credendum>
1581 4151 1661 4209 ¹1¹¹ssss
1675 4155 1772 4231 ipsum
1788 4173 1889 4224 lerum

258 4257 326 4300 oum
349 4241 528 4312 Augustino,
549 4241 633 4317 quod
656 4256 755 4302 errans
778 4241 870 4300 homo
888 4243 1050 4318 deridetur,
1092 4237 1200 4289 siolum
1211 4233 1308 4307 primo
1318 4233 1432 4292 honrini
1441 4251 1472 4290 se
1483 4235 1635 4309 obtulisse,
1646 4241 1837 4318 quenulae-tus
1850 4247 1890 4302 est

258 4325 310 4382 sed
324 4323 408 4398 qnod
421 4327 554 4385 auctores
569 4323 662 4382 nostri
681 4323 720 4382 ab
734 4325 776 4380 eis
784 4366 794 4396 ,
809 4324 861 4396 qui
878 4324 950 4382 foris
967 4331 1052 4398 sunt,
1092 4320 1123 4372 in
1134 4320 1253 4372 arrtmem
1266 4321 1396 4376 sinautem
1410 4311 1458 4392 (3).
1472 4317 1562 4390 igitur
1576 4317 1602 4375 si
1614 4334 1690 4376 vers.
1705 4323 1722 4376 5
1737 4326 1764 4378 et
1777 4325 1795 4380 o
1808 4339 1826 4380 a
1840 4340 1890 4383 su·

257 4407 327 4468 iulia
341 4407 464 4466 sensisse
481 4407 658 4480 ereduntur,
681 4411 709 4464 ei
729 4423 797 4464 eum
816 4422 926 4478 magno
946 4422 1051 4466 eorum
1091 4400 1469 4472 perioribusseJungentur,
1484 4401 1606 4457 omniuo
1620 4405 1662 4458 est
1675 4404 1833 4475 rejicienda
1844 4408 1889 4465 is·

256 4492 356 4559 exitio,
368 4493 544 4568 dequorum
558 4487 652 4547 salute
666 4491 835 4562 sategimus,
849 4494 993 4564 tanquam
1005 4489 1051 4552 in·
1091 4483 1233 4540 tlusmodi
1253 4484 1387 4556 negaii03
1404 4491 1433 4540 et
1454 4499 1556 4541 sensus
1577 4485 1655 4543 erit:
1680 4507 1694 4540 u
1712 4488 1889 4568 Priusquam

257 4575 337 4637 doen
362 4575 616 4654 reprehenduntur
641 4576 731 4650 atque
756 4579 935 4647 respuuntur
961 4573 1008 4653 (t).
1030 4593 1048 4634 u
1091 4567 1289 4640 germinarent
1302 4567 1423 4623 arbusta
1436 4572 1464 4624 et
1477 4567 1616 4640 herbam»
1632 4567 1680 4626 vei
1695 4587 1703 4626 ε
1721 4572 1888 4634 silendum

454 4663 466 4672 -
1091 4650 1328 4721 germinaverunt
1349 4651 1503 4708 arbusta...
1519 4651 1576 4712 Sed
1595 4667 1690 4734 vapor
1709 4655 1890 4720 ascendebat

289 4781 325 4844 (t)
340 4779 460 4830 ‹Dubite
472 4791 505 4829 eu
517 4777 620 4842 negatio
631 4777 713 4842 repeti
729 4776 806 4841 parsit
822 4776 854 4828 sb
868 4789 919 4828 uuo
930 4791 1004 4834 uersa
1015 4781 1049 4830 ed
1091 4734 1128 4789 de
1150 4737 1228 4790 [em
1243 4733 1283 4790 ad
1304 4731 1519 4804 ifflssandamffl
1541 4738 1569 4790 “t
1589 4735 1678 4814 hnjus
1700 4751 1757 4816 ⁰9⁹
1777 4738 1888 4815 P¹¹¹Vi⁸³

256 4851 343 4904 alium·
363 4849 483 4912 Exemplo
499 4855 602 4903 ww
623 4847 735 4903 nrum
756 4847 813 4902 vm·
834 4848 964 4904 deluenda
980 4850 1047 4914 apae
1090 4817 1215 4887 gerentis
1230 4815 1323 4912 vices,
1338 4821 1493 4873 creuerunt
1512 4817 1617 4890 stirpes
1637 4833 1655 4874 a
1675 4821 1734 4877 lieo
1754 4819 1886 4894 iaetae3s

256 4922 309 4972 Peli
323 4922 349 4970 in
364 4924 475 4983 sperent.
1089 4902 1156 4957 uel:
1170 4903 1316 4958 «Tametsi
1332 4916 1391 4960 noo
1404 4901 1553 4982 plueret...
1565 4907 1663 4963 tamen
1676 4919 1805 4983 vapor...
1819 4907 1887 4965 irri-

288 4993 322 5054 te)
337 4991 530 5046 traducens
541 4987 784 5054 adtirt.,iib.i,cap.
796 5003 925 5050 summu.
937 4988 1049 5042 ldemeit
1090 4983 1189 5054 gabat.
1207 5002 1222 5036 u
1238 4984 1310 5039 Num
1330 4983 1475 5057 particula
1486 4999 1621 5042 connexa
1637 4994 1650 5046 't
1658 5029 1668 5058 ‚
1689 4993 1716 5044 et
1726 4989 1804 5062 (quae
1819 4993 1888 5048 Pro·

255 5063 338 5118 aiibi:
360 5063 452 5114 acum
474 5061 548 5114 audie
567 5059 732 5112 cirristianum
751 5060 862 5122 alienam
877 5059 981 5110 tratrem
1001 5059 1050 5112 ieta
1091 5071 1147 5124 rens
1161 5070 1360 5138 particularum
1373 5067 1412 5130 ab
1428 5067 1544 5134 stainam
1559 5073 1708 5148 locatur),
1720 5073 1887 5152 alieniando

258 5133 414 5200 (naturalia)
426 5133 576 5184 nescientem
588 5138 614 5180 et
623 5131 689 5182 alind
705 5143 749 5196 pro
761 5130 810 5182 aiio
824 5129 991 5190 seutientem,
1003 5145 1050 5194 po·

256 5205 349 5254 tientes
359 5205 458 5252 intueor
467 5203 612 5265 opinantem
621 5201 761 5258 hominem,
771 5213 817 5255 nee
826 5200 862 5254 itti
872 5201 956 5254 obesse
966 5201 1048 5264 rideo,

255 5289 313 5328 curn
325 5276 356 5326 de
367 5281 400 5338 te,
414 5274 519 5327 Domine
535 5275 637 5326 Creator
647 5271 772 5336 onrrriunr,
784 5285 832 5324 non
840 5273 925 5328 erodat
935 5272 1047 5336 indigna,
1090 5285 1149 5324 uere
1158 5269 1306 5332 arbitretur,
1315 5278 1342 5326 et
1351 5271 1504 5339 pertinerint
1512 5271 1636 5330 affirmate
1645 5273 1723 5334 audet
1733 5275 1802 5342 quod
1812 5277 1884 5348 iguo

255 5347 275 5396 si
284 5347 349 5400 terte
360 5345 424 5400 situs
432 5351 458 5402 et
466 5344 569 5402 habitus
577 5350 698 5402 creaturae
709 5342 845 5408 corporatis
853 5343 960 5408 igrnnet.
973 5341 1049 5399 obest
1089 5349 1137 5396 ret.
1148 5359 1162 5392 u
1179 5343 1287 5403 coruscae.
1303 5341 1334 5404 ll,
1349 5355 1403 5406 cap.
1414 5355 1440 5394 r.

254 5425 355 5481 eutem,
366 5415 387 5466 si
399 5413 447 5466 hoe
461 5415 493 5464 ad
508 5415 588 5477 ipsam
601 5413 721 5464 doetrinae
731 5412 833 5476 pietatis
845 5412 954 5464 formam
964 5411 1046 5478 perti·
1122 5413 1178 5475 <til
1193 5412 1249 5461 Cor.
1265 5425 1308 5474 xr,
1323 5415 1360 5466 tt.
