4020 6026
181 416 316 512 direpta,
330 432 361 489 et
373 443 506 514 msuper
518 446 577 515 pro
587 447 699 516 uxore,
714 449 785 520 que
797 428 875 518 luga
888 427 951 498 siha
963 429 1129 499 considere
1142 449 1208 502 non
1219 439 1377 522 potuerat
1394 425 1598 513 redimenda,
1615 423 1717 494 multa
1728 423 1802 494 mil·

180 527 431 607 liaflorenorum
444 531 621 664 dependere
634 537 848 614 coactusiuit.

137 669 142 682 ·
224 645 325 720 lloses
338 672 403 720 non
416 649 521 723 statim
534 643 727 748 p‘rovolavit,
741 658 796 727 scd
814 678 873 748 per
892 657 1009 748 gradus
1031 651 1172 728 ascendit
1193 652 1265 727 ad
1256 656 1439 749 imperium.
1463 651 1636 728 Primisld
1656 651 1748 722 annis
1766 651 1853 773 instro
1833 668 1920 715 utetur

181 764 253 831 aula
269 765 439 836 Pharaonis
453 770 603 840 educatus
617 765 678 840 suit
690 771 777 840 omni
791 769 945 862 sapientia
957 773 1191 864 AEgyptiorum,
1206 771 1379 863 didicitque
1393 795 1466 842 cum
1481 767 1684 860 magnatibus
1693 789 1852 856 agerem
1814 741 1918 776 ⁰⁰³⁸oe

181 879 333 948 Secundis
347 882 390 951 to
405 885 539 954 annisa
509 907 638 975 pascens
651 909 724 956 oves
737 888 995 976 contemplationi
1009 911 1042 958 sa
1060 887 1170 958 dedit·
1187 888 1261 958 indo
1280 909 1400 958 arritum
1418 909 1459 976 ng
1461 909 1517 955 cns
1534 887 1577 956 80
1581 885 1719 977 ,populi
1730 905 1803 974 pas·

180 994 317 1062 toratum
333 1007 366 1065 et
378 998 528 1068 ducatum
542 1001 630 1070 adiit.
650 1002 737 1071 ldcm
755 1002 831 1070 fecit
852 1005 884 1071 S.
903 1003 1051 1087 Basilius,
1067 1003 1107 1073 do
1121 1021 1185 1094 quo
1199 1005 1232 1073 S.
1245 1003 1461 1074 'Nazianzenus
1477 1026 1485 1070 ι
1509 1028 1527 1067 ιι
1539 1005 1617 1071 Cum
1630 1000 1731 1091 prius,
1742 999 1799 1087 ait,

179 1127 285 1178 sacros
297 1110 396 1181 libros
408 1114 586 1203 lectitasset,
603 1127 636 1185 et
648 1138 759 1186 eorum
773 1119 955 1208 explanator
966 1117 1089 1208 suisset,
1103 1117 1206 1190 lactus
1219 1127 1267 1190 est
1278 1113 1447 1212 presbyter
1458 1116 1500 1188 ab
1517 1121 1716 1207 Hermogene
1727 1115 1802 1207 Epi·

175 1241 273 1314 seopo
287 1227 514 1317 caesareensi»
531 1241 592 1300 eto.

137 1371 139 1378 ·
221 1338 294 1409 Pari
306 1342 402 1411 modo
412 1342 522 1414 laudat
539 1347 574 1416 S.
597 1348 778 1418 Cornelium
800 1349 984 1418 Pontificem
1004 1352 1185 1419 Romanum
1206 1351 1241 1420 S.
1256 1348 1443 1440 Cyprianus,
1457 1347 1516 1419 lib.
1531 1350 1586 1436 Ν,
1599 1347 1694 1438 epist.
1714 1347 1738 1420 2
1757 1350 1803 1419 ott

177 1451 423 1527 Antonianum:
441 1461 532 1530 alste
545 1453 727 1556 (Cornelius)
739 1459 855 1554 inquit,
870 1463 912 1532 ad
935 1459 1152 1556 episcopatum
1172 1483 1238 1535 non
1261 1461 1369 1534 subito
1382 1461 1544 1554 pervenit,
1558 1461 1616 1534 sed
1626 1463 1802 1556 peremnia

68 1594 76 1613 ·
176 1561 282 1640 officia
293 1569 510 1644 Ecclesiastico
525 1587 707 1668 promotus,
723 1588 754 1646 et
771 1577 807 1646 in
820 1574 938 1648 divinis
954 1577 1283 1649 administrationibus
1304 1578 1475 1649 [lominum
1493 1599 1577 1670 saepe
1593 1574 1799 1670 promeritus,

176 1681 219 1753 ad
226 1683 394 1756 sacerdotii
402 1687 541 1759 sublime
552 1685 719 1781 fastigium
726 1687 849 1764 cunctis
862 1689 1028 1784 religionis
1035 1693 1191 1784 gradibus
1202 1693 1357 1764 ascendit.
1367 1694 1450 1764 'lum
1459 1691 1576 1764 deinde
1584 1691 1802 1786 episcopatum

175 1793 283 1892 ipsum
294 1823 354 1872 uec
366 1798 546 1894 postularit,
560 1827 620 1876 nee
634 1801 747 1896 voluit,
760 1829 820 1880 nec
833 1813 871 1878 ut
882 1807 988 1880 ιιιιιιι
999 1831 1080 1902 quos
1091 1810 1282 1900 arrogantia
1291 1821 1323 1878 et
1334 1807 1491 1900 superbias
1504 1818 1686 1880 suatumor
1696 1807 1799 1889 inflat,

176 1913 292 1988 invent
306 1945 316 1988 a
331 1911 388 1989 sed
406 1914 531 2012 quietus
549 1927 582 1990 et
601 1919 784 2010 modestus,
800 1931 832 1992 et
845 1925 955 2016 quales
967 1946 1035 1996 esse
1056 1936 1289 1995 consueverunt
1301 1924 1359 2017 qui
1374 1921 1514 1994 adhunc
1529 1923 1638 1995 locum
1651 1921 1802 1995 divinitus

177 2029 352 2124 eliguntur,
366 2055 425 2128 pro
437 2032 560 2126 pudore
571 2035 739 2128 virginalis
752 2035 951 2108 conscientia
965 2061 1040 2128 sua,
1057 2051 1090 2109 et
1101 2061 1160 2131 pro
1173 2037 1515 2130 humilitateingenitte
1524 2035 1629 2110 sibiet
1638 2035 1803 2110 custodita
1906 2079 1908 2082 ·

175 2144 387 2238 verecundie,
401 2135 467 2221 uon
478 2161 515 2222 ut
526 2151 669 2244 quidam,
682 2147 750 2223 vim
761 2153 849 2241 feeit,
863 2164 901 2222 ut
914 2151 1090 2246 Episcopus
1101 2155 1204 2242 fieret,
1216 2153 1272 2224 sed
1284 2153 1353 2243 ipse
1365 2153 1432 2223 vim
1446 2173 1558 2246 passus
1571 2163 1620 2225 est
1631 2165 1669 2225 ut
1680 2155 1803 2250 episco-

175 2271 287 2356 patum
299 2259 512 2358 susciperet.»
528 2267 640 2338 Nonne
652 2265 740 2339 hisce
759 2263 866 2339 verbis
880 2269 998 2360 quibus
1013 2267 1193 2340 Cornelium
1201 2320 1212 2357 ,
1221 2278 1253 2338 te
1267 2290 1412 2361 quoque,
1423 2265 1800 2359 lllustrissinrollomine,

175 2385 312 2474 tuosque
325 2379 487 2472 virgineos
500 2402 604 2452 mores
617 2375 762 2474 depingit
774 2381 807 2454 S.
819 2381 1189 2476 Cyprianus‘ldradatim
1203 2381 1245 2454 ad
1257 2383 1381 2476 apicem
1390 2381 1561 2455 sacerdotii
1570 2382 1799 2456 conscendisti:

176 2495 283 2566 Primo
297 2497 501 2586 oenomaum,
521 2506 554 2569 et
564 2495 760 2569 sacerdotem
775 2495 869 2590 egisti
887 2521 953 2570 non
972 2495 1110 2571 inertem
1123 2503 1155 2572 ct
1167 2497 1317 2587 otiosum,
1332 2493 1390 2569 sed
1410 2497 1569 2570 familiam
1581 2499 1733 2591 religiose
1751 2497 1802 2570 in·
1877 2503 1878 2506 ’

175 2609 350 2703 stituendo,
365 2607 616 2686 confessionibus
628 2613 796 2684 audiendis
809 2613 969 2704 vacando,
983 2613 1097 2687 studiis
1113 2611 1355 2704 incumbendo,
1369 2613 1555 2708 psalmodiae
1567 2611 1690 2708 jugiter
1700 2613 1801 2688 iube-

174 2723 296 2821 rendo,
310 2723 451 2800 consiliis
463 2751 554 2822 aque
569 2751 608 2800 ae
620 2729 830 2822 eleemosynis
846 2725 975 2822 indigos
988 2729 1187 2824 adjuvando,
1201 2727 1425 2822 hospitalitatis
1437 2740 1471 2802 et
1483 2727 1710 2802 misericordia
1726 2747 1803 2824 ope·

174 2839 265 2914 ribus
276 2836 462 2917 insistendo.
477 2840 550 2915 ilaec
560 2842 715 2916 innocens
726 2854 759 2917 et
770 2867 852 2938 pura
863 2867 1003 2940 aqueae
1016 2847 1180 2918 charitatis
1193 2845 1296 2920 etzeli
1308 2843 1402 2940 piena
1414 2843 1481 2918 vita
1493 2841 1802 2940 omniumsuffragia

93 2951 98 2962 ’
174 2958 301 3048 exurit,
316 2969 353 3030 ut
364 2969 397 3032 te
408 2961 443 3030 ιι
456 2959 616 3032 decanum
638 2959 916 3056 Metropolitanum
929 2961 1076 3036 Ecclesia
1092 2960 1330 3036 blechliniensis
1348 2961 1543 3055 deligerent,
1560 2985 1627 3058 quo
1639 2957 1710 3035 loeo
1722 2961 1802 3058 quid

174 3070 355 3167 prestiteris
365 3077 542 3147 etiamnum
554 3076 673 3149 chorus
685 3088 717 3150 et
728 3079 832 3150 clerus
842 3075 1088 3169 llechliniensis,
1105 3080 1163 3172 qui
1172 3080 1233 3150 toti
1245 3077 1356 3168 belgio
1367 3079 1495 3150 virtutis
1515 3086 1549 3150 et
1576 3075 1744 3169 religionis
1752 3090 1802 3152 est

174 3192 352 3284 speculum,
365 3213 419 3262 me
431 3191 720 3288 tacenteloquitur.
739 3191 811 3264 blox
824 3187 866 3264 ab
878 3189 1096 3265 Illustrissimo
1118 3192 1366 3286 Arohiepiscopo
1385 3191 1605 3264 lleohliniausi
1622 3204 1748 3267 oreatus
1766 3215 1802 3266 es

173 3303 319 3380 licerius
331 3307 500 3400 generalis,
519 3331 584 3402 quo
602 3303 638 3380 in
659 3329 794 3381 munere
815 3315 917 3380 totam
936 3305 1082 3380 Ecclesia
1094 3307 1207 3400 praxin
1220 3303 1403 3402 pervidisti,
1418 3315 1452 3379 et
1463 3309 1662 3400 pertractasti
1674 3307 1798 3401 aalide,

174 3417 351 3514 diligentia,
364 3423 470 3516 gretia
491 3431 523 3495 et
535 3425 733 3514 dexteritate,
747 3429 785 3496 ut
798 3421 922 3516 ubique
942 3415 1143 3518 distiplinarn
1162 3419 1415 3494 Ecclesiastieam
1435 3422 1636 3514 restitueres,
1652 3447 1798 3518 augeres,

174 3541 323 3626 sancires,
339 3536 456 3630 dignus
469 3547 556 3610 tauto
568 3541 722 3632 magistro
736 3537 926 3634 discipulus,
940 3561 1006 3632 qua
1016 3540 1053 3609 in
1064 3561 1101 3611 re
1119 3537 1203 3610 illud
1220 3537 1284 3608 suit
1304 3534 1524 3629 memorabile,
1538 3545 1570 3609 te
1582 3540 1712 3632 utrique
1728 3563 1803 3615 mu·

174 3655 245 3724 neri
256 3654 300 3724 ita
313 3667 419 3726 erecte
432 3653 635 3744 satisfecisse,
651 3664 690 3727 ut
710 3678 769 3727 nee
788 3655 906 3727 chorus
926 3677 1023 3726 suum
1042 3676 1185 3748 unquam
1201 3655 1379 3744 Decanum,
1396 3673 1456 3726 neo
1473 3647 1617 3726 trecens
1638 3655 1801 3732 vicarium

174 3767 362 3861 requireret.
377 3764 506 3842 Primus
518 3792 644 3862 semper
655 3791 726 3841 eras
736 3771 772 3840 in
784 3769 901 3859 choro,
915 3767 951 3841 in
963 3765 1069 3840 media
1086 3790 1214 3862 quoque
1230 3770 1367 3860 hyeme,
1381 3784 1508 3838 summo
1524 3770 1662 3862 frigore,
1676 3774 1802 3846 etiamsi

173 3907 307 3980 peregre
320 3909 359 3956 ex
370 3887 550 3956 visitatione
566 3888 669 3956 lessus
682 3886 814 3957 domum
827 3885 965 3976 redires,
980 3887 1106 3956 nullam
1118 3885 1245 3976 corpori
1265 3885 1438 3974 indulgens
1450 3884 1603 3978 quietem.
1618 3889 1685 3958 lloo
1697 3891 1801 3980 gradu

172 4001 216 4075 ed
233 4003 447 4097 episcopatum
465 3999 665 4074 Gandensem
684 4025 704 4074 a
725 3999 934 4074 Serenissimo
945 4001 1127 4076 Archiduce
1142 4007 1272 4090 nostro,
1287 4001 1343 4091 qui
1358 3999 1393 4068 in
1406 3999 1600 4072 Presulibus
1621 3999 1801 4096 deligendis
1894 4025 1901 4044 ·
1931 4009 1933 4012 ’

173 4142 247 4192 acre
261 4123 294 4190 et
305 4117 467 4209 singulare
489 4115 621 4189 adhibet
628 4114 802 4210 judicium,
817 4139 878 4189 nec
898 4113 1078 4210 quidquam
1100 4118 1228 4207 gratie,
1244 4123 1300 4185 aut
1311 4111 1479 4206 sanguini,
1494 4112 1552 4186 sed
1571 4123 1676 4189 totum
1688 4120 1801 4192 virtuti

173 4231 330 4326 concedit,
344 4247 490 4306 evocatus
501 4256 549 4324 es,
563 4235 599 4304 ιι
612 4231 775 4327 quoteita
787 4231 892 4304 ιιιιιιι
905 4243 938 4305 et
947 4231 1007 4305 toti
1018 4228 1130 4324 Belgio
1142 4231 1297 4325 probasti,
1313 4242 1350 4303 ut
1358 4227 1479 4324 jamad
1490 4228 1801 4330 archiepiscopatum
1930 4224 1934 4316 ᾗ

173 4347 405 4440 nonintiteris,
422 4345 748 4444 sedpenocogaris.

217 4465 340 4540 Moses
330 4489 365 4537 ru
378 4463 502 4538 deserto
515 4487 580 4538 sua
591 4460 916 4559 perfectionivacarit
934 4471 1106 4560 antequem
1127 4468 1281 4538 ducatum
1294 4471 1486 4558 capesseret,
1500 4476 1538 4537 ut
1556 4467 1744 4562 perlaetus
1732 4489 1802 4564 apso
1820 4489 1917 4535 ιιιιιιιι

173 4581 338 4683 perliceret
354 4581 446 4654 alios.
471 4581 505 4654 S.
529 4577 665 4653 basilius
684 4583 785 4652 lloscs
806 4581 1011 4674 evangelicus
1031 4582 1119 4652 idem
1137 4603 1219 4674 praes
1220 4577 1293 4650 titit.
1316 4579 1368 4651 Sic
1386 4580 1475 4650 enim
1494 4575 1535 4653 de
1550 4602 1585 4653 ea
1602 4581 1743 4654 scribit
1732 4606 1801 4678 rpse
1813 4551 1918 4656 dom

173 4703 269 4798 epist.
285 4701 328 4772 79
342 4699 480 4773 oclEttst
480 4699 632 4770 cebium.
650 4698 791 4769 olnveni
804 4719 882 4769 sane
895 4698 1016 4768 multos
1034 4694 1178 4792 (ascetae)
1191 4691 1535 4788 apuddlerandriam3
1550 4693 1802 4772 aliosiuPalaes·

173 4815 255 4906 tina,
264 4815 318 4887 et
308 4838 343 4885 ιι
351 4811 518 4908 Coelesynu
531 4825 563 4884 et
573 4813 817 4906 Mesopotamia,
831 4834 969 4906 quorum
987 4812 1165 4884 admiratus
1180 4833 1253 4883 sum
1267 4821 1336 4881 tum
1350 4808 1386 4881 in
1400 4809 1558 4884 servanda
1574 4812 1802 4907 dietatempe·

173 4930 329 5022 rentium,
342 4944 413 5003 tum
426 4928 463 5002 in
474 4927 632 5002 obeundis
651 4925 816 5000 laboribus
826 4928 1046 5019 tolerantiam
1060 4928 1103 4999 ad
1116 4949 1256 5022 quorum
1272 4923 1423 5020 obstupui
1442 4925 1598 5022 precandi
1612 4929 1756 5021 rigorem
1769 4940 1802 5002 ot

173 5045 386 5140 consmutiam
400 5073 410 5120 a
425 5065 501 5120 cum
512 5045 726 5135 observarem,
739 5065 804 5139 quo
815 5055 908 5138 pacto
920 5067 980 5117 nee
994 5042 1204 5135 somnovicti,
1215 5066 1275 5116 nee
1288 5043 1467 5135 aliquaalia
1476 5052 1600 5114 natura
1610 5045 1800 5116 necessitate

173 5165 301 5255 deflexi,
316 5163 488 5236 sublimem
502 5184 628 5258 semper
639 5172 672 5234 et
682 5161 839 5233 invictum
862 5159 964 5234 animi
980 5183 1110 5233 sensum
1129 5161 1165 5231 in
1187 5159 1272 5231 tame
1292 5171 1325 5230 et
1337 5156 1410 5250 siti,
1423 5159 1460 5230 in
1478 5159 1598 5252 lrigore
1613 5169 1647 5232 ιι
1658 5160 1801 5233 nuditate

174 5289 348 5356 serenent.
361 5273 708 5366 Cumillaadmirarer,
722 5272 885 5371 vitamque
896 5279 1038 5350 virorum
1046 5277 1177 5350 illorum
1188 5275 1232 5348 ob
1244 5274 1280 5346 id
1291 5273 1419 5346 beatam
1427 5273 1621 5368 judicarem,
1631 5277 1718 5369 quod
1730 5277 1800 5370 ipso

175 5421 271 5494 opere
289 5419 325 5470 se
342 5396 619 5470 mortificationem
639 5399 715 5468 lesu
731 5394 937 5468 ιιιιιιιιιιιι
954 5395 1172 5485 declararent,
1190 5391 1360 5484 cupiebam
1379 5401 1413 5460 et
1429 5391 1517 5482 ipse,
1540 5399 1696 5482 quantum
1716 5391 1799 5461 mihi
