4182 6044
704 337 955 444 'coqubullltll
974 383 1006 440 tlt
1024 382 1178 452 probuti,
1196 395 1258 440 car.
1278 382 1321 439 lll.
1779 379 1834 436 tat

200 501 256 548 nos
266 501 324 564 pro
336 489 397 546 Deo
409 486 459 546 hic
470 501 637 564 pereamus,
646 503 684 547 ne
693 502 848 563 pereamus
860 489 891 548 in
902 504 972 550 orco
986 506 993 546 :
1038 487 1138 547 braice
1150 491 1209 557 est,
1224 491 1348 545 cantetis
1358 528 1368 557 ‚
1380 484 1461 542 cultu
1473 483 1610 542 videlicet
1622 481 1715 540 latrice
1722 522 1732 552 ,
1748 483 1832 552 cujus

201 570 320 630 afflictio
333 571 383 630 hic
395 573 501 645 perdat
514 588 581 642 nos,
594 589 632 629 na
644 574 750 646 perdat
762 590 818 630 nos
830 574 975 644 gehenna.
1039 573 1144 630 unicus
1164 574 1247 630 actus
1264 571 1391 630 exterior
1408 572 1451 625 est
1464 567 1635 636 immolare,
1650 565 1711 622 sive
1724 565 1834 622 sacriti-

85 667 140 713 ειη
154 673 185 713 to.
238 656 346 713 tasso
366 669 450 725 aaut,
469 669 505 712 ar
526 669 633 712 urrrau
655 669 690 711 ra
709 671 746 714 an
761 659 945 714 Pnannouau.
958 683 996 698 -
1039 671 1105 713 cara
1118 674 1126 712 ε
1141 656 1199 714 hoc
1218 658 1317 714 autem
1339 654 1379 714 ita
1398 652 1494 729 reipsa
1517 650 1647 710 evenisse
1667 651 1748 724 patet
1765 663 1831 722 cap.

201 741 275 796 [teus
288 738 337 796 lric
350 739 463 810 Mosen,
478 737 608 795 numinis
624 737 656 794 iu
673 738 751 795 rubo
770 739 938 812 apparentis
950 754 996 795 re-
1038 753 1115 809 axrv,
1129 754 1205 796 vers.
1221 741 1249 796 3.
1587 757 1590 766 ·

200 821 330 880 verentia
350 825 378 879 et
397 821 501 879 timore
520 820 709 895 perculsum,
723 821 907 880 familiariori
925 822 996 880 vici·
1074 824 1484 892 13281nrrrnrrrurnr:Quon
1500 838 1549 882 aar
1560 835 1655 880 uouru
1665 821 1750 877 rausi
1763 833 1832 888 Quin
1845 827 1904 872 teu.
1917 831 1949 876 ra.

201 906 337 979 niorique
350 920 511 979 congressu
525 905 564 962 ad
578 920 608 962 sa
622 905 749 964 invitans
764 907 857 976 erigit.
868 909 909 962 lta
924 921 994 962 sane
1038 919 1125 964 uictu
1143 908 1206 964 ars‘t
1218 937 1253 949 -
1271 907 1454 964 Satisiactunr
1472 908 1534 979 jam
1553 922 1571 963 a
1588 908 1645 962 lieo
1666 906 1727 961 erat
1743 903 1832 973 blasi,

200 989 295 1061 illius,
317 1005 418 1048 coram
437 991 496 1046 lieo
516 988 621 1046 faciem
640 1003 725 1047 suam
740 989 884 1059 vetantis,
897 987 995 1046 efferri
1037 1003 1091 1062 per
1116 989 1235 1060 signnm
1262 990 1474 1049 immolationis
1499 989 1590 1063 paulo
1616 990 1683 1046 aute
1707 985 1810 1044 datum
1822 1005 1832 1058 3

199 1071 350 1130 humilitas
364 1073 488 1144 meruit,
504 1075 536 1130 ut
549 1071 688 1146 deinceps
704 1088 756 1130 ore
776 1074 813 1130 ad
833 1088 884 1142 os,
899 1076 926 1128 et
940 1085 993 1144 pa·
1038 1087 1118 1130 nunc
1131 1075 1223 1131 lloscs
1239 1074 1355 1132 laborat
1367 1073 1522 1146 quomodo
1536 1069 1693 1128 satisfaciat
1706 1069 1831 1144 popula,

200 1155 261 1213 lam
274 1172 344 1214 cum
358 1159 416 1214 Deo
427 1154 678 1215 confabularetur.
1036 1159 1181 1228 rogatque
1204 1172 1315 1214 nomen
1336 1172 1366 1212 se
1389 1156 1533 1228 legantis,
1559 1155 1644 1228 quod
1664 1153 1749 1211 dictis
1771 1154 1832 1210 suis

82 1254 140 1300 ren.
154 1259 185 1299 u.
235 1242 281 1298 ll.
301 1243 437 1308 llrxrrour
456 1242 568 1298 llorsrs
582 1254 619 1296 an
634 1243 713 1297 Danu
735 1257 741 1295 :
760 1241 830 1308 Quis
849 1253 903 1296 suu
918 1240 994 1297 aaot
1036 1237 1189 1312 praeferat,
1205 1255 1327 1314 quoque
1349 1240 1477 1296 maxime
1498 1237 1642 1312 appellari
1662 1236 1732 1295 velit
1755 1239 1831 1294 Deus

200 1353 236 1367 -
253 1341 280 1395 q.
300 1325 330 1379 ct.
356 1327 416 1397 Ego
430 1324 532 1381 nullus
554 1338 638 1391 sum,
659 1327 688 1380 ct
705 1323 794 1396 plane
821 1323 936 1394 ineptus
954 1322 994 1378 ad
1036 1322 1119 1395 apud
1133 1323 1295 1394 israelitas,
1310 1328 1343 1380 ut
1356 1324 1399 1380 illi
1413 1325 1543 1380 credant.

198 1407 275 1464 hanc
289 1407 487 1479 legationem:
502 1411 545 1463 est
565 1405 710 1463 confessio
730 1405 908 1462 infirmitatis
925 1420 993 1477 pro·
1072 1407 1145 1463 Nota
1166 1424 1173 1460 :
1197 1409 1272 1462 Deus
1290 1423 1351 1464 non
1371 1411 1436 1478 eget
1458 1407 1578 1462 nominc
1604 1404 1745 1479 proprio,
1768 1409 1832 1462 tum

199 1491 270 1566 pria
291 1491 426 1547 modesta
443 1494 471 1547 et
491 1487 621 1546 humilis.
638 1488 750 1546 Sciebat
773 1489 864 1545 lloscs
882 1504 912 1544 sc
929 1489 992 1559 jam
1036 1488 1108 1562 quia
1121 1504 1199 1546 unus
1215 1494 1272 1560 est,
1286 1493 1349 1547 tum
1363 1491 1434 1562 qula
1448 1489 1607 1547 ineffabilis
1622 1492 1675 1547 est.
1691 1489 1772 1546 Unde
1785 1491 1833 1546 lit-

199 1573 271 1631 olim
285 1575 325 1630 ad
337 1574 395 1630 hoc
409 1589 518 1629 munus
532 1589 550 1629 a
563 1575 620 1629 Deo
635 1571 781 1630 delectum
798 1588 877 1640 asso,
891 1571 933 1627 uti
946 1588 993 1629 os·
1035 1573 1112 1629 talus
1125 1575 1233 1646 lilarlyr
1244 1590 1298 1647 per
1309 1577 1513 1646 contemptum
1525 1577 1645 1644 rogatus
1659 1588 1678 1629 a
1691 1577 1831 1644 tyrann0,

199 1657 278 1714 tendi
292 1673 357 1731 cap.
373 1672 414 1728 u,
429 1672 505 1714 vers.
520 1657 565 1712 li.
578 1658 642 1712 Non
656 1671 727 1726 ergo
743 1657 791 1712 hic
806 1655 992 1712 vocationem
1034 1657 1239 1730 quodnomen
1249 1657 1370 1715 baberet
1382 1658 1475 1714 licus?
1486 1656 1657 1730 respondit:
1672 1656 1751 1724 «Qui
1764 1656 1832 1728 plu-

198 1743 248 1799 llei
261 1743 416 1812 detrectat,
431 1742 484 1798 sed
495 1756 581 1798 suam
594 1739 813 1810 infirmitatem,
828 1745 878 1796 aut
891 1740 992 1813 potius
1035 1753 1082 1797 res
1105 1745 1192 1812 sunt,
1217 1741 1391 1798 nominibus
1416 1742 1630 1810 decernuntur;
1656 1740 1708 1813 qui
1731 1744 1830 1821 autern

197 1825 421 1898 ineptitudinem
437 1825 481 1882 illi
493 1824 678 1898 obsequendi
689 1828 718 1881 et
728 1823 925 1880 satisfaciendi
938 1824 993 1880 hu·
1035 1837 1115 1882 uuus
1133 1828 1191 1895 est,
1214 1839 1276 1882 non
1294 1825 1408 1896 indiget
1424 1825 1586 1881 nomine.»
1607 1826 1648 1881 lta
1670 1822 1831 1893 Eusebius,

197 1908 303 1965 militer
316 1910 374 1964 lieo
391 1907 564 1977 confitetur,
581 1906 676 1964 utillo
696 1906 744 1963 vel
757 1905 849 1963 alium
864 1905 990 1978 deligat,
1034 1905 1088 1964 lib.
1107 1909 1142 1964 lll
1153 1911 1258 1966 Hister.
1274 1924 1340 1982 cap.
1361 1924 1404 1965 ur.
1424 1908 1565 1980 Euagrius
1583 1923 1653 1965 vero
1667 1908 1831 1980 Episcopus

194 1989 244 2048 vel
255 1991 331 2049 vires
345 1995 373 2048 et
385 1990 582 2065 aptitudinem
597 1990 697 2047 donet.
1034 2006 1104 2048 cum
1117 1992 1154 2048 de
1170 1992 1321 2050 divinitate
1341 1992 1464 2066 quaestio
1480 1992 1623 2049 incideret
1638 2010 1645 2046 ε
1663 2009 1676 2044 a
1690 1993 1750 2062 Ego
1765 1990 1830 2064 qui-

229 2075 376 2133 lloraliter
393 2075 462 2131 binc
483 2075 582 2144 disce,
601 2077 772 2130 cunctanter
796 2077 824 2130 et
844 2089 914 2130 cum
934 2078 991 2133 tre·
1034 2075 1122 2145 dem,
1137 2075 1193 2147 ait,
1209 2075 1393 2133 divinitatem
1409 2075 1611 2132 definiendam
1629 2091 1690 2131 non
1704 2091 1767 2130 esse
1784 2091 1830 2130 as·

195 2173 293 2230 more,
317 2162 345 2216 et
369 2158 488 2216 nonnisi
514 2161 638 2214 vocante
663 2159 741 2228 beo,
767 2156 991 2230 suscipiendum
1033 2172 1117 2228 sero,
1133 2157 1261 2234 ideoque
1285 2159 1390 2215 silentii
1413 2162 1527 2216 tantum
1550 2158 1681 2216 oratione
1703 2158 1830 2215 adoran-

196 2257 382 2299 assemanus
398 2239 520 2313 regendi
534 2239 734 2312 pascendique
751 2239 825 2296 alios
842 2258 849 2296 :
869 2241 991 2300 minime
1033 2240 1114 2310 dam,
1127 2241 1198 2314 quia
1208 2241 1366 2298 ineffabilis
1377 2247 1455 2299 est.»
1468 2243 1511 2298 lta
1522 2243 1663 2302 Socrates.
1676 2241 1747 2297 Vide
1758 2255 1829 2311 crgo

195 2342 266 2384 vero
288 2325 501 2396 ambiendum3
523 2324 561 2379 de
581 2339 643 2396 quo
662 2323 731 2380 vida
752 2323 779 2380 S.
799 2324 990 2397 Gregorium,
1031 2323 1080 2382 bio
1094 2324 1294 2395 dignationem
1309 2326 1369 2396 Dei,
1383 2326 1436 2399 qui
1450 2326 1614 2384 adnomen
1626 2329 1773 2396 nostrum,
1785 2325 1829 2382 uti

196 2409 477 2483 lpartePastoratis.
534 2454 538 2460 .
1032 2409 1062 2462 et
1074 2407 1278 2481 colloquium,
1293 2425 1324 2466 se
1339 2409 1468 2468 dimittit.

73 2509 128 2553 ma
148 2513 181 2555 ra.
230 2493 275 2550 li.
289 2496 329 2549 Er
342 2507 398 2550 aoc
411 2507 525 2550 aramis
537 2506 640 2551 sranuu
651 2506 728 2560 quon
742 2507 858 2550 ursanus
869 2507 917 2550 ra:
931 2509 988 2551 cau
1067 2491 1112 2546 li.
1128 2491 1187 2550 Euo
1200 2505 1255 2550 suu
1270 2506 1319 2560 our
1335 2507 1400 2548 suu.
1414 2523 1449 2536 -
1464 2495 1547 2565 llugo
1561 2492 1724 2550 victorinus
1738 2494 1827 2550 sensit
1840 2503 1900 2549 tera.
1912 2510 1943 2553 ιθ

195 2591 332 2637 rnuxrnrs
344 2592 472 2634 roruuuu
484 2579 992 2647 uruunnAEcrrro‚1uuocaaraliro
1031 2573 1124 2631 Deum
1140 2574 1189 2630 lric
1208 2589 1270 2632 non
1290 2575 1453 2645 declarare,
1472 2576 1525 2634 sed
1542 2577 1642 2650 potius
1663 2591 1733 2632 cum
1754 2592 1827 2649 qua-

193 2676 280 2720 suran
292 2677 407 2720 uournu
422 2675 505 2718 rsruu
513 2676 665 2734 ,-super
678 2661 756 2718 Sina.
772 2663 856 2731 Hugo
870 2662 990 2719 Victori·
1031 2656 1102 2715 dam
1122 2659 1272 2729 majestate
1290 2658 1375 2717 silere
1390 2676 1478 2718 suum
1498 2676 1626 2731 nomen,
1640 2662 1672 2717 ut
1688 2660 1713 2716 si
1729 2660 1827 2731 gravis

193 2747 302 2803 nussia
316 2745 459 2820 explicat,
474 2745 560 2820 quasi
575 2745 683 2802 dIceret
699 2763 706 2800 ι
722 2743 802 2802 lllius
816 2745 901 2818 quod
914 2746 987 2817 (lixi,
1031 2740 1131 2814 aliqua
1144 2757 1272 2814 persona
1285 2747 1389 2814 rogata
1406 2745 1444 2802 de
1458 2744 1579 2802 nomine
1587 2785 1597 2814 ,
1610 2743 1803 2816 responderet
1818 2762 1825 2800 :

191 2829 325 2887 videlicet
342 2829 426 2903 quod
440 2828 497 2886 sim
514 2827 631 2885 tuturus
648 2831 746 2886 mcum
764 2828 795 2884 in
815 2827 987 2887 liberatione
1030 2824 1101 2882 Sum
1113 2826 1167 2898 qui
1181 2841 1268 2896 sum,
1282 2828 1369 2900 quasi
1384 2827 1463 2886 dicat
1478 2846 1486 2886 :
1502 2830 1598 2886 vocor
1610 2832 1644 2884 ut
1656 2844 1756 2885 vocor.
1771 2829 1826 2884 Ve-

191 2915 321 2983 israelis,
334 2915 392 2971 hoc
407 2912 517 2970 habeto
532 2911 650 2982 signum
658 2954 667 2984 ,
682 2911 791 2970 scilicet
809 2913 893 2986 quod
906 2917 934 2970 te
948 2913 988 2972 ad
1030 2923 1098 2965 rum
1111 2907 1169 2965 hoc
1181 2914 1224 2968 est
1237 2910 1447 2983 improbabile.
1466 2914 1537 2969 Nam
1556 2911 1649 2985 paulo
1662 2914 1730 2983 post
1741 2910 1826 2982 jubet

191 2997 249 3054 boc
263 2997 417 3067 destinavi,
431 2995 509 3067 misi,
524 2999 552 3053 ct
565 2995 727 3053 etiamnum
745 2995 841 3053 mitto.
855 2997 987 3064 Secundo,
1029 2991 1112 3064 liosi,
1126 2996 1159 3049 ut
1171 2991 1229 3049 hoc
1241 3009 1362 3063 nomen,
1378 3015 1392 3046 a
1403 2995 1458 3062 Qui
1466 2997 1519 3063 est,
1534 3013 1548 3046 n
1561 2994 1646 3066 quasi
1662 2994 1710 3050 liei
1724 2993 1826 3066 legau-

192 3081 842 3157 glilerquoquehoecintemungitffluleuffi,
855 3082 987 3154 signum.
1029 3073 1065 3131 fii
1086 3089 1118 3132 ὅθ
1136 3075 1293 3151 proprium
1314 3091 1424 3134 nomen
1438 3082 1465 3133 et
1478 3077 1597 3134 titulum
1615 3077 1750 3135 missioni
1764 3093 1825 3132 sule

192 3182 250 3240 que
258 3167 393 3244 intelligit
405 3166 516 3223 rubum
526 3165 690 3236 ardentem,
700 3166 737 3224 de
748 3181 810 3238 quo
818 3180 895 3222 vers.
908 3167 926 3220 i
937 3165 985 3238 (t).

191 3253 297 3307 Verum
311 3254 410 3307 noster
420 3253 517 3308 textus
530 3249 621 3322 exigit
634 3253 667 3307 ut
677 3249 735 3307 hoc
747 3249 866 3320 signum
880 3247 987 3306 refera-

190 3337 239 3392 tur
257 3349 319 3391 uon
337 3334 377 3391 ad
397 3332 610 3410 praecedentia,
624 3333 677 3390 sed
696 3332 859 3408 sequentia.
879 3333 985 3391 Sensus

192 3432 261 3490 ergo
273 3421 327 3488 est,
342 3419 429 3492 quasi
442 3417 551 3474 diceret
565 3436 575 3474 .·
588 3416 703 3490 Accipe,
717 3431 735 3473 o
749 3418 853 3487 lloses,
867 3416 986 3488 signum
1004 3457 1007 3466 .

191 3499 339 3558 missionis
358 3504 433 3570 tuae,
446 3498 675 3573 promissionem
692 3503 721 3556 et
738 3501 986 3559 assecurationem

191 3597 307 3653 meam,
320 3584 405 3658 quod
424 3586 473 3654 tu,
485 3598 558 3640 cum
574 3583 690 3657 populo
706 3599 797 3657 quam
811 3599 843 3641 er
859 3588 985 3659 AEgypto

190 3681 239 3723 me
255 3665 332 3724 dirce
349 3667 471 3734 educes,
487 3666 666 3725 sacrificabis
680 3667 754 3723 mihi
768 3669 799 3722 in
813 3672 914 3726 monta
928 3669 986 3726 hoc

190 3749 257 3807 Sina
270 3750 302 3807 in
321 3749 488 3828 gratiarum¹
500 3749 645 3807 actionem
663 3753 725 3806 tam
743 3749 836 3806 felicis
852 3750 943 3808 exitus
958 3755 986 3808 et

190 3831 371 3891 liberationis
384 3848 421 3890 ex
435 3834 581 3906 Egypt03
596 3834 685 3905 atque
699 3833 730 3889 in
744 3836 844 3890 monte
858 3833 916 3892 hoc
928 3851 985 3906 ego

190 3918 253 3973 tum
272 3915 359 3974 robis
375 3930 495 3973 rursum
510 3915 683 3990 apparebo:
698 3921 723 3969 τὸ
741 3916 821 3972 enim
834 3920 865 3973 itt
879 3923 984 3989 monte,

190 4002 251 4057 tam
262 3999 302 4056 ad
315 4003 406 4057 Deum
419 4000 591 4057 existentem
603 4000 633 4055 in
647 4004 766 4069 monte,
778 3998 880 4072 ibique
893 4016 924 4056 sc
939 4016 985 4057 os-

190 4086 352 4154 tensurum,
362 4097 455 4157 quam
466 4083 505 4140 ad
514 4082 748 4140 immolationem
760 4082 861 4139 referri
869 4087 983 4156 potest:

191 4166 265 4223 Dans
278 4181 349 4238 argo
361 4165 410 4222 hic
417 4208 427 4237 ,
441 4166 638 4239 promissione
657 4181 735 4222 nova
750 4170 778 4221 et
791 4167 984 4238 expressiore,

190 4249 275 4307 Eosis
288 4249 459 4307 missionem
473 4249 601 4318 stabilit,
615 4253 643 4306 et
655 4253 799 4322 tanquam
813 4248 934 4305 certiore
948 4248 986 4304 si-

190 4333 317 4404 gnaculo
334 4331 506 4404 consignat,
521 4334 690 4405 llosemque
704 4332 860 4388 confirmat
878 4335 906 4388 et
923 4331 985 4387 ani-

190 4419 264 4472 mat:
275 4408 344 4488 plus
353 4415 433 4472 enim
444 4419 487 4473 est
498 4417 668 4488 promittere
679 4431 770 4488 quam
782 4415 909 4480 mittere;
921 4431 986 4471 rur-

190 4513 257 4556 sum
270 4499 339 4572 plus
352 4501 396 4556 est
407 4499 578 4572 promittere
588 4503 617 4556 et
628 4499 752 4571 mittere,
762 4515 854 4573 quam
868 4503 984 4556 tautum

189 4582 312 4641 mittere.
331 4582 454 4656 Signum
474 4600 544 4655 ergo
563 4583 621 4640 hoc
639 4585 742 4657 quoad
754 4583 989 4657 promissionem·

189 4671 402 4740 praesenserat,
416 4668 520 4741 quoad
534 4668 736 4726 executionem
750 4683 819 4725 vero
834 4666 984 4740 pendebat

189 4749 319 4808 afuturo
334 4755 455 4820 eventu,
470 4766 562 4824 quem
583 4752 659 4807 Deus
677 4751 834 4808 certissime
849 4749 982 4807 laturum

188 4833 319 4906 praedicit
337 4837 365 4890 et
382 4833 537 4907 promittit.
558 4832 658 4891 Simile
680 4833 798 4905 signnm
816 4833 902 4890 datur
916 4837 983 4890 Eze-

187 4917 260 4974 chiae
273 4918 307 4973 lv
318 4919 384 4989 Reg.
395 4929 455 4986 xrx,
468 4919 515 4988 29,
529 4921 559 4974 ct
573 4917 675 4975 [laridi
689 4919 699 4973 l
714 4921 778 4988 Req.
792 4933 850 4988 xxi,
866 4919 912 4975 13.

222 5003 375 5058 luuourrs
382 5005 477 5072 ,-tu
491 5000 626 5057 videlicet
634 5004 778 5076 tanquam
790 5002 853 5059 dux
863 5000 925 5058 uice
939 5005 983 5058 to-

186 5082 244 5140 tius
256 5083 380 5158 populi;
394 5085 474 5141 unda
491 5083 584 5158 aliqui
597 5083 714 5157 legunt,
728 5087 915 5144 immolabitis.
930 5089 982 5143 llc-

217 5213 253 5278 (l)
270 5215 308 5266 lta
324 5214 469 5267 llben-Esra
487 5223 515 5268 et
532 5216 742 5278 liosanmullerus.
764 5219 889 5267 accentus
910 5217 980 5268 enim

185 5285 304 5346 attracti,
321 5285 406 5349 aiunt,
418 5292 474 5348 post
485 5301 573 5337 vocem
587 5292 683 5348 signum
698 5300 748 5338 non
758 5287 873 5338 admittit
889 5295 919 5338 ut
932 5289 980 5339 hoc

185 5352 217 5403 ad
235 5352 312 5404 fluam
332 5369 416 5405 versus
435 5357 569 5407 celeratur.
586 5358 648 5418 Quas
663 5360 979 5424 sequuntur,suntaltcra

185 5417 316 5488 promissio
333 5423 395 5475 llosi
407 5439 421 5475 a
435 5431 483 5475 lieo
499 5426 574 5480 tacta.

1028 3156 1165 3230 praeierat
1188 3177 1196 3214 :
1218 3159 1282 3232 lege
1306 3173 1382 3217 vers.
1410 3163 1456 3217 li.
1484 3160 1623 3218 ltebraica
1645 3164 1703 3231 est,
1722 3169 1824 3224 nina<

1028 3248 1131 3304 rrius
1141 3252 1209 3305 titt<
1222 3245 1263 3300 ete
1276 3259 1350 3301 aseer
1362 3248 1417 3315 aie,
1431 3259 1475 3302 ero
1490 3247 1539 3315 qui
1556 3260 1616 3310 erc,
1629 3244 1714 3317 quod
1727 3246 1760 3300 ll.
1776 3245 1825 3301 Sa-

1027 3323 1134 3384 lomon
1153 3330 1181 3383 et
1200 3328 1355 3399 bingensis
1375 3326 1416 3384 sic
1437 3331 1608 3399 exponunt,
1625 3341 1704 3398 «ego
1723 3342 1821 3397 ero‚»

1028 3409 1136 3482 supple
1153 3411 1310 3468 vobiscum
1327 3411 1358 3468 in
1373 3412 1429 3468 hac
1446 3405 1654 3481 tribulatione,
1669 3425 1723 3466 vos
1741 3426 1775 3466 aa
1789 3409 1824 3467 li·

1028 3491 1152 3566 berans,
1167 3496 1244 3570 aqui
1258 3510 1309 3553 ero
1316 3515 1353 3568 ,a
1370 3494 1476 3569 supple
1491 3495 1629 3569 deinceps
1643 3511 1759 3568 semper
1772 3511 1824 3552 vo·

1027 3575 1145 3634 hiscum
1164 3579 1197 3635 in
1215 3580 1298 3637 omni
1313 3581 1409 3637 vestra
1427 3579 1584 3636 afflictione
1590 3599 1600 3652 3
1615 3580 1668 3637 sed
1684 3580 1742 3637 hoc
1761 3595 1823 3636 arc·

1028 3659 1085 3718 tius
1099 3664 1142 3718 est
1153 3665 1181 3718 et
1193 3661 1341 3734 trigidius.

1064 3748 1133 3806 llico
1154 3766 1244 3823 ergo,
1268 3767 1348 3810 «ero
1366 3752 1419 3825 qui
1438 3767 1535 3822 er0,r
1556 3752 1588 3808 id
1607 3755 1667 3822 est,
1686 3767 1754 3808 sum
1770 3753 1823 3824 qui

1028 3851 1112 3909 sum:
1127 3836 1208 3894 unde
1222 3841 1252 3894 et
1264 3838 1453 3911 Septuaginta
1472 3839 1663 3908 caricampi
1684 3839 1730 3909 εἰμι
1750 3841 1761 3890 t
1778 3840 1821 3904 av,

1028 3937 1074 3992 eqo
1087 3937 1146 3978 sam
1159 3923 1206 3976 ille
1221 3937 1281 3988 ens3
1297 3923 1380 3993 quod
1394 3923 1422 3978 S.
1437 3921 1567 3976 lustinus
1581 3921 1612 3976 in
1626 3923 1824 3978 Ealtortatioae

1028 4005 1065 4060 ad
1081 4004 1176 4060 Gentes
1194 4007 1278 4076 putat
1297 4004 1355 4060 dici
1374 4004 1413 4060 ad
1437 4003 1633 4062 differentiam
1651 4005 1822 4075 idolorum,

1028 4103 1055 4156 q.
1079 4086 1108 4140 d.
1130 4085 1297 4142 idololatrae
1321 4087 1423 4142 colunt
1440 4088 1541 4157 idola,
1563 4088 1594 4144 id
1613 4092 1656 4144 esi
1675 4089 1748 4146 deos
1770 4089 1824 4162 qui

1026 4183 1088 4224 nou
1102 4171 1186 4238 sunt;
1198 4183 1254 4238 ego
1267 4185 1338 4226 vcro
1350 4185 1416 4225 sum
1430 4170 1480 4226 ille
1492 4187 1555 4240 ens,
1569 4171 1601 4227 id
1614 4176 1656 4228 est
1669 4187 1737 4228 vere
1749 4173 1824 4228 exis·

1026 4253 1091 4307 tens
1112 4252 1204 4320 Deus,
1223 4267 1313 4323 quem
1330 4269 1402 4322 vos,
1420 4269 1438 4308 o
1453 4253 1581 4324 llcbrsei,
1600 4254 1705 4311 colitis.
1725 4255 1823 4312 Sedet

1025 4334 1083 4390 hoc
1106 4334 1213 4390 arctius
1233 4338 1286 4390 est.
1305 4337 1384 4392 Unde
1400 4337 1466 4393 dico
1486 4340 1615 4406 seeundo,
1634 4356 1737 4396 sensus
1755 4344 1820 4396 est:

1029 4421 1114 4487 «Ego
1135 4433 1203 4472 sum
1222 4418 1276 4490 qui
1299 4431 1410 4488 surum>
1431 4439 1458 4491 q.
1481 4421 1509 4478 d.
1533 4425 1593 4494 Ego
1617 4425 1692 4478 lleus
1711 4439 1822 4480 nomon

1025 4501 1182 4573 proprium
1200 4517 1247 4556 me
1268 4501 1307 4557 ab
1327 4502 1390 4559 aliis
1405 4504 1610 4562 discriminans
1626 4522 1688 4563 non
1706 4505 1822 4576 habea,

1025 4585 1079 4640 sed
1095 4585 1179 4657 quod
1197 4585 1451 4656 generalissimum
1466 4593 1509 4644 cst
1527 4605 1591 4656 ens,
1606 4589 1679 4646 mibi
1693 4595 1736 4647 est
1750 4607 1821 4665 pro·

1026 4683 1136 4740 prium.

1060 4753 1171 4818 Primo,
1186 4752 1257 4826 quia
1274 4770 1328 4824 ago
1343 4771 1408 4811 sum
1423 4756 1611 4813 involucrum
1622 4759 1711 4814 totius
1726 4760 1820 4829 entis,
1834 4777 1873 4822 net
1898 4790 1939 4824 no·

1025 4834 1169 4910 quodque
1183 4836 1213 4892 in
1228 4836 1291 4893 aliis
1306 4839 1390 4894 certis
1409 4839 1579 4897 distinctum
1597 4847 1640 4898 est
1659 4843 1819 4916 gradibus,
1835 4851 1882 4883 Μ
1894 4846 1937 4893 ea,

1025 4935 1099 4974 ame
1109 4935 1162 4976 ceu
1174 4921 1333 4978 universali
1341 4922 1421 4979 fonte
1432 4923 1572 4981 dimanat.
1583 4929 1613 4978 τὸ
1623 4943 1693 4998 ergo
1704 4945 1750 4999 eqo
1762 4945 1821 4996 snm
1833 4915 1881 5007 ἓξὲξ
1900 4901 1940 5012 9ῗὲ

1025 5008 1074 5074 qui
1088 5021 1161 5069 sum,
1182 5004 1328 5076 significat
1347 5007 1477 5063 esseutiae
1494 5007 1619 5080 pelagus
1640 5011 1820 5070 immensum
1833 4997 1937 5081 esrfcns,

1024 5085 1260 5160 etinterminurn,
1270 5089 1464 5162 aitb'yssenus
1476 5094 1537 5149 etS.
1547 5095 1722 5166 bernardus,
1732 5097 1785 5154 lib.
1798 5101 1818 5152 V
1833 5087 1939 5160 onumen

1023 5174 1064 5228 Dc
1083 5172 1251 5228 Constiterat.
1275 5175 1312 5228 act
1325 5177 1476 5245 Eugenium
1491 5196 1499 5232 ε
1518 5197 1530 5230 a
1546 5178 1638 5250 Deus,
1652 5178 1764 5253 inquit,
1777 5187 1819 5238 est
1832 5155 1932 5254 ΨΜ·

1024 5255 1108 5329 quod
1121 5260 1174 5325 est,
1185 5257 1217 5313 id
1231 5260 1284 5327 est,
1295 5262 1338 5314 est
1350 5274 1438 5315 suum
1449 5259 1542 5332 ipsius
1558 5266 1585 5320 et
1599 5264 1734 5320 omnium
1749 5266 1819 5321 alla-

1023 5355 1092 5396 rnm
1111 5354 1211 5395 rerum
1226 5355 1303 5409 esse3
1314 5341 1376 5413 ipse
1391 5341 1467 5413 sibi,
1481 5344 1543 5417 ipse
1558 5347 1698 5404 omnibus
1710 5352 1770 5416 est,
1785 5363 1819 5404 ac

1025 5438 1081 5497 per
1098 5422 1156 5479 hoc
1173 5423 1399 5498 quodammodo
1417 5425 1499 5482 solus
1519 5431 1599 5486 cst.»
1617 5431 1649 5487 ut
1667 5431 1818 5488 nonnullis

1085 5525 1142 5536 n·-

1861 5211 1911 5254 ima.
