4194 6034
261 345 316 403 sid
751 345 992 403 comtemnitis
1010 345 1044 402 tlt
1061 345 1220 410 cumali,
1239 355 1303 403 itii.
1321 346 1398 405 XXV.

142 450 247 498 ten-¹¹·
295 450 342 504 tl.
364 448 599 516 nmraaarusour
621 461 681 505 nsr.
703 479 741 494 -
761 449 899 507 Hebraico
922 455 965 506 est
978 458 1051 520 aaut
1094 451 1222 516 licitiae,
1236 465 1301 522 cap.
1313 466 1353 520 rr,
1366 453 1432 508 ets.
1444 448 2008 528 Angustinmoitatnaahieny·fflaeat

260 531 363 600 iether,
378 529 410 587 id
427 535 485 600 est,
504 531 632 587 multum
647 535 675 588 et
689 532 829 590 instanter
841 537 977 606 precatus
990 537 1050 604 est,
1095 531 1139 588 sio
1153 533 1344 590 carthusiano
1354 535 1362 607 t
1371 538 1471 591 tamen
1483 533 1624 590 haetenus
1635 533 1666 592 in
1680 536 1709 593 S.
1722 519 2008 626 *mumma

259 611 372 670 blanda
395 617 424 670 et
445 615 529 671 suavi
550 629 637 687 prece
660 619 793 673 amanter
818 619 909 673 ὓηηῐη
936 617 1051 673 demut·
1094 614 1168 672 nibil
1190 616 1248 672 tale
1262 616 1373 688 reperi)
1390 620 1495 688 putant
1507 617 1585 673 bane
1598 617 1781 677 collisionem
1794 624 1885 683 iacob
1899 639 2007 686 nme

27 705 31 710 ’
140 701 201 774 iesse
215 695 364 752 vt-cendo.
389 696 470 753 Unde
492 699 519 755 S.
546 697 775 770 Chrysostomus
799 703 897 756 censet
918 702 1050 756 isaacum
1094 697 1221 754 similem
1245 697 1333 755 inisse
1357 699 1529 757 exultationi
1550 699 1671 756 ioannis
1697 703 1829 774 Baptistae
1853 709 1885 766 in

141 766 197 836 ‘'F‘'
207 777 246 857 ¹³]
259 793 312 851 per
323 780 360 835 20
381 794 476 836 annos
498 795 597 838 orasse
611 796 667 853 pro
682 781 829 838 sterilitate
845 782 982 839 Rebeccae
995 782 1051 839 tol·
1094 784 1177 838 utero
1191 782 1306 850 matris,
1321 797 1355 836 ac
1367 782 1491 854 proinde
1505 785 1566 838 tam
1580 783 1682 853 iacob,
1694 799 1786 857 quam
1798 790 1885 848 ioan.

140 835 174 932 ,³1¹2
201 836 245 942 ⁰9¹ss,
258 861 361 933 lenda,
375 877 409 919 ae
422 863 566 934 vigesimo
586 865 709 922 demum
723 879 802 921 anno
816 865 847 922 id
861 865 1048 937 impetrasse;
1094 877 1163 919 nem
1175 865 1332 937 baptistam
1346 864 1376 921 in
1391 868 1474 922 utero
1487 865 1588 922 matris
1601 881 1663 924 csse
1678 869 1883 930 sanctificatas.

141 946 208 1008 proto.
258 959 329 1004 nam
350 948 430 1002 lsaae
452 947 537 1004 duxit
550 947 711 1004 Rebeccam
725 963 804 1005 anno
818 949 909 1004 estatis
922 964 984 1004 sure
997 950 1049 1019 aa,
1094 945 1276 1006 confirmant
1297 946 1355 1004 hoc
1376 962 1413 1004 ex
1430 962 1466 1005 ee
1481 947 1564 1022 qnod
1578 948 1735 1020 Apostolus
1748 953 1823 1010 uam.
1836 969 1884 1026 rx,

259 1043 293 1086 ao
306 1028 428 1086 demum
449 1044 529 1086 anno
548 1032 584 1087 dit
603 1030 703 1102 gennit
717 1045 754 1087 ex
769 1045 805 1088 ee
817 1031 908 1088 iacob
921 1034 949 1088 et
963 1035 1048 1089 Esau.
1094 1032 1196 1088 asserit
1213 1034 1305 1089 iteum
1327 1032 1464 1090 dilexisse
1485 1031 1591 1102 iacob,
1616 1033 1792 1108 priusquam
1812 1037 1885 1098 boni

259 1113 319 1168 «Ut
332 1116 361 1170 et
373 1127 440 1183 nos,
451 1112 549 1186 inquit
559 1114 622 1185 ipse
637 1115 730 1170 homil.
743 1117 792 1184 se,
807 1114 978 1172 aemulantes
988 1116 1050 1186 jus-
1093 1114 1260 1189 quidquam
1279 1115 1400 1186 egisset,
1415 1118 1442 1171 et
1463 1130 1531 1172 cum
1545 1115 1644 1173 adhue
1656 1121 1732 1175 esset
1753 1118 1785 1177 in
1799 1125 1884 1180 utero

255 1195 715 1265 tumessidoisimusindirinis
729 1197 877 1269 precihus,
890 1199 1048 1270 siquando
1093 1197 1195 1254 matris
1219 1213 1290 1256 sum.
1314 1200 1421 1255 veram
1442 1198 1508 1271 pari
1529 1199 1622 1258 mode
1636 1198 1795 1260 dicendum
1809 1208 1885 1262 esset

255 1279 371 1353 aliquid
390 1296 409 1338 a
430 1281 488 1336 [teo
505 1279 687 1353 petierimus.
703 1282 730 1337 Si
743 1281 824 1338 enim
834 1283 932 1352 justus
946 1283 1050 1341 illeita
1093 1281 1168 1338 Esau
1187 1296 1251 1338 csse
1274 1281 1488 1340 sanctificatum
1511 1281 1542 1338 iu
1561 1281 1886 1356 herculanenses

253 1364 360 1421 virtute
373 1363 534 1437 preditus,
549 1367 578 1420 et
592 1367 705 1422 tantmn
723 1365 805 1438 apud
820 1367 911 1422 herrm
925 1366 1049 1437 gratiam
1093 1363 1232 1420 exultatio
1254 1364 1283 1420 S.
1307 1364 1444 1434 loannis,
1468 1363 1526 1422 alia
1548 1363 1662 1422 collisio
1675 1369 1704 1423 et
1716 1366 1885 1430 colluctatio

185 1499 187 1507 .
253 1445 385 1518 habens,
406 1450 519 1504 tantam
532 1461 595 1519 prae
613 1462 644 1504 se
659 1447 726 1504 tulit
739 1447 935 1505 constantiam
948 1453 1050 1506 etsta·
1091 1446 1181 1502 laceb
1204 1449 1233 1503 et
1253 1449 1346 1516 Esau,
1366 1446 1425 1504 alia
1443 1461 1565 1520 queque
1579 1451 1719 1508 estmens
1734 1451 1886 1526 Apostoli,
1926 1503 1930 1512 ,

254 1529 356 1600 dium,
374 1530 514 1588 continuo
529 1532 621 1586 heum
637 1530 772 1598 orando,
787 1531 828 1587 ita
841 1535 874 1586 ut
887 1531 1050 1589 solveretur
1092 1530 1135 1586 nii
1149 1530 1211 1587 dixi
1221 1533 1297 1588 flam.
1309 1545 1350 1588 η.
1362 1533 1426 1588 llaec
1435 1546 1505 1602 crgo
1519 1529 1639 1588 illorum
1652 1533 1795 1592 sententie
1805 1541 1886 1594 earet

253 1613 390 1670 Rebeccae
404 1613 557 1670 sterilitas:
572 1614 647 1687 quid
662 1614 793 1670 dicemus
808 1630 881 1685 nos,
897 1617 950 1688 qui
963 1616 1049 1672 tantis
1090 1610 1302 1683 fundamento,
1317 1617 1346 1670 et
1360 1615 1468 1671 umere
1480 1613 1570 1671 asseri
1579 1614 1707 1674 videtur.

253 1699 441 1769 peccatorum
455 1697 595 1755 oneribus
608 1697 790 1770 premimur;
803 1698 856 1755 sed
876 1701 905 1754 et
917 1699 942 1754 si
955 1713 1048 1771 parre
1128 1697 1169 1752 lta
1180 1697 1313 1754 virorum
1331 1697 1490 1756 illustrium
1502 1695 1563 1754 rite
1575 1700 1604 1755 et
1617 1697 1749 1758 facinora
1762 1704 1883 1762 ostentis

254 1785 387 1852 tempore
400 1781 533 1838 studium
544 1780 668 1854 aliquod
679 1786 707 1838 et
716 1780 897 1852 diligentiam
908 1781 1057 1860 exhibue3
1092 1784 1122 1837 et
1139 1781 1290 1853 praesagiis
1310 1797 1389 1854 sape
1410 1781 1636 1854 prreeigniiicata
1653 1787 1730 1842 aunt.
1753 1787 1885 1846 Socmtes

255 1863 360 1933 rimus,
372 1863 565 1937 torpescimus
576 1868 605 1921 et
615 1864 773 1936 resilimus,
784 1865 841 1922 nisi
852 1866 950 1922 statim
960 1883 1050 1925 esau·
1091 1862 1166 1920 vidit
1185 1879 1240 1936 per
1261 1879 1401 1922 somnum
1414 1863 1506 1922 oloris
1519 1863 1636 1938 pallum
1650 1865 1707 1926 sibi
1722 1867 1752 1925 in
1770 1872 1884 1940 gremio

256 1945 388 2018 diamur,
402 1966 417 2002 r
432 1951 486 2005 ete.
1091 1945 1287 2021 plumescere,
1309 1948 1361 2022 qni
1385 1948 1527 2004 continue
1547 1948 1656 2006 exortis
1674 1949 1729 2008 alis
1745 1951 1776 2008 in
1789 1953 1884 2014 altum

163 2037 244 2086 msera
291 2032 373 2088 Nota.
387 2031 505 2090 sanctae
517 2030 656 2089 mulieres
668 2032 771 2089 Sanam
782 2035 811 2088 et
821 2031 985 2090 Rebeccam
996 2033 1049 2106 (uti
1091 2030 1228 2100 evolans,
1250 2030 1440 2088 suavissimas
1462 2034 1565 2090 canius
1585 2030 1700 2091 edidit:
1716 2033 1884 2096 hioacilleet

137 2096 244 2207 weff-
257 2118 283 2171 et
296 2115 401 2174 Rachel
414 2119 443 2172 et
456 2115 580 2187 Annam)
592 2117 667 2174 [teus
680 2115 721 2173 ad
731 2118 849 2187 tempus
862 2115 973 2173 steriles
984 2132 1048 2176 esse
1091 2117 1153 2169 erat
1167 2114 1257 2184 Plato,
1271 2115 1396 2171 Socratis
1410 2113 1585 2188 discipulus,
1599 2115 1652 2187 qui
1663 2115 1739 2172 inter
1753 2117 1884 2180 Philoso-

74 2232 89 2258 η
138 2221 207 2265 ,qm
255 2197 364 2269 voluit,
384 2202 417 2255 ut
437 2197 556 2257 doceret
569 2214 624 2256 nos
638 2212 739 2256 semen
752 2197 830 2254 illud
843 2198 1048 2271 benedictum,
1090 2195 1168 2268 phos
1189 2196 1332 2268 sapientia
1353 2201 1382 2256 et
1400 2196 1540 2257 facundie
1560 2198 1689 2280 emicuit
1713 2201 1793 2262 Unde
1815 2217 1883 2276 pos·

254 2286 328 2354 puta
351 2281 513 2353 Christum,
530 2297 568 2338 ex
583 2283 654 2340 Sara
666 2284 695 2338 ct
708 2280 839 2338 Rebecca
853 2281 914 2354 (uti
927 2285 956 2338 et
970 2283 1048 2340 viros
1090 2277 1176 2338 iridis
1190 2294 1259 2338 cnm
1270 2280 1351 2338 Pluto
1362 2281 1472 2339 Sacrati
1483 2283 1593 2355 epatre
1605 2284 1883 2348 commender-etuti

253 2367 468 2436 sanctissimos,
491 2365 652 2439 tosephuur
670 2379 707 2422 ex
728 2363 868 2434 Rachele,
882 2365 1047 2422 Samuelem
1091 2361 1140 2420 llic
1163 2366 1220 2430 est,
1243 2362 1357 2434 inquit,
1380 2378 1492 2435 cycnus
1516 2377 1607 2438 quem
1628 2365 1702 2426 ridi.
1728 2367 1819 2428 Testis
1840 2373 1885 2430 eci

253 2465 289 2507 ex
310 2449 409 2522 Anna)
433 2464 495 2506 non
508 2452 621 2507 natoue
634 2446 749 2508 viribus
755 2487 767 2518 ,
782 2448 835 2504 sed
847 2463 884 2504 ex
899 2463 982 2506 mero
996 2449 1046 2506 nei
1090 2443 1218 2504 Laertius
1232 2445 1264 2502 in
1278 2447 1400 2504 Pleione.

253 2528 843 2605 dono,permiraculumnatumarbique
858 2529 1046 2590 detumesce.
1125 2529 1152 2586 S.
1178 2529 1319 2586 dominici
1345 2532 1440 2588 meter
1464 2529 1588 2601 gravida
1611 2529 1675 2592 visa
1698 2535 1743 2592 eat
1765 2531 1824 2594 eibi
1851 2536 1883 2598 iit

252 2618 294 2674 lta
306 2618 335 2674 S.
349 2615 586 2687 chrysostomus.
600 2614 743 2671 Statuerat
753 2627 824 2683 ergo
840 2613 931 2682 heus,
944 2630 982 2670 ex
995 2618 1048 2672 lie-
1089 2611 1202 2686 quiete,
1214 2613 1363 2672 continere
1375 2613 1407 2672 in
1420 2617 1505 2674 utera
1518 2613 1648 2674 catulum
1663 2631 1713 2676 ere
1727 2617 1885 2690 preferen-

253 2697 343 2756 bccea
355 2697 436 2754 nasci
450 2697 540 2755 iacob
553 2701 582 2754 et
594 2695 755 2766 Christum,
770 2696 823 2752 sed
840 2710 902 2754 non
917 2697 973 2754 nisi
987 2713 1048 2756 me·
1089 2699 1149 2754 tem
1167 2695 1277 2765 lacem,
1289 2711 1363 2768 qua,
1379 2696 1475 2758 editus
1495 2696 1526 2756 in
1543 2696 1656 2767 lucem,
1673 2697 1779 2763 orbem
1793 2705 1884 2764 terra·

254 2780 404 2843 diantibns
418 2780 514 2839 causis
525 2777 663 2838 mundis
676 2781 705 2838 et
718 2775 919 2840 obtinentibus
934 2779 966 2838 id
979 2795 1047 2853 pre·
1088 2795 1157 2838 rurn
1170 2779 1347 2838 incenderet.
1363 2779 1428 2848 Quo
1442 2780 1562 2840 somnio
1582 2779 1804 2852 significabatur
1820 2783 1884 2846 tore

253 2863 339 2924 cihus
351 2863 440 2924 isaaci
457 2862 505 2935 (1).
1090 2869 1123 2921 ut
1133 2867 1160 2920 S.
1171 2863 1340 2921 dominicus
1351 2862 1508 2937 splendore
1521 2865 1682 2928 sanctitatis
1696 2881 1730 2922 aa
1743 2865 1885 2933 doctrinm

138 2955 240 3005 terea.
289 2951 335 3006 22.
359 2949 593 3006 θοιιιηηηηητηη
615 2961 645 3004 ιη
667 2959 759 3002 ursae
780 2961 844 3003 ains
868 2961 998 3006 riarum.
1012 2977 1049 2996 -·-
1090 2946 1225 3006 homines
1238 2951 1301 3006 teto
1316 2947 1388 3004 orbe
1401 2945 1608 3012 mssemmarat.

254 3033 442 3109 Septuaginta
454 3035 586 3102 venunt,
601 3035 714 3102 terreres,
730 3030 814 3102 quod
828 3033 855 3090 S.
875 3031 1047 3091 ambrosius
1125 3032 1153 3089 S.
1167 3031 1293 3090 Thomas
1307 3029 1437 3103 Aquinas
1450 3029 1549 3091 adhuc
1562 3028 1660 3092 iulans
1673 3031 1807 3098 nauem
1818 3047 1884 3092 ver·

254 3118 355 3188 vertit,
369 3116 548 3182 eoultabuatr
563 3114 592 3174 S.
608 3114 803 3185 angustinus,
819 3115 984 3183 pestieiontr
998 3117 1048 3176 he·
1090 3130 1175 3185 sans,
1194 3115 1256 3171 imo
1270 3114 1443 3182 comedens,
1458 3111 1646 3184 significahat
1657 3119 1751 3187 quem
1771 3115 1884 3178 studia·

253 3201 352 3260 braice
375 3203 432 3270 est,
455 3205 563 3262 nurui
575 3201 729 3254 iitrotsetau
746 3217 754 3252 :
769 3197 853 3271 qued
867 3197 895 3254 S.
909 3200 1048 3272 llierony-
1091 3213 1140 3254 sus
1153 3195 1229 3256 ieret
1242 3197 1371 3256 adultior
1384 3196 1490 3254 iactus.

254 3301 321 3346 mus
332 3285 434 3353 vertit,
450 3283 645 3349 calcitrabcate
659 3279 776 3354 Aquila,
791 3283 1046 3350 conpirioeioatars
1126 3283 1167 3338 Ex
1186 3297 1237 3338 ore
1253 3283 1281 3339 S.
1300 3280 1425 3351 Ephrem
1446 3279 1532 3352 pueri
1550 3279 1615 3344 visa
1628 3278 1800 3354 perentibus
1812 3296 1883 3358 prov

254 3361 608 3441 mahummariam,
616 3362 648 3422 id
655 3368 698 3422 est
706 3363 952 3434 colluctabantur,
961 3365 1048 3438 quasi
1091 3362 1153 3422 dire
1163 3362 1246 3433 vitis,
1260 3377 1328 3434 quea
1342 3375 1463 3420 omnem
1476 3361 1666 3424 circumcirca
1678 3363 1829 3436 regionem
1838 3384 1884 3432 re·

254 3452 429 3526 palestrites.
1089 3446 1197 3519 ploret,
1218 3443 1403 3516 significabat
1422 3451 1568 3520 quantum
1593 3461 1625 3509 se
1647 3462 1786 3521 sparsura
1808 3455 1885 3510 esset

135 3543 200 3592 iacob
219 3547 242 3588 e
289 3537 322 3594 lli
336 3551 408 3607 crgo
423 3532 508 3607 pueri
531 3530 656 3590 invicem
677 3530 874 3602 quassabant,
887 3531 1049 3590 trudebant
1090 3529 1153 3599 eius
1165 3527 1299 3588 dochino
1312 3529 1454 3586 etvirtus.

135 3605 283 3713 {wei
304 3615 514 3686 coarctabant,
537 3615 610 3672 dum
633 3616 757 3684 uterque
782 3613 867 3684 gestit
896 3619 925 3672 ct
948 3616 1049 3678 nititur
1125 3612 1884 3680 Pnanuxrrounurceuscunnnrltesmnu-inmente

136 3681 175 3774 ἐξ
219 3679 243 3773 ,ᾖ
255 3703 338 3777 prior
349 3705 433 3760 utere
446 3697 549 3760 matris
561 3696 640 3754 exire
653 3709 687 3754 ae
701 3695 793 3766 nasot,
804 3700 838 3753 ut
850 3697 888 3753 sit
899 3699 1049 3771 primoge-
1090 3696 1180 3756 tiaris
1192 3711 1246 3770 per
1257 3695 1475 3756 Melchisedech.
1488 3699 1530 3756 lte
1540 3696 1694 3766 Eusebius,
1704 3699 1883 3772 Gennadius,

136 3795 198 3836 aare
216 3791 242 3836 aa
257 3787 345 3846 nitus.
547 3779 556 3806 ·
1088 3779 1288 3838 theodoretus
1308 3783 1337 3834 et
1359 3778 1514 3838 Diodorus.
1540 3780 1585 3840 Sic
1609 3784 1638 3840 et
1652 3779 1884 3853 -cbrysostonue

137 3852 241 3958 mi
289 3871 362 3928 uota
384 3886 393 3924 r
414 3867 473 3926 iloc
494 3865 658 3932 certamen,
682 3865 711 3920 et
732 3862 796 3919 haee
811 3861 891 3921 incia
909 3864 1048 3935 parvulo·
1089 3862 1182 3920 bcmii.
1202 3864 1252 3931 eu,
1270 3861 1311 3920 ait
1334 3861 1494 3922 Rebeccam
1515 3876 1570 3936 per
1590 3864 1772 3922 sacerdotem
1792 3867 1884 3932 Deum

213 3941 219 3956 '
254 3949 422 4010 rumtaceb
433 3953 462 4006 et
475 3949 568 4016 Esau,
580 3961 642 4004 non
656 3945 686 4004 ri
698 3949 829 4016 naturae,
840 3946 893 4004 sed
908 3947 956 4002 bei
973 3952 1048 4010 nutu
1089 3944 1290 4014 consuluisse,
1310 3948 1339 4002 et
1360 3959 1414 4017 per
1434 3945 1573 4006 eumdem
1592 3961 1769 4020 responsum
1788 3962 1807 4010 a
1824 3950 1884 4009 ileo

253 4035 329 4094 iacta
351 4037 408 4104 est,
429 4031 469 4091 ed
489 4031 685 4105 presagium,
707 4030 792 4102 quod
815 4029 907 4087 iacob
925 4033 953 4088 et
972 4033 1047 4090 Esau
1090 4028 1247 4101 accepisse.
1263 4027 1344 4086 liade
1356 4027 1459 4086 addit:
1473 4027 1569 4088 avide
1581 4032 1885 4115 quentacttuncerat
1934 4047 1935 4050 ¹

253 4120 328 4190 nati,
348 4119 424 4176 inter
447 4133 478 4174 se
499 4113 728 4174 colluctarentur
748 4118 777 4172 et
794 4119 997 4172 concertarent
1010 4115 1048 4174 de
1090 4113 1277 4172 sacerdotum
1291 4111 1459 4182 dignitas.»

253 4202 487 4279 primogenitura
499 4202 529 4258 et
537 4199 677 4272 primatu,
687 4202 721 4258 ut
728 4201 808 4271 patet
818 4213 893 4256 vers.
907 4199 953 4256 aa.
967 4198 1047 4256 Unde
1124 4195 1253 4260 Secundo,
1268 4195 1473 4267 paraphrastes
1487 4193 1785 4268 Hierosolymitanus,
1795 4200 1823 4254 et
1832 4199 1884 4254 ile-
1969 4205 1978 4226 ¹

253 4285 344 4346 iacob
366 4284 458 4344 tenuit
477 4283 609 4356 plantam
622 4285 712 4351 issu,
727 4283 813 4356 quasi
824 4297 892 4340 enm
906 4281 1048 4354 supplan·
1089 4279 1162 4338 braei
1181 4282 1300 4336 vertunt
1325 4296 1333 4335 ε
1354 4279 1434 4334 Abiit
1451 4284 1484 4335 at
1500 4284 1603 4352 peteret
1624 4281 1884 4338 misericordiorem

253 4374 315 4429 tare
328 4369 431 4426 volens
445 4383 482 4423 ne
495 4366 577 4438 prior
590 4381 626 4421 ex
637 4369 720 4422 utero
731 4366 927 4436 egrederetur.
939 4367 980 4424 lta
991 4367 1048 4422 liu·
1090 4364 1167 4421 demo
1177 4363 1224 4420 ubi
1237 4363 1445 4419 concionabatur
1459 4361 1528 4420 Sem.
1545 4364 1611 4426 Sem
1631 4363 1710 4419 enim
1726 4363 1805 4421 filius
1824 4367 1883 4430 lina

253 4457 376 4527 pertus:
392 4450 570 4522 «Utriusque
579 4449 708 4519 habitus,
722 4449 827 4521 inquit,
840 4447 968 4506 ostendit
979 4449 1047 4524 quis
1090 4447 1188 4506 adhue
1199 4445 1335 4506 vivebat:
1348 4449 1535 4506 mortuusest
1544 4445 1630 4508 'enim
1644 4461 1713 4502 cum
1727 4445 1818 4504 iacob
1832 4461 1884 4516 aa,

253 4537 332 4600 intne
344 4535 431 4594 inerit
443 4535 580 4607 princeps
593 4531 701 4602 duelli,
716 4530 853 4591 videlicet
872 4534 948 4591 lisan
966 4531 1049 4590 eolli-
1089 4545 1163 4590 narn
1176 4535 1275 4602 ageret
1293 4529 1585 4604 quinquagesimum.
1608 4531 1699 4589 Porro
1713 4533 1819 4604 putant
1832 4533 1884 4592 tie

254 4635 305 4679 sus
327 4635 346 4677 e
370 4618 459 4676 iacob
480 4616 565 4690 quasi
585 4615 686 4686 iugero
706 4615 836 4685 videtur,
857 4616 941 4688 isque
955 4631 1048 4676 manu
1089 4613 1162 4672 briei
1177 4612 1385 4672 Melchisedech
1398 4612 1488 4674 tuisse
1502 4615 1568 4674 Sem
1584 4616 1635 4672 :et
1647 4613 1689 4673 sic
1701 4613 1766 4677 hare
1778 4623 1884 4679 aarum

254 4708 356 4761 tenens
369 4704 493 4775 pedem,
515 4699 695 4772 insequentis
704 4715 745 4754 ac
758 4703 840 4768 terga
854 4698 969 4755 devicte
980 4699 1048 4772 pul·
1090 4696 1234 4772 expositio
1248 4711 1316 4754 cnm
1329 4696 1426 4770 prima
1440 4695 1556 4754 Eusebii
1569 4695 1757 4754 coincideret.

254 4785 345 4846 santis
358 4781 644 4862 antenuptialem.»
660 4780 807 4853 additque
822 4779 977 4852 allegorice
992 4782 1048 4840 bae
1127 4789 1232 4854 Tertio,
1257 4784 1395 4844 facillime
1416 4789 1445 4842 et
1468 4785 1640 4866 planissime
1666 4783 1882 4855 theodoretus,

254 4869 333 4932 lucie
352 4868 442 4930 laceb
461 4871 490 4930 et
508 4869 598 4937 lisau,
615 4864 774 4938 significari
788 4863 899 4925 luctam
913 4865 1048 4928 Christia-
1090 4867 1236 4928 Diodorus
1245 4873 1273 4926 et
1287 4869 1446 4949 Procopius
1459 4873 1578 4930 censent
1591 4867 1765 4937 Rebeccam,
1779 4869 1883 4928 animo

254 4966 365 5013 aarum
378 4966 448 5010 eum
460 4951 578 5010 iudeis.
1091 4957 1306 5012 consternatam
1331 4953 1370 5014 ad
1393 4953 1523 5016 vicinum
1542 4955 1570 5008 et
1584 4951 1779 5015 domesticum
1793 4952 1884 5020 altare

290 5034 415 5096 Historia
435 5033 627 5103 Scholastica,
652 5035 681 5088 et
699 5035 728 5090 S.
742 5029 929 5103 ambrosius,
943 5030 996 5091 lib.
1014 5035 1048 5090 lll
1089 5037 1192 5106 ivisse,
1216 5037 1325 5110 ibique
1340 5039 1431 5094 ileum
1454 5051 1567 5106 erasse,
1590 5035 1644 5108 qni
1666 5051 1721 5111 per
1744 5034 1884 5107 angelum

1090 5122 1371 5197 responditidquod
1382 5121 1533 5194 seqnitur:
1547 5140 1561 5174 e
1573 5122 1642 5176 lium
1650 5123 1750 5191 gentes
1759 5118 1790 5175 in
1800 5123 1884 5178 utem

284 5244 392 5311 (mmo
402 5255 536 5307 mum
548 5255 603 5306 m,
612 5239 684 5294 hebr·
699 5245 737 5292 θη
751 5218 848 5309 mab
862 5237 889 5290 id
903 5242 940 5290 es,
953 5250 1046 5303 cmm,
1075 5209 1237 5303 'ino-sunt,
1252 5209 1279 5262 et
1292 5208 1388 5277 major
1402 5204 1507 5260 serviet
1520 5203 1662 5259 minori.»
1676 5205 1716 5258 lix
1727 5217 1790 5275 que
1800 5200 1885 5259 intel·

255 5317 324 5386 qood
336 5316 373 5370 sic
385 5315 478 5380 exponi
491 5319 587 5379 potest,
605 5314 715 5364 imarum
730 5318 756 5364 et
772 5312 910 5366 Rebeccam
923 5310 964 5366 rel
975 5311 1049 5372 iterur
1089 5291 1160 5348 lexrt
1176 5289 1324 5384 Rebecca,
1336 5289 1419 5370 quaed
1433 5287 1523 5344 iacob
1535 5285 1720 5383 praeferretur
1734 5288 1823 5362 Esau,
1843 5283 1884 5342 ei·

256 5400 337 5448 ow
343 5424 355 5461 ,
368 5387 408 5456 rel
418 5391 520 5456 propter
531 5384 639 5438 mnan
650 5382 737 5436 anem.
1090 5387 1149 5448 que
1160 5375 1426 5452 primogenituram
1439 5376 1468 5438 et
1480 5370 1717 5444 accensionem
1729 5373 1883 5452 pauitant
