4118 6042
690 293 931 349 constuprante
949 293 982 348 tlt
1001 291 1154 362 EXODUM,
1173 303 1236 350 etr.
1256 291 1321 350 xlv.
1771 291 1818 350 bet

191 390 265 450 sirit
274 390 351 464 ignis
362 390 395 450 in
407 392 592 463 Pentecoste3
603 406 654 450 aer
665 394 797 463 etrenti,
810 410 879 452 eum
893 396 986 468 euiu-
1028 410 1084 469 per
1095 399 1213 468 Mosen,
1226 395 1434 454 extendentem
1449 393 1480 450 in
1497 391 1574 452 illud
1590 407 1677 452 suam
1689 393 1804 466 virgam
1812 412 1821 464 ;
1836 407 1886 450 toci
1908 415 1941 478 gs·

191 473 280 533 bente
292 472 436 534 siluerunt
443 495 453 550 3
468 492 567 548 mare,
580 491 649 533 cum
659 491 749 549 super
761 475 837 535 illud
850 477 985 536 ambula·
1030 479 1134 536 divisio
1148 495 1218 537 vero
1237 479 1373 538 lordonis
1386 477 1463 534 tacta
1476 491 1530 551 per
1542 475 1730 549 presentiam
1749 491 1824 534 arce
1837 464 1877 509 ¹³⁰¹
1894 466 1940 512 ⁶¹⁸·

190 559 244 628 vit,
257 561 286 617 et
297 575 367 616 cum
377 575 413 618 eo
424 560 546 631 jubente
562 562 643 617 Petro
655 559 780 632 piscanti
793 560 911 634 copiam
924 561 985 635 pis-
1029 564 1156 622 Domini.
1170 565 1306 632 Scutario,
1321 564 1352 620 in
1372 562 1448 620 mari
1461 561 1558 618 diviso
1576 575 1662 634 aquae
1675 559 1823 633 utrimque
1836 531 1930 634 {fffi'

71 687 76 700 .
191 641 272 700 cium
284 641 382 713 dedit3
396 647 508 702 terrast
520 659 602 713 saxa,
617 658 686 701 cum
699 643 730 700 in
744 645 882 717 passione
895 645 985 704 scissa
1029 648 1116 720 quasi
1138 649 1216 706 muri
1235 648 1445 717 constiteruut;
1460 647 1492 704 in
1511 647 1639 705 lordune
1658 661 1730 704 vero
1751 643 1824 704 inie-
1838 649 1941 696 sonmo.

193 729 278 794 sunt;
293 726 413 796 angeli,
429 742 497 784 cum
511 726 626 782 stellam
647 727 752 784 Christi
773 730 835 785 nati
856 727 985 786 indicem
1029 730 1090 787 rior
1102 739 1179 804 ¹pars
1202 730 1326 789 defluxit
1344 731 1375 788 in
1398 745 1480 788 mare
1502 731 1667 800 Mortuum,
1689 729 1825 802 superior

192 808 281 878 blagis
301 809 457 878 dederunt,
476 824 604 881 cumque
628 808 819 868 cecinerunt:
841 811 935 868 Gloria
953 816 985 868 io
1031 814 1160 872 substitit
1179 819 1208 872 et
1224 814 1363 872 intumuit
1376 814 1495 872 assidue
1514 815 1601 887 aquis
1614 813 1822 885 affluentibus;

192 893 302 948 excelsu
316 894 381 948 Deo.
396 897 436 948 lta
446 892 609 948 servierunt
620 891 715 964 pisces
729 899 758 952 et
771 909 840 951 aves
853 896 881 952 S.
897 896 985 952 Fren-
1030 911 1099 954 cum
1107 913 1178 956 nero
1189 899 1358 956 transissent
1371 899 1494 970 Hebraei,
1501 915 1563 956 non
1576 898 1686 969 subito,
1694 898 1748 956 sed
1758 914 1824 956 sen-

192 974 285 1045 cisco,
297 975 403 1032 cumei
415 976 603 1033 concionanti
617 977 829 1050 applauserunt
842 983 871 1035 et
884 980 985 1038 cantil·
1030 981 1088 1036 sim
1099 982 1247 1040 detumuit
1259 986 1288 1040 et
1301 983 1434 1051 detluxit,
1448 1000 1486 1041 ne
1497 983 1577 1058 ripas
1590 987 1619 1041 et
1631 999 1754 1056 campos
1767 982 1823 1041 ob-

191 1058 310 1127 larunt,
322 1073 418 1131 eoque
431 1075 550 1116 rursum
562 1059 686 1130 jubente
706 1061 860 1118 siluerunt.
880 1065 921 1118 lta
937 1064 985 1120 Sa·
1029 1069 1137 1136 rueret,
1151 1071 1179 1122 et
1191 1067 1246 1124 hac
1259 1072 1342 1138 parte
1357 1068 1522 1125 mirabilior
1533 1067 1589 1126 luit
1601 1067 1707 1126 divisio
1721 1068 1823 1125 torda-

191 1141 250 1214 tyri
258 1145 287 1198 et
296 1141 387 1198 Fauni
396 1142 452 1199 iter
462 1142 538 1200 adS.
551 1143 674 1200 Paulum
686 1143 877 1200 ostenderunt
887 1148 915 1202 S.
929 1153 985 1204 bn·
1029 1149 1076 1218 pis
1089 1165 1181 1222 quam
1196 1151 1285 1206 maris
1300 1150 1402 1208 Rubri.
1419 1153 1525 1216 Tertio,
1539 1150 1571 1208 in
1585 1151 1658 1208 mari
1676 1150 1822 1208 submersi
1837 1157 1917 1207 Teuta

190 1224 292 1295 tonio,
308 1229 337 1282 et
349 1225 450 1282 leones
460 1226 613 1297 unguibus
626 1225 792 1284 effoderunt
804 1229 984 1304 sepulcrum,
1029 1237 1099 1288 sunt
1112 1233 1255 1305 AEgyptii3
1266 1234 1368 1291 nullus
1380 1249 1451 1290 vero
1462 1249 1578 1289 mersus
1589 1233 1671 1290 estin
1684 1235 1821 1292 iordane.

190 1307 222 1364 in
231 1323 293 1382 quo
301 1309 329 1366 S.
341 1307 466 1365 Paulum
476 1309 622 1383 sepeliret.
633 1311 674 1366 lta
687 1310 827 1381 Gregorio
842 1313 986 1371 Thauma·
1030 1317 1144 1382 Quarto,
1156 1316 1187 1371 in
1201 1315 1275 1373 mari
1289 1318 1364 1373 Deus
1375 1315 1496 1374 immisit
1508 1319 1631 1373 ventum
1645 1316 1685 1373 ad
1695 1315 1822 1374 undum
1835 1329 1923 1380 nuno

190 1393 279 1464 turgo
297 1391 417 1449 servivit
434 1401 541 1462 mons,
556 1391 629 1448 dum
647 1393 715 1450 loco
729 1394 834 1465 cessit,
846 1400 880 1452 ut
892 1397 985 1454 eccle·
1029 1398 1169 1454 limosum
1189 1398 1361 1456 siccandum
1377 1417 1385 1455 ι
1401 1399 1432 1456 id
1450 1415 1522 1456 vero
1539 1415 1602 1456 uon
1621 1397 1688 1456 fecit
1708 1399 1739 1454 in
1761 1401 1823 1457 tor·

190 1475 264 1532 siam
278 1477 436 1535 aedificaret
442 1496 451 1548 3
463 1477 534 1536 item
548 1479 642 1550 Lycus
650 1476 775 1548 fluvius,
787 1477 862 1535 dum
872 1496 903 1536 sc
915 1496 985 1538 con·
1030 1479 1123 1551 dane,
1138 1482 1210 1555 quie
1230 1483 1294 1554 ejus
1311 1483 1413 1540 alvens
1434 1488 1478 1540 est
1493 1497 1604 1556 parvus
1620 1485 1649 1538 et
1669 1497 1822 1540 arenosus.

190 1559 294 1629 traxit,
306 1575 344 1616 ne
357 1560 388 1618 in
404 1575 491 1632 agros
505 1562 677 1619 exundaret.
693 1564 735 1618 lta
745 1561 911 1620 Theodosio
930 1563 986 1620 im·
1029 1563 1100 1620 llinc
1113 1569 1196 1636 patet
1207 1564 1296 1637 longe
1312 1565 1454 1638 majorem
1466 1569 1495 1622 et
1507 1563 1720 1622 mirabiliorem
1734 1563 1823 1624 tuisse

190 1643 321 1717 peratori
337 1644 390 1717 pio
408 1644 573 1704 servierunt
584 1645 680 1715 venti,
696 1644 769 1702 dum
784 1644 841 1702 tela
854 1646 985 1705 hostium
1029 1647 1205 1705 divisionem
1223 1649 1330 1720 maris,
1345 1663 1438 1722 quam
1455 1648 1602 1706 lordonis.
1617 1648 1699 1705 Unde
1713 1649 1825 1708 Chana-

190 1727 222 1785 in
236 1728 378 1802 ipsosmet
396 1732 590 1800 retorserunt,
606 1729 638 1786 in
657 1744 760 1803 pugne
776 1733 879 1788 contra
892 1733 986 1802 liuge-
1028 1732 1085 1788 naei
1098 1731 1207 1805 aliique
1221 1734 1361 1804 Gentiles,
1372 1733 1424 1790 illa
1436 1731 1547 1802 audita,
1561 1732 1782 1806 obstupuerunt
1795 1738 1824 1792 et

190 1812 275 1868 nium
288 1816 459 1884 mannum.
473 1815 516 1871 lta
533 1828 648 1871 araueae
666 1813 830 1872 servierunt
848 1815 876 1872 S.
899 1815 986 1872 Felici
1029 1815 1235 1887 elanguerunt,
1245 1819 1277 1873 ut
1285 1820 1365 1889 patet
1373 1819 1451 1874 toruo
1462 1831 1495 1886 rr,
1512 1819 1556 1887 rt,
1569 1819 1598 1872 et
1611 1817 1709 1874 luditis
1718 1834 1783 1892 cap.
1794 1833 1823 1890 r,

190 1896 320 1965 Nolenu,
335 1895 410 1952 dum
422 1912 492 1954 eum
504 1895 603 1954 subito
618 1912 671 1954 sua
683 1897 742 1954 tela
755 1901 905 1968 texerunt,
915 1916 952 1956 ne
967 1916 986 1958 a
1028 1913 1105 1956 vers.
1120 1902 1165 1956 ta.

190 1978 436 2052 persequentibus
450 1981 638 2056 inveniretur.
656 1982 796 2039 Memoria
811 1982 874 2053 ejus
888 1983 985 2055 agitur
1066 1982 1227 2055 allegorice
1247 1983 1423 2056 Apostolus,
1443 1986 1453 2040 1
1474 1984 1596 2042 Corinth.
1619 1998 1660 2041 1:
1677 1988 1822 2055 «Patres,
1835 1995 1941 2054 allegori-

192 2065 229 2119 tr
238 2063 377 2134 januarii.
1028 2067 1142 2141 inquit,
1156 2065 1250 2124 nostri
1265 2068 1296 2122 iu
1317 2069 1393 2124 llose
1413 2065 1551 2139 baptizati
1570 2067 1686 2125 suntin
1699 2067 1779 2125 nube
1796 2073 1824 2126 et
1836 2061 1943 2104 cetram·

226 2147 352 2218 vestigia
370 2147 459 2218 hujus
477 2147 627 2218 ingressus
644 2152 672 2206 et
690 2149 831 2206 transitus
851 2150 987 2210 llebraeo·
1028 2151 1060 2206 in
1074 2149 1187 2208 mari.»
1204 2149 1343 2222 baptizati
1354 2152 1436 2218 sunt,
1450 2149 1560 2206 seilicet
1573 2149 1670 2223 typice
1678 2192 1688 2221 ,
1702 2155 1731 2206 et
1743 2151 1774 2206 in
1789 2151 1823 2208 a·
1836 2123 1943 2228 fflss

192 2247 277 2300 rum,
297 2246 331 2287 ac
349 2235 458 2287 tractus
480 2247 642 2301 curruum,
659 2235 852 2307 rotarumque
874 2236 986 2294 orbitas
1029 2249 1120 2304 gura,
1140 2237 1174 2290 ut
1194 2232 1308 2290 ibidem
1326 2232 1367 2290 ait
1387 2233 1546 2305 Apostolus
1553 2251 1562 2303 3
1587 2248 1657 2289 uam
1682 2234 1823 2290 transitus
1847 2245 1933 2298 mines·

192 2330 328 2385 manere,
339 2318 368 2372 et
381 2313 521 2372 divinitus
535 2331 652 2389 semper
662 2318 807 2388 reparari,
821 2321 886 2376 tum
898 2320 929 2376 in
940 2320 986 2377 lit·
1029 2316 1219 2373 Hebraeorum
1232 2332 1286 2388 per
1297 2331 1379 2374 mare
1392 2315 1527 2372 Rubrum
1542 2315 1728 2387 significabat
1741 2317 1823 2374 Chri·
1837 2303 1874 2408 ¹3⁸
1889 2305 1943 2362 ΝΡ·

156 2419 160 2428 ’
193 2402 266 2468 tore,
279 2404 343 2455 tum
354 2397 460 2471 inipso
470 2397 545 2455 mari
553 2399 653 2456 Rubro
661 2400 749 2457 tradit
758 2401 888 2472 Orosius,
897 2402 984 2475 lib.l,
1029 2401 1139 2460 stiauos
1150 2415 1205 2473 per
1217 2399 1400 2473 baptismum
1409 2403 1438 2456 et
1447 2399 1624 2470 sanguinem
1634 2400 1739 2458 Christi
1749 2401 1824 2474 bap·
1859 2378 1937 2411 smum

194 2497 258 2556 cap.
279 2497 299 2539 x
326 2480 399 2553 (ubi
416 2481 499 2537 addit
518 2482 593 2539 circa
614 2481 671 2538 hoc
690 2486 809 2558 tempus
830 2485 985 2558 contigisse
1028 2482 1116 2541 tismo
1131 2487 1321 2552 contentum,
1334 2483 1458 2540 transire
1478 2483 1509 2538 in
1530 2497 1640 2538 novam
1653 2483 1744 2540 vitem
1758 2499 1825 2554 gra·

193 2579 314 2638 quoque
323 2564 476 2621 Phaetonis
486 2564 683 2638 incendium).
693 2566 774 2624 ldem
784 2567 913 2626 insinuat
921 2571 986 2626 llio·
1028 2567 1092 2638 tiae3
1107 2567 1203 2624 nubes
1221 2566 1408 2639 significabat
1424 2565 1686 2624 sanctificationem
1700 2567 1823 2638 Spiritus
1883 2599 1886 2606 ·

194 2648 286 2708 dorus
305 2649 337 2705 in
358 2649 473 2715 Goteno,
489 2649 542 2722 qui
560 2649 615 2706 iuit
631 2656 795 2723 praeceptor
812 2654 839 2708 S.
861 2654 986 2726 Chryso·
1028 2652 1142 2721 Sancti,
1156 2655 1249 2709 lloses
1271 2651 1433 2720 Christum,
1452 2650 1537 2720 virgo
1559 2665 1695 2718 crucem,
1711 2650 1823 2708 Pharao

194 2731 299 2802 stomi,
314 2731 367 2805 qui
385 2735 415 2788 et
430 2732 513 2789 addit
526 2733 651 2790 Gentiles
669 2734 748 2790 hunc
764 2735 919 2793 transitum
933 2739 986 2794 tle·
1028 2734 1185 2794 diabolum
1196 2738 1226 2790 et
1238 2737 1409 2807 peccatum,
1424 2747 1534 2790 manaa
1548 2731 1769 2788 Eucharistiam.
1785 2734 1825 2790 lta

192 2814 343 2874 broeorum
350 2815 428 2872 sicco
437 2815 514 2888 pede
523 2831 576 2889 per
583 2832 675 2886 mare,
682 2817 849 2891 ascripsisse
859 2833 920 2877 non
931 2821 986 2878 mi·
1027 2818 1243 2886 theodoretus,
1262 2817 1401 2888 Origenes
1421 2820 1450 2872 et
1469 2815 1660 2886 Ambrosius,
1678 2814 1732 2871 lib.
1748 2815 1771 2870 11
1785 2817 1825 2872 lle
1900 2883 1906 2896 Ι

80 2902 175 2950 utvme-
192 2900 310 2970 raculo,
322 2899 376 2956 sed
391 2899 614 2972 reciprocationi
634 2900 732 2957 maris.
747 2901 829 2958 ldem
848 2903 986 2963 dixerunt
1027 2901 1161 2968 Sacram„
1176 2915 1240 2973 cap.
1257 2915 1301 2971 rr;
1316 2900 1510 2971 Augustinus,
1524 2915 1604 2956 sum.
1623 2900 1673 2965 903
1689 2901 1824 2972 Prosper,

73 2975 181 3071 Ἠ]
193 2982 356 3057 tlemphitoe
368 2986 440 3040 testa
454 2981 598 3054 Eusebio,
615 2981 669 3040 lib.
684 2985 716 3040 111
730 2986 768 3039 lle
779 2985 903 3056 Prupcr.
918 3003 984 3060 cap.
1028 2985 1038 3039 l
1060 2988 1136 3056 part.
1161 2983 1277 3040 Proedic.
1299 2997 1366 3056 cap.
1394 2996 1520 3053 mrum
1538 2981 1749 3050 Tertullianus,
1770 2979 1824 3038 lib.

80 3076 171 3144 recipis
193 3068 259 3140 ult.;
273 3067 347 3142 quin
360 3065 986 3140 ettosephusdubitetandivisiohaecmo·
1028 3071 1068 3123 De
1089 3070 1244 3138 baptismo,
1268 3081 1335 3139 cup.
1356 3080 1405 3136 ¹¹3
1427 3064 1615 3139 Cyprianus,
1630 3064 1715 3137 epist.
1731 3066 1767 3122 'ld
1787 3065 1826 3120 ud

0 3149 1 3170 ¹
88 3149 167 3196 ⁰³¹¹⁰¹¹¹
193 3153 234 3211 ris
246 3149 541 3223 miraculosaiuerit,
555 3165 594 3208 an
607 3150 760 3208 naturabs.
775 3153 868 3208 «Nam
881 3155 910 3209 et
923 3153 987 3210 Ale·
1028 3151 1173 3220 Moenum,
1188 3149 1290 3207 etalii.

0 3242 1 3257 ¹
80 3210 177 3318 ”53:2¹¹
193 3237 300 3296 xandri
312 3235 409 3308 blagni
425 3235 533 3306 ductu,
548 3235 664 3308 inquit,
682 3249 763 3290 mare
777 3231 987 3308 Pamphylium
1064 3236 1270 3310 tropologice,
1291 3235 1415 3309 pulchre
1435 3235 1522 3293 docet
1543 3237 1693 3308 Nyssenus
1713 3233 1745 3291 iu
1762 3232 1826 3292 vite

1 3309 2 3318 ’
103 3339 156 3379 mne
194 3321 296 3392 cessit,
318 3324 349 3378 et
366 3319 421 3376 iter
445 3319 576 3393 aperuit,
596 3335 666 3375 cum
690 3320 766 3375 Deus
789 3319 854 3391 ejus
874 3334 985 3393 opera,
1029 3324 1130 3393 blesis,
1145 3321 1302 3396 quomodo
1322 3323 1395 3379 vitia
1413 3337 1483 3379 cum
1504 3321 1596 3379 armis
1616 3320 1678 3378 suis
1692 3335 1825 3391 mergere
1877 3360 1880 3365 -

75 3395 179 3442 matites
193 3404 233 3462 ad
246 3404 460 3464 destruendum
473 3405 628 3460 Persarum
642 3401 818 3476 imperium,
831 3403 874 3459 uti
887 3403 988 3460 deere-
1029 3405 1202 3466 debeamus.
1220 3405 1452 3478 cAEgyptiorum
1470 3405 1549 3460 enim
1568 3403 1697 3477 equites,
1712 3403 1824 3476 inquit,

192 3489 291 3546 uisset.
306 3509 321 3543 o
1028 3490 1140 3564 pedites
1154 3492 1183 3546 et
1195 3505 1316 3558 currus,
1330 3492 1400 3544 sunt
1416 3487 1509 3544 animi
1524 3487 1697 3560 passiones,
1714 3486 1826 3560 quibus

1 3577 2 3582 ’
74 3571 182 3620 nerctun-
229 3575 336 3632 Verum
350 3570 546 3630 clarissimum
560 3574 603 3628 est
616 3570 693 3628 hanc
706 3569 882 3628 divisionem
896 3570 987 3628 maris
1030 3573 1165 3630 servitute
1188 3571 1280 3629 homo
1305 3570 1469 3641 subjicitur.
1501 3568 1579 3638 Quid
1605 3569 1685 3626 enim
1708 3569 1825 3632 abillo

73 3639 122 3682 ²¹¹¹·
193 3657 282 3716 luisse
295 3657 399 3728 ingens
411 3655 587 3713 miraculum
604 3673 611 3711 :
627 3655 710 3712 nulla
724 3656 804 3711 enim
816 3653 907 3710 maris
917 3655 989 3711 reci·
1029 3655 1233 3728 AEgyptiorum
1247 3654 1376 3712 exercitu
1394 3653 1439 3709 ira
1456 3651 1567 3720 effusa,
1581 3651 1721 3724 voluptas
1734 3651 1827 3710 effres-

194 3741 325 3816 procatio
339 3755 421 3798 mare
434 3739 537 3809 findit,
547 3739 588 3796 ita
599 3743 631 3795 ut
643 3739 675 3794 iu
689 3739 788 3796 medio
801 3737 865 3808 ejns
877 3737 928 3794 fiat
939 3738 988 3794 vie
1030 3745 1112 3809 nata,
1127 3740 1215 3796 dolor
1234 3739 1464 3807 immoderatus,
1487 3736 1616 3793 avaritiae
1636 3735 1752 3794 ioeditas
1773 3736 1827 3794 dil·

194 3826 375 3899 amplissima
388 3825 427 3881 ad
441 3821 674 3891 transeundum,
686 3822 730 3878 uti
742 3822 791 3877 hie
803 3820 987 3890 factumest3
1030 3822 1107 3879 terti
1116 3839 1215 3879 nonne
1225 3823 1312 3894 quasi
1321 3823 1405 3878 hasta
1415 3825 1544 3877 tremens
1557 3821 1608 3876 iroe
1621 3819 1749 3893 impetus
1763 3822 1828 3878 esti

193 3910 324 3969 refluxus
337 3909 416 3965 enim
434 3907 524 3964 maris
537 3905 630 3962 nudat
643 3909 759 3962 tantum
773 3905 859 3977 aquis
872 3905 971 3960 littora
978 3945 988 3975 ,
1030 3921 1131 3964 nonne
1147 3906 1235 3978 quasi
1251 3903 1396 3960 effrronati
1409 3903 1480 3975 eqni
1497 3903 1556 3959 huc
1576 3906 1605 3958 et
1623 3902 1694 3959 illuc
1707 3919 1828 3962 currum

194 3992 243 4049 rel
251 3990 399 4048 littoribus
408 3989 506 4045 vicina
516 3988 591 4044 loca.
601 3990 730 4044 Rursum
743 3987 845 4042 nullus
858 3987 989 4044 refluxus
1030 3989 1195 4055 trahentes,
1224 3986 1324 4042 nimiu
1348 3985 1514 4056 voluptates
1539 3983 1674 4041 animum
1697 3987 1829 4043 vexanti

196 4075 286 4133 maris
299 4073 404 4143 efficit,
418 4076 452 4128 ut
464 4069 612 4142 utrimque
632 4083 719 4141 aqum
736 4068 829 4124 instar
847 4068 926 4122 muri
943 4083 991 4124 as·
1032 4072 1120 4124 Erant
1133 4067 1220 4124 etiam
1233 4068 1360 4122 Tristatee
1371 4067 1402 4122 in
1416 4066 1563 4137 curribus,
1577 4071 1636 4123 tres
1649 4067 1785 4126 videlicet
1798 4071 1829 4125 in

196 4163 334 4231 surgant,
348 4160 377 4214 ct
396 4154 557 4213 consistent
576 4151 765 4221 immobiles,
780 4150 876 4207 donec
896 4154 991 4206 trans·
1032 4150 1156 4220 singulis
1170 4150 1347 4218 bellatores,
1359 4149 1470 4221 quibus
1483 4149 1659 4222 tripartitam
1671 4151 1762 4207 animi
1775 4167 1830 4223 pc·

195 4246 242 4302 eat
256 4240 405 4318 populus,
420 4242 449 4297 et
466 4253 539 4296 mox
551 4235 741 4300 revolvantur
753 4235 785 4291 in
802 4232 902 4291 hostes
921 4248 990 4290 eum
1032 4236 1165 4290 testatem
1185 4233 1309 4303 intelligi
1328 4231 1492 4302 eredimus,
1505 4232 1679 4288 rationalem
1699 4233 1825 4302 scilieet,

195 4329 417 4402 persequentes,
1033 4315 1309 4388 concupiscibilem,
1323 4315 1519 4384 irascibilem,
1536 4315 1590 4371 has
1609 4317 1667 4371 tres
1684 4315 1831 4386 potentias

232 4409 319 4482 Quod
336 4410 374 4467 de
393 4407 470 4464 mari
487 4403 662 4478 Pamphylio
679 4403 721 4461 ait
737 4400 900 4474 losephns,
914 4399 992 4456 illud
1034 4403 1246 4474 depravatas.»
1262 4399 1372 4456 Deinde
1390 4399 1476 4456 docet
1490 4399 1552 4456 hoec
1564 4397 1666 4454 omnia
1680 4397 1830 4474 baptismo

195 4491 364 4553 Alexandro
382 4489 520 4560 cessisse,
542 4486 646 4546 tabula
665 4489 724 4556 est3
742 4499 831 4554 uam,
849 4486 882 4539 ut
903 4482 991 4540 docet
1033 4483 1190 4555 mergi,et
1201 4497 1269 4538 cum
1283 4497 1319 4539 ex
1339 4499 1375 4539 eo
1390 4483 1568 4556 emergimus
1575 4481 1772 4552 ,uibilexiis
1789 4487 1832 4539 at·
1929 4512 1933 4521 ·

196 4577 312 4648 Strabo,
325 4575 378 4633 lib.
391 4576 459 4644 lllV,
468 4569 633 4630 Alexander
646 4585 707 4625 non
717 4567 794 4625 illud
806 4566 990 4640 penetrando
1032 4566 1213 4624 trahendum
1237 4581 1315 4636 esse,
1335 4566 1389 4622 sed
1407 4565 1509 4622 omnia
1526 4565 1558 4622 in
1578 4580 1659 4640 aque
1675 4564 1833 4622 submersa
1885 4583 1890 4592 ·

197 4665 226 4720 et
238 4658 448 4736 pervadendo,
464 4656 517 4713 sed
531 4655 612 4711 illius
625 4653 707 4708 littus
727 4649 913 4722 obliquando
926 4651 991 4704 tan·
1033 4650 1162 4723 relinqui
1176 4648 1295 4705 debere.

196 4747 272 4816 tum,
286 4759 354 4802 oum
366 4741 427 4800 suis
435 4739 570 4798 transivit
582 4734 725 4793 umbilico
735 4739 822 4790 tenus
827 4751 836 4802 3
849 4747 992 4805 prospera
1069 4735 1115 4790 Pl.
1130 4734 1241 4800 Jsuous
1255 4747 1420 4789 serrarum
1434 4745 1949 4803 vrcrnrrurmrm1,rrrccrrm.ta

196 4828 340 4888 tamenin
351 4828 407 4883 bac
421 4839 476 4883 sua
488 4820 614 4880 audacia
627 4834 700 4876 usus
713 4821 757 4874 ost
770 4815 899 4884 fortuna,
910 4815 942 4870 in
954 4828 990 4870 eo
1035 4831 1194 4874 sussiciens
1210 4817 1335 4870 Derisus
1349 4830 1436 4870 suras
1450 4829 1556 4872 essunt
1569 4817 1764 4874 AEorrrrcnuu
1778 4830 1832 4873 run
1883 4827 1887 4838 ·

196 4912 300 4988 quod,
319 4913 352 4969 in
367 4911 465 4968 hieme
485 4907 562 4966 illud
574 4904 740 4972 transiens,
757 4898 897 4957 fluctibus
912 4897 993 4954 illius
1035 4914 1188 4958 acturus-u
1203 4912 1287 4953 rents
1304 4927 1337 4940 -
1351 4901 1383 4950 Τὸ
1401 4899 1546 4967 respiciens
1560 4897 1705 4969 siguificat
1719 4898 1832 4956 colum·
1844 4915 1951 4963 Μαι.

197 4996 390 5056 redeuntibus
418 4992 457 5052 ab
469 4992 505 5048 iis
518 5005 580 5047 non
593 4990 630 5046 sit
646 5000 815 5061 oppressus.
974 4993 977 5000 ·
1035 4982 1209 5042 namnubis
1229 4981 1313 5056 quasi
1328 4997 1358 5048 se
1373 4981 1578 5054 aperuissent
1601 4984 1729 5055 Angelus
1752 4984 1784 5040 in
1798 4999 1833 5042 ea
1865 4979 1927 5052 „¹⁰¹¹”

40 5073 49 5088 '
89 5085 174 5133 ntimo
234 5088 327 5142 Nota:
343 5037 414 5140 Huic
433 5077 572 5138 divisioni
589 5076 680 5133 maris
700 5071 804 5130 similis
817 5070 873 5128 luit
886 5069 993 5127 divisio
1035 5068 1129 5124 latens
1144 5081 1198 5140 per
1211 5063 1313 5122 lumen
1327 5079 1484 5120 coruscum
1502 5079 1533 5121 se
1552 5067 1733 5141 ostenderet,
1748 5067 1834 5125 etin·
1847 5039 1955 5146 {iffi

101 5149 167 5193 Μή*
198 5170 349 5240 iordanis,
363 5166 440 5224 iacta
457 5164 515 5222 sub
530 5165 800 5232 tosue,perquam
818 5155 930 5212 tlebraei
943 5168 994 5227 pe·
1035 5155 1167 5210 tueretur
1180 5149 1504 5223 castraAEgypticrum,
1517 5147 1676 5207 acmoxiu
1690 5150 1834 5222 eaejacu·
1859 5161 1942 5217 rem

86 5207 566 5319 fflfflnetraruntincbanaam
580 5245 685 5304 eadem
699 5239 855 5300 tomenilli
867 5237 995 5296 dissimi·
1036 5233 1147 5292 leretur
1155 5231 1450 5305 tonitrua,iulmina,
1460 5231 1589 5306 lapides,
1602 5238 1654 5291 aut
1663 5233 1833 5306 ignitetela,
1873 5223 1926 5268 ²¹⁰*

4 5329 9 5348 '
80 5331 103 5377 ¹2
130 5343 187 5389 er·-
200 5337 434 5411 listuit,prtmo,
449 5334 482 5393 in
494 5345 531 5391 ee
543 5327 629 5407 quod
638 5324 746 5388 divisio
758 5321 849 5384 maris
861 5321 939 5383 tacto
951 5324 997 5381 est
1037 5319 1149 5395 quibus
1162 5324 1243 5382 rotas
1261 5324 1291 5378 et
1304 5316 1418 5391 equites
1433 5316 1571 5376 curribus
1584 5318 1728 5472 exgtgssit,
1741 5315 1835 5404 utbio

382 5445 405 5490 ι.
980 5470 1012 5479 ..
1153 5440 1157 5448 ·
