4134 6056
288 374 341 438 roe
795 362 1038 426 commeatu
1053 365 1089 422 ra
1105 355 1267 433 emmiu
1285 375 1349 420 ω.
1366 357 1413 418 ιιι.

324 485 455 542 &mursa
468 487 560 537 eman
574 489 610 533 er
622 481 731 544 eltae,
740 472 854 546 -quia
866 480 920 546 per
930 469 1082 545 experien-
1123 461 1694 540 diaboluspromiserat,uc1ubenseum
1704 465 1842 516 securum
1851 469 1918 514 csse

287 568 360 626 tiam
374 564 470 623 scietis
484 563 630 636 quantum
642 557 756 615 malum
770 556 807 611 sit
820 553 1037 624 inobedientia,
1053 555 1084 609 et
1124 567 1142 608 a
1161 554 1243 607 metu
1254 549 1374 617 mortis,
1388 561 1457 604 cum
1467 561 1534 603 eam
1547 559 1616 618 quae
1633 541 1802 600 comederat
1814 551 1918 612 super-

289 652 503 724 conssquenter
516 648 662 719 quantum
675 641 791 699 bonum
800 641 837 696 sit
846 639 1029 697 obedientiae
1043 639 1083 694 lta
1124 635 1220 692 etitem
1232 633 1405 690 viderctsitu
1415 630 1474 686 cito
1484 628 1606 702 decepta
1615 627 1672 684 cito
1681 623 1915 697 decepitvirum.

289 735 403 808 aliqui:
420 732 506 807 quasi
519 742 622 786 verum
636 725 684 784 hic
699 724 805 783 dixerit
818 724 952 794 daemon,
969 736 1081 795 suaque
1093 723 1106 738 ‘
1126 719 1219 776 edam
1241 717 1321 775 enim
1342 716 1422 772 bisce
1441 713 1549 771 auditis
1569 712 1600 769 in
1618 709 1789 784 superbiam
1810 707 1916 776 status,

287 818 344 876 hac
358 815 480 889 stropha
495 813 619 871 illuserit
628 813 703 878 Evae,
719 823 787 882 quae
801 807 931 881 amplius
946 805 1021 880 quid
1034 805 1083 862 hio
1125 805 1326 874 appetensque
1341 795 1574 855 omniscientiam
1587 793 1706 865 coniugi
1716 790 1875 860 consensit,
1889 793 1918 847 ai

288 900 345 959 sibi
358 898 490 974 promitti
508 888 642 971 putabat.
663 895 770 951 ilerum
787 891 853 948 dico
871 904 935 947 assa
952 887 1083 946 hebrais—
1124 884 1253 942 comedit
1267 899 1303 939 ex
1314 881 1397 952 ligno
1407 875 1745 937 vetitoseaamuiiera
1758 874 1918 931 factumest

287 1001 396 1043 mum:
418 980 512 1040 scietis
530 977 645 1036 bonum
666 981 694 1035 at
713 975 845 1044 maium,
866 973 898 1031 id
908 977 968 1043 est,
986 971 1083 1028 scietis
1124 967 1240 1024 initium
1254 965 1382 1038 peccati,
1399 966 1427 1021 et
1446 976 1499 1034 per
1513 961 1596 1018 iiiam
1608 971 1713 1017 omnes
1725 958 1914 1027 morimur„

292 1067 396 1126 omnia
408 1075 604 1140 quecumque
618 1055 1082 1127 bonasuntveimua,verava1
1125 1049 1208 1106 dccii.
1224 1063 1280 1106 xxv
1287 1087 1298 1119 ‚
1311 1049 1357 1105 33.
1371 1046 1460 1104 eduis
1472 1046 1501 1101 S.
1518 1042 1715 1115 Augustinus,
1731 1040 1784 1098 lib.
1799 1042 1855 1097 xiv
1879 1041 1917 1096 ile

288 1151 378 1221 laisa,
399 1149 561 1208 necessaria
574 1143 621 1203 vel
641 1142 854 1215 contingentia,
871 1143 904 1196 ut
918 1139 1083 1198 discernere
1125 1134 1208 1191 dicit.
1223 1149 1289 1206 cap.
1299 1147 1341 1202 ιι,
1350 1130 1510 1199 ldamum,
1522 1143 1559 1185 eo
1567 1127 1652 1200 quod
1660 1140 1723 1184 non
1731 1128 1807 1182 esset
1814 1139 1917 1198 expar-

291 1223 1081 1311 possitisquidutilesii‚quidinuti1e;quidagcndum,
1123 1222 1171 1276 ius
1180 1219 1229 1276 bei
1238 1217 1431 1286 severitatem,
1440 1210 1682 1289 putaseereniale
1692 1208 1915 1266 cssebocsuum

289 1319 364 1396 quid
376 1316 552 1390 iuglandum
565 1311 594 1368 ln
609 1305 699 1368 rebus
713 1309 863 1367 omnibus.
1124 1303 1288 1374 peceatum,
1301 1298 1446 1373 facileque
1459 1313 1490 1355 se
1503 1296 1584 1354 iilius
1596 1290 1713 1352 reniam
1727 1294 1810 1350 ailae
1821 1289 1913 1364 impe·

170 1413 230 1460 aare
254 1417 276 1460 a.
324 1407 351 1462 θ.
372 1403 455 1458 Vrnrr
476 1403 573 1456 rumai
594 1401 709 1451 unitae.
724 1421 760 1436 -
773 1393 856 1450 Prius
875 1391 1007 1462 viderat,
1028 1390 1083 1448 sed
1124 1387 1282 1442 iraturum.

198 1551 205 1562 ,
290 1488 351 1545 sinc
364 1479 601 1556 concupiscentia
614 1474 790 1534 comedendi
797 1493 806 1546 ;
823 1475 886 1547 jam
903 1478 972 1548 post
985 1478 1080 1532 tenta-
1160 1467 1646 1538 Discentbicviri‚mulicresasse
1659 1461 1840 1536 periculosas
1853 1461 1914 1519 iiie-
1939 1470 2041 1526 nonis,

190 1579 198 1599 ¹
289 1571 400 1629 tionem
419 1566 496 1624 eluta
518 1561 550 1622 iu
563 1559 755 1635 superbiam,
770 1558 850 1616 ridet
864 1559 940 1616 iliud
957 1558 996 1616 ed
1014 1573 1084 1616 con·
1123 1549 1226 1608 cebras
1243 1556 1272 1609 ct
1293 1567 1383 1610 suere
1400 1559 1566 1619 venenum,
1584 1559 1653 1606 cum
1673 1547 1734 1603 auis
1748 1546 1913 1620 concupitis
1927 1543 1955 1577 ¹¹⁸
1992 1534 2046 1579 *Η

288 1651 501 1728 cupiscendum
518 1654 547 1706 et
560 1643 789 1704 comedendum.
803 1642 881 1700 Vidit
893 1657 979 1714 ergo,
995 1642 1027 1698 id
1040 1645 1083 1700 est
1123 1639 1153 1691 et
1165 1635 1408 1709 concupiscentiis
1421 1633 1591 1703 indulgent,
1612 1629 1722 1704 quibus
1741 1645 1773 1688 aa
1792 1634 1821 1686 et
1833 1630 1914 1687 viros
1929 1605 2046 1702 effla·-

288 1737 451 1806 curiosius,
465 1737 494 1791 ct
508 1747 577 1790 cum
590 1730 741 1802 voluptate
755 1726 929 1784 illecebrosa
944 1726 1020 1784 iilud
1037 1726 1081 1782 in-
1123 1719 1253 1792 perdunt
1268 1736 1275 1774 =
1298 1720 1334 1775 iis
1351 1733 1423 1790 ergo
1443 1717 1565 1774 viriiiter
1578 1731 1609 1772 ee
1622 1716 1777 1788 opponant
1788 1717 1818 1770 et
1830 1714 1914 1772 resis-
1927 1715 2045 1786 eprime-

189 1861 194 1876 .
288 1823 477 1887 tuberatae
491 1831 610 1875 morose
623 1809 829 1870 consideravit.
1124 1805 1196 1859 tant.
1212 1803 1382 1859 eiiamento
1396 1815 1513 1873 semper
1530 1798 1614 1873 quod
1626 1787 1757 1871 peradisi
1773 1796 1915 1856 colonum
1927 1781 1981 1846 ²¹²¹?
2006 1777 2044 1821 ¹⁸·

323 1904 365 1957 Ex
378 1907 411 1970 τῷ
424 1901 514 1969 igiter
527 1899 605 1968 patet
616 1896 722 1962 ilvam,
740 1893 810 1964 post
822 1888 916 1946 verba
927 1888 1082 1962 serpentis,
1125 1885 1162 1942 de
1177 1885 1363 1957 possessione
1377 1899 1432 1942 sua
1445 1883 1551 1940 mulier
1564 1881 1688 1954 ejecerit,
1700 1899 1715 1936 e
1729 1879 1805 1940 aits.
1817 1881 1916 1939 iiicro-
1946 1847 2018 1944 ’ᾗ

288 2000 351 2042 non
364 1985 430 2040 aute
445 1993 592 2055 peccasse.
608 1979 763 2048 Perperam
777 1989 847 2044 ergo
859 1975 1004 2045 Repertus
1015 1987 1083 2030 cen·
1124 1981 1245 2042 aymus,
1259 1969 1343 2041 episi.
1359 1968 1397 2024 cd
1406 1970 1598 2039 Nepotianum.
1694 2008 1698 2016 .

288 2072 331 2126 sci
344 2083 408 2125 eam
423 2070 489 2122 ante
499 2075 634 2135 peccasse
649 2061 754 2132 sponte
764 2055 964 2131 superbiendo
972 2095 982 2125 ‚
991 2059 1020 2111 et
1035 2056 1081 2113 in·
1160 2057 1201 2113 ita
1209 2055 1276 2112 iecit
1288 2057 1419 2126 Saturus,
1435 2055 1568 2113 iiunerioi
1581 2054 1657 2126 regis
1669 2053 1915 2128 procesusque

288 2153 378 2210 terius
399 2144 637 2220 concupiscendo
659 2155 786 2216 pomum
811 2139 947 2210 vetituma
979 2138 1084 2196 diabo-
1124 2138 1165 2197 ad
1186 2139 1378 2198 arianismum
1399 2139 1572 2198 sollicitatus
1590 2138 1712 2209 abnuit3
1741 2147 1813 2196 mox
1839 2149 1916 2196 uxor

288 2237 352 2294 ium
367 2233 474 2293 deinde
482 2229 649 2298 accessisse,
663 2229 696 2282 ut
704 2241 771 2282 eam
783 2224 823 2280 ad
829 2227 984 2297 peccatum
994 2237 1083 2296 opere
1123 2222 1230 2281 timens
1246 2221 1366 2281 familiae
1387 2223 1585 2291 eversionem,
1599 2222 1735 2280 adduciis
1757 2221 1858 2280 liberis
1876 2223 1918 2281 ad

288 2323 408 2378 externo
423 2311 695 2374 consummandum
708 2308 884 2382 impelleret.
1124 2321 1221 2378 genua
1233 2307 1331 2366 mariti
1341 2307 1519 2378 advolvitur,
1531 2316 1644 2381 perque
1658 2305 1759 2364 omnia
1772 2316 1854 2364 secra
1863 2305 1917 2364 ob·

324 2407 439 2471 Βοιιυιι,
454 2427 489 2442 -
503 2411 607 2464 suave,
623 2393 762 2467 sapidum
772 2394 801 2448 at
814 2394 932 2462 gratum
946 2392 1020 2448 esset
1030 2406 1083 2464 pa·
1124 2392 1255 2462 testatur,
1270 2391 1443 2450 misereatur
1456 2392 1513 2455 sui,
1528 2395 1557 2448 ct
1569 2390 1725 2464 pandentis
1740 2389 1845 2448 alacre
1855 2404 1916 2449 mc·

288 2491 348 2548 iato
372 2487 411 2544 ad
431 2481 631 2540 assuendum:
652 2476 735 2534 color
754 2491 856 2533 roseus
877 2490 1038 2549 pomorum
1054 2479 1083 2532 et
1123 2473 1175 2530 tris
1187 2473 1287 2533 filiolae
1299 2476 1486 2550 aliorumque
1499 2475 1679 2549 pignorum:
1697 2477 1789 2532 Deum
1805 2474 1917 2532 medo·

288 2585 457 2631 cerasorum
470 2565 559 2623 index
575 2567 618 2620 est
628 2562 752 2635 saporis,
767 2560 930 2633 gulamque
942 2559 1044 2618 irritat.
1123 2561 1263 2616 naturum
1289 2559 1374 2633 quod
1397 2559 1507 2616 inritus
1533 2559 1597 2633 ipse
1623 2557 1738 2630 lecerit,
1767 2573 1837 2616 cum
1864 2558 1916 2618 aiii

323 2661 505 2719 Ᾰιιιΰΐῦιὶῑιῑ
528 2656 727 2705 sssslssflfflstss·
745 2669 781 2688 ····
805 2642 961 2714 Hebrum,
982 2649 1082 2706 renas
1123 2641 1255 2716 idipsum
1267 2643 1387 2702 termini
1398 2643 1651 2702 voluntarii'ium
1663 2643 1807 2716 ipserum
1825 2642 1912 2702 §.iob

287 2722 410 2805 binum
429 2733 588 2792 amectmad
603 2731 724 2794 telariii,
739 2728 771 2784 id
791 2731 834 2785 est
853 2727 1082 2800 concupiscibile
1124 2725 1153 2784 ei
1172 2728 1349 2801 respondit:
1373 2729 1555 2802 «Tanquam
1575 2742 1636 2785 una
1652 2741 1690 2784 ex
1709 2726 1915 2801 insipientibus

289 2826 329 2883 ad
346 2818 589 2891 intelligendum
606 2813 690 2888 quod
705 2810 818 2868 iiebrtei
834 2814 998 2885 exponunt,
1013 2824 1083 2871 con·
1123 2811 1299 2869 mulieribus
1311 2811 1443 2886 loquaris
1459 2828 1467 2868 :
1481 2810 1706 2869 reformidarem
1719 2811 1785 2882 ista,
1798 2811 1914 2882 mulier,

288 2904 460 2982 cupiscibiie
479 2902 519 2959 ad
538 2898 687 2956 scientiam
708 2900 736 2953 et
752 2894 943 2969 prudentiam
963 2909 1083 2968 compa·
1124 2893 1273 2952 sitantum
1286 2895 1375 2968 hrrjus
1389 2895 1457 2954 rite
1470 2894 1598 2954 dulcedo
1608 2898 1683 2952 esset
1694 2893 1794 2954 lutura
1802 2909 1915 2967 amara,

288 2993 424 3051 randum.
447 2989 486 3044 ile
510 2999 546 3042 eo
567 2981 645 3040 euim
669 2979 783 3037 dixerat
806 2993 949 3052 serpens:
971 2978 1083 3037 «Eride
1124 2977 1155 3036 in
1176 2979 1335 3039 amissione
1353 2995 1453 3038 rerum
1465 2984 1649 3049 nostraruma
1670 2979 1731 3037 imo
1748 2979 1773 3036 si
1791 2983 1824 3037 tu
1847 2995 1915 3039 vere

288 3077 364 3134 sicut
381 3073 438 3143 dit,
459 3070 583 3127 scientes
600 3065 716 3122 bonum
737 3067 765 3122 at
782 3062 935 3122 malama
962 3063 1081 3135 Verum,
1124 3059 1261 3135 diligeres
1273 3064 1427 3135 maritum,
1442 3075 1598 3138 nunquam
1609 3075 1679 3120 aum
1692 3061 1751 3120 tuis
1765 3063 1914 3122 insidiosis

289 3162 359 3236 qttie
373 3162 432 3215 lire
445 3155 504 3213 boc
520 3152 622 3210 ridere
638 3149 782 3224 nequibat
802 3147 898 3206 oeulis
916 3148 1081 3222 corporcis,
1123 3144 1286 3220 blanditiis,
1295 3149 1470 3208 insecenda
1483 3147 1587 3207 mortis
1598 3147 1723 3207 exitium
1733 3148 1915 3222 precipitare

228 3259 232 3270 ·
290 3243 454 3319 dequibus
472 3242 498 3292 τι
518 3237 590 3294 cidit
609 3234 657 3292 bic
677 3233 771 3306 accipi
808 3236 888 3306 patet
910 3247 947 3289 ex
960 3232 1082 3291 duobus
1123 3234 1280 3291 conareris.
1295 3237 1366 3305 ege,
1380 3233 1544 3292 distrahant
1557 3230 1668 3292 liberm
1675 3232 1828 3304 ,auterant
1841 3249 1915 3291 uxo·

289 3328 431 3392 membris
453 3317 708 3399 praecedentibus:
730 3317 799 3376 irinc
821 3318 954 3386 secundo,
976 3319 1082 3377 melius
1123 3331 1197 3388 rem,
1211 3317 1352 3392 diripiant
1365 3318 1527 3378 iacultetss.
1545 3316 1915 3391 Egobominiprcmissio·

289 3421 390 3476 noster
401 3407 560 3482 interpres,
578 3404 732 3462 Chaidaeus
753 3405 781 3459 et
798 3401 939 3460 vatabius
948 3401 1081 3475 vertunt,
1124 3415 1197 3458 num
1210 3401 1299 3473 plane
1312 3412 1441 3474 murus,
1455 3400 1590 3460 verbale
1603 3405 1701 3460 menie
1713 3401 1776 3460 lixa
1788 3401 1910 3462 tenebor

289 3493 493 3569 concupiscibile
508 3491 545 3546 ad
558 3487 800 3559 contemplandum,
814 3486 898 3558 quod
912 3486 1082 3544 scilicetsua
1123 3485 1152 3544 Si
1168 3486 1237 3560 quis
1248 3501 1309 3546 non
1320 3485 1471 3560 reliquerit
1483 3500 1627 3556 uxorem,
1648 3483 1777 3554 liberos,
1796 3499 1912 3560 agrum,

288 3585 385 3641 torma
397 3585 426 3635 et
438 3571 658 3650 pulchritudine
669 3569 759 3643 (unde
772 3573 802 3626 et
814 3570 1006 3642 Septuaginta
1016 3585 1082 3627 rer·
1124 3571 1175 3626 aut
1185 3568 1327 3640 domum,
1340 3585 1425 3628 meras
1439 3583 1500 3627 non
1512 3568 1621 3642 poterit
1632 3581 1695 3626 assa
1709 3568 1881 3642 discipulus.
1896 3590 1911 3625 a

288 3669 355 3724 tunt
367 3664 460 3732 ὡραῖον,
473 3657 559 3714 idest
572 3653 835 3726 spadorumliivam
845 3652 1083 3724 quosidetineret
1124 3653 1201 3710 iixor
1224 3652 1347 3712 discedit
1370 3671 1378 3710 ε
1398 3655 1518 3712 Saturus
1540 3652 1683 3726 spoliatus
1704 3652 1864 3723 omuibus,
1885 3657 1916 3710 et

288 3751 320 3808 in
331 3757 452 3805 moroso
466 3740 513 3798 sui
527 3737 633 3796 iutuitu
647 3741 677 3795 ct
688 3735 946 3808 contemplatione.
1123 3735 1223 3794 multis
1241 3737 1393 3812 suppliciis
1413 3735 1600 3806 debilitatus,
1624 3736 1776 3794 mendicus
1791 3737 1914 3794 demum

323 3832 395 3889 Vide
410 3829 447 3885 de
457 3823 623 3882 curiositate
632 3827 660 3878 ct
669 3821 804 3877 custodia
813 3819 970 3877 oculorum
976 3822 1005 3878 S.
1015 3824 1083 3880 Gre—
1122 3818 1308 3894 relinquitur.
1322 3822 1412 3880 'iestis
1425 3825 1469 3878 esi
1480 3821 1575 3879 Victor
1584 3819 1762 3878 Uticensisio
1776 3823 1912 3879 Peraeae.

288 3917 407 3991 geriem
420 3912 474 3970 XX!
490 3910 588 3965 Marci.
604 3919 635 3964 ¹¹·
654 3904 731 3963 Audi
751 3907 779 3961 el
794 3905 822 3961 S·
836 3905 1028 3976 Bernardum,
1043 3909 1082 3966 iia
1127 3905 1255 3962 Weedci.
1280 3905 1344 3965 Pari
1358 3905 1451 3965 modo
1477 3906 1603 3964 ihomas
1623 3906 1720 3963 iiorus
1742 3905 1829 3964 uxori
1851 3921 1913 3964 auae

290 3995 612 4059 acemanecestriae,
626 3989 657 4046 in
670 3989 778 4062 primo,
793 3988 846 4061 qui
860 3992 903 4044 cst
912 3987 1079 4048 curiositas:
1122 3989 1235 4059 restitit,
1249 3990 1359 4064 licique
1384 3989 1529 4048 offensam
1542 3988 1662 4048 offense
1680 3987 1774 4060 regis,
1786 3992 1815 4046 et
1833 4005 1914 4048 ever·

290 4085 409 4151 «Serra,
421 4081 517 4148 oliva,
527 4073 731 4144 commissum,
742 4075 878 4146 exspecta
886 4073 1081 4146 promissum,
1124 4073 1200 4132 sioni
1213 4071 1334 4132 familias
1346 4089 1408 4131 suas
1419 4073 1560 4147 pretulit.

287 4180 358 4224 care
375 4161 579 4238 prohibitum,
598 4173 642 4255 'ne
664 4157 773 4233 perdes
793 4171 977 4216 conoessum.
1003 4159 1082 4227 Quid
1158 4164 1213 4231 Qui
1232 4175 1366 4220 conarer.
1387 4189 1423 4203 -
1443 4163 1528 4220 Notat
1551 4160 1682 4218 Pererius
1705 4165 1773 4220 octo
1793 4165 2040 4236 pwcataocepoe.

287 4253 371 4306 tuam
384 4247 509 4304 mortem
521 4247 583 4300 tam
596 4245 704 4300 intente
716 4242 860 4299 intueris?
871 4242 946 4317 quid
958 4241 1081 4301 iliatam
1121 4244 1192 4304 idas
1208 4261 1215 4301 ε
1235 4249 1356 4318 peanum
1375 4244 1431 4302 fuit
1448 4244 1603 4318 superbla;
1619 4244 1780 4311 accredere,
1802 4245 1911 4304 nimius
1922 4231 2038 4279 md*

286 4331 392 4390 crebro
400 4326 538 4399 regentia
550 4325 846 4398 iuminaJ'ecisiquid
856 4328 986 4397 spectare
995 4325 1080 4397 libet,
1122 4343 1206 4386 amor
1219 4327 1355 4401 placendi
1376 4327 1464 4385 uxori
1485 4343 1564 4398 sute3
1588 4331 1717 4395 tracum,
1738 4327 1910 4401 curiositaea

330 4415 372 4473 od
384 4413 564 4472 manducare
578 4424 640 4466 non
653 4409 740 4502 iicet?
753 4409 876 4478 Oculos,
890 4408 1001 4482 inquis,
1015 4413 1080 4466 ten·
1122 4418 1260 4484 quartem,
1274 4410 1484 4469 incredulitas:
1503 4411 1589 4485 quasi
1602 4414 1679 4468 ilaus
1693 4415 1821 4469 mortem
1833 4411 1911 4484 figu-

309 4515 339 4570 o,
351 4512 413 4556 non
426 4508 550 4553 manum
560 4510 569 4548 ε
579 4506 641 4549 non
654 4496 698 4548 est
706 4491 893 4548 rntcrdictum
903 4506 940 4547 ne
949 4492 1078 4564 videam,
1121 4498 1201 4565 rate,
1213 4495 1261 4551 rel
1275 4495 1498 4552 comminatorie
1505 4535 1514 4566 ,
1529 4509 1591 4552 non
1604 4501 1704 4553 autem
1717 4494 1852 4554 absolute
1868 4497 1913 4554 in⁴

286 4583 340 4640 aed
353 4593 391 4639 ne
404 4577 571 4674 comedam.
586 4576 645 4631 iioc
658 4574 712 4630 etsi
725 4574 814 4668 culpa
825 4589 887 4630 non
908 4578 968 4645 ast,
982 4575 1079 4648 culpe
1121 4582 1257 4637 tentasset
1269 4578 1392 4635 violanti
1404 4578 1519 4651 legem3
1534 4583 1675 4651 quietam,
1693 4579 1908 4653 praesumptior

285 4669 387 4723 tamen
407 4663 551 4720 indicium
567 4663 629 4754 ast5
649 4659 677 4714 ie
701 4670 782 4713 enim
799 4657 912 4716 intenta
930 4659 970 4716 ad
984 4658 1078 4730 aliud,
1121 4661 1206 4736 quasi
1218 4662 1282 4718 lraec
1296 4661 1369 4733 legis
1382 4661 1504 4719 violatio
1518 4667 1633 4720 mutum
1645 4666 1721 4720 esset
1734 4662 1798 4721 iere
1817 4667 1847 4720 et
1862 4679 1912 4722 re·

285 4748 409 4804 latenter
430 4743 546 4800 intedm
565 4756 597 4797 1n
615 4756 666 4796 eor
689 4743 775 4795 tuum
796 4754 917 4813 serpeus
935 4740 1077 4812 illabitur,
1120 4743 1383 4818 nialepeccatum3
1399 4751 1517 4812 areium,
1533 4747 1912 4818 gu1a3sepemem.inci>e

284 4830 397 4888 blande
409 4826 570 4900 alloquitur
578 4841 587 4895 3
610 4822 761 4918 blanditiis
774 4823 918 4880 rationem
926 4865 936 4894 ,
957 4827 1078 4884 mande
1121 4828 1230 4886 dientia
1238 4846 1247 4899 3
1263 4835 1403 4896 octauum,
1418 4829 1585 4900 excusatio,
1600 4829 1638 4887 dc
1657 4843 1720 4903 que
1733 4831 1761 4887 S.
1776 4830 1912 4902 auguste

286 4905 339 4973 ciis
350 4913 487 5010 timorem
500 4910 661 4981 compescit
675 4923 683 4961 :
704 4907 913 5000 Nequaquam,
927 4906 1075 4980 inquiens,
1119 4927 1188 4982 nus,
1199 4928 1286 4969 serm.
1300 4914 1335 4969 ie
1349 4915 1387 4969 ile
1400 4913 1507 4970 Sanctis
1522 4931 1531 4967 r
1549 4913 1718 4983 usiadem,
1733 4913 1791 4982 ait,
1803 4927 1834 4971 se
1848 4926 1911 4972 non

285 5008 438 5092 morter-rsa
451 4995 539 5066 auget
552 4989 987 5084 curam‚dum1ncrtatlguiam;
1000 4993 1079 5050 acuit
1120 5001 1295 5067 excusasset,
1310 5011 1328 5052 a
1339 4996 1480 5071 paradiso
1490 5011 1552 5054 non
1563 4996 1724 5068 exulasseta
1736 5013 1751 5052 r
1762 5012 1796 5054 aa
1809 5011 1911 5054 couse-

285 5082 503 5172 curiositatem,
525 5075 599 5172 dum
620 5076 750 5144 ⁸³88&st
763 5072 972 5144 ⁰¹¹i³¹d¹ii¹iemt
990 5073 1078 5135 offert
1120 5083 1243 5153 quanter
1256 5079 1431 5138 comedisset
1443 5080 1481 5136 ds
1501 5078 1583 5152 ligno
1602 5081 1692 5138 ritae:
1714 5095 1785 5152 ergo
1805 5083 1834 5138 at
1853 5081 1911 5140 im·

285 5163 407 5261 tandem
416 5159 614 5253 Pi⁰h¹b¹iumq
626 5160 655 5254 ⁰}
668 5154 967 5252 &Uferiffflloesfflffli
982 5159 1078 5230 porri·
1120 5162 1328 5220 mortalitatem
1342 5167 1370 5220 et
1379 5164 1523 5236 justitiam
1543 5163 1718 5236 originalem
1739 5164 1817 5237 (haec
1830 5164 1910 5224 enim

285 5252 328 5320 eli
341 5257 483 5344 pomum,
499 5250 528 5302 02
538 5245 660 5339 §umbi
672 5239 864 5336 paradisum
884 5239 983 5298 hausit
994 5243 1076 5302 tirus
1120 5247 1340 5318 connexasuni)
1350 5252 1558 5321 recuperasset.
1571 5251 1677 5305 Verum
1687 5247 1834 5306 contrarie
1845 5263 1911 5306 san·

285 5335 427 5407 imiimi
441 5327 784 5402 0iP⁰f¹i¹1¹⁰⁸iiffii¹ffb
798 5341 829 5420 l·
1119 5331 1219 5402 tentia,
1232 5335 1265 5388 ut
1283 5332 1368 5388 docet
1382 5332 1511 5389 Percrius
1519 5367 1530 5402 ,
1545 5336 1588 5389 ast
1599 5332 1708 5390 rarior.
1720 5332 1816 5390 Adam
1830 5331 1910 5390 eninr

321 5419 464 5484 limittit!
477 5426 545 5471 v¹1¹⁰
557 5425 667 5485 ⁵⁰⁰,—
678 5423 803 5472 sstirffl
819 5407 864 5469 llli
876 5425 1075 5492 quecumque
1119 5433 1191 5476 mox
1205 5419 1238 5472 ut
1250 5415 1392 5490 peccarit,
1405 5419 1472 5473 anic
1487 5428 1606 5475 omum
1620 5415 1907 5494 ruicxcusationem,
