4042 6032
277 283 343 340 CXX

276 384 469 445 ellormandls
484 385 689 462 preordinata
705 401 773 444 cum
792 385 850 444 6116
870 385 994 448 1666161
1007 399 1068 442 me·
1107 383 1304 453 terminatam,
1315 399 1381 456 666
1393 380 1522 456 plurima
1531 381 1656 439 viventia
1664 379 1796 451 extinxit,
1808 383 1890 438 terrra

276 471 358 540 teria,
380 471 428 529 cui
439 470 577 529 successit
594 471 706 536 6161616,
721 471 839 542 apa-itia
853 473 880 527 ct
897 472 995 544 partas
1008 469 1068 540 prt-
1108 467 1212 526 taciem
1226 467 1363 538 mutavit,
1377 471 1405 524 et
1417 465 1525 540 paritor
1539 466 1646 524 66166
1658 465 1755 538 potuit
1772 479 1827 538 per
1839 465 1891 522 ali·

277 559 481 625 6666611666,
502 554 574 610 666
595 567 681 628 aqum
702 556 731 610 et
748 557 832 610 terrae
849 552 1067 625 aperiebantur,
1109 551 1318 625 quodtempus
1332 550 1533 608 obtenebrare.

277 641 305 694 et
317 637 510 710 primogenita
519 635 669 694 variarum
682 635 846 710 specierum
859 637 942 708 regni
955 635 1067 692 anima·
1143 635 1223 690 Nunc
1232 633 1271 690 ad
1284 635 1446 690 maximum
1457 637 1540 690 terrae
1548 637 1665 707 partum
1676 632 1890 705 inspiciendum

274 718 311 777 lis
331 721 364 778 irr
380 723 476 778 lucem
489 721 625 778 edebant.
641 721 719 778 llanc
731 720 887 794 periodum
905 718 1061 794 probabile
1109 717 1292 787 accedamus,
1304 733 1366 790 quo
1375 722 1482 774 terrem
1490 718 1585 791 ipsam
1596 715 1737 773 creatoris
1746 716 1891 789 imperan-

276 806 319 863 est
335 819 443 877 magna
456 803 651 877 catastrophe,
663 807 756 862 terras
769 804 884 878 aliquas
897 819 913 860 e
925 802 998 859 mari
1008 800 1067 858 ele·
1108 801 1144 858 tis
1152 818 1223 872 vox,
1231 817 1292 859 non
1300 802 1391 860 modo
1400 801 1603 875 perlectiorum
1612 801 1769 859 brutorum
1776 805 1892 873 exortu,

275 885 1068 961 666166166616666666666166661666,6166166661
1108 887 1161 943 666
1184 889 1212 943 61
1230 885 1417 959 primogeniti
1439 884 1892 960 666666166166666666116

275 969 1067 1048 veromajoriterrcrummarisquecommotioncfuissa
1107 967 1282 1027 nobilitavit.

473 1261 543 1346 DE
574 1260 748 1348 OPERE
781 1257 966 1347 SEXTAE
988 1258 1105 1368 DIEI
1133 1259 1201 1344 ET
1228 1257 1298 1343 DE
1329 1255 1556 1344 SEPTIMA
1578 1257 1683 1344 DIE.

812 1465 860 1526 (Δ
874 1462 1150 1518 vermi-ad
1168 1461 1235 1516 116.
1254 1462 1355 1524 cap.)

306 1647 469 1711 catanae
488 1654 557 1709 sunt
576 1662 667 1725 opera
690 1647 763 1708 sexti
782 1649 849 1708 diei.
868 1649 999 1708 Primum
1016 1653 1061 1707 est
1138 1648 1312 1724 l’rimapars
1323 1649 1413 1722 hujus
1426 1648 1551 1722 periodi,
1565 1648 1597 1706 16
1609 1649 1892 1724 quabrntaanima·

270 1733 408 1795 formatio
417 1732 646 1811 quadrupedum
657 1748 708 1792 seu
722 1733 878 1792 brutorum
887 1734 981 1806 magis
994 1749 1061 1807 per·
1100 1732 1141 1792 116
1154 1734 1361 1792 1661666666
1374 1732 1450 1790 iacta
1461 1731 1612 1805 dicuntur,
1626 1734 1694 1794 satis
1710 1737 1803 1810 longo
1815 1743 1893 1798 tem-

270 1819 426 1890 tectorum,
437 1822 465 1876 et
480 1815 629 1892 reptilium
640 1818 834 1875 terrestrium:
849 1817 974 1875 alterum
987 1833 1058 1874 vero
1099 1832 1173 1892 pore
1191 1818 1401 1892 comprehensa
1417 1818 1506 1875 luisse
1525 1819 1648 1876 videtur.
1662 1823 1823 1898 Utrumque
1843 1841 1892 1884 re-

270 1919 305 1960 66
318 1904 407 1975 longe
420 1901 615 1976 prestantius
625 1899 753 1958 bominis
766 1902 884 1958 creatio.
898 1907 938 1958 Ac
951 1901 987 1958 da
997 1901 1058 1976 pri·
1100 1917 1202 1975 6666,
1217 1901 1347 1974 vegetato
1359 1902 1482 1975 inquam
1495 1905 1583 1976 alque
1597 1905 1738 1976 6616616,
1751 1910 1791 1966 ad
1804 1926 1889 1986 eum,

270 2001 321 2044 mo
335 1986 455 2059 quidem
465 1986 726 2058 paueasupersunt
737 1999 804 2058 666
813 1985 981 2054 atteramus,
991 1986 1058 2056 post
1099 2002 1190 2060 quem
1204 2001 1284 2044 nunc
1291 1985 1408 2044 obtinet
1418 1990 1542 2052 statum,
1556 2002 1592 2044 eo
1605 1991 1737 2062 tempore
1754 1999 1889 2069 accessit,

269 2085 304 2126 ca
318 2085 384 2144 quea
398 2067 613 2142 disputavimus
625 2067 659 2141 ἐξ
674 2069 727 2138 56,
741 2067 793 2139 66,
807 2069 860 2138 63,
874 2069 910 2125 tt
919 2111 930 2140 ,
940 2069 992 2138 66,
1004 2069 1056 2138 68,
1099 2083 1133 2126 ac
1147 2085 1236 2144 porro
1249 2071 1392 2144 pervenit.
1402 2071 1435 2126 Ut
1445 2071 1480 2126 66
1494 2072 1737 2146 quadrupedibus
1746 2077 1889 2154 viviparis

270 2153 316 2224 69,
331 2155 375 2210 vo.
1098 2156 1212 2212 tautum
1226 2155 1332 2222 dicam,
1346 2153 1484 2226 quadam
1495 2154 1577 2226 prius
1591 2154 1616 2227 (§
1630 2157 1674 2229 18)
1686 2173 1794 2228 genera
1806 2163 1889 2224 66116

304 2239 386 2294 111611
399 2237 470 2292 licus
485 2255 494 2290 ε
508 2234 644 2292 Producat
661 2240 735 2292 terra
748 2239 867 2293 animam
882 2239 1057 2294 viventemin
1097 2235 1186 2294 161666
1197 2238 1344 2307 videntur,
1358 2253 1425 2310 quae
1438 2238 1602 2296 6666666
1615 2241 1742 2314 amplius
1756 2243 1788 2302 in
1799 2249 1887 2308 terrie

267 2335 360 2393 penore
372 2335 428 2385 suo,
438 2318 688 2392 jamentalbeltama
697 2319 1057 2390 jumentum,anlmaldo-
1098 2320 1260 2394 adparent3
1278 2326 1380 2394 postea
1401 2336 1508 2392 genera
1529 2321 1587 2379 alia
1604 2323 1769 2384 viventibus
1791 2333 1888 2392 modo

268 2404 431 2478 meslicum)
440 2409 466 2461 et
476 2405 591 2476 reptilia
601 2404 691 2474 (remea
706 2403 818 2478 reptile)
828 2411 854 2462 et
867 2407 965 2462 bestias
976 2406 1058 2478 (abaj-
1098 2407 1254 2476 generibus
1266 2421 1357 2480 quam
1367 2407 1494 2464 maxime
1509 2406 1627 2478 similia,
1637 2414 1688 2466 661
1701 2411 1886 2478 66666666

264 2489 411 2563 6616666)
432 2495 511 2545 terra
528 2487 672 2544 secundam
689 2493 788 2560 spectes
805 2505 877 2546 6666.
893 2492 1056 2562 Factumque
1097 2489 1174 2562 11116,
1188 2492 1240 2549 sed
1255 2506 1385 2565 quorum
1398 2491 1508 2565 species
1521 2506 1540 2548 6
1560 2491 1731 2566 speciebus,
1745 2512 1814 2572 quae
1825 2500 1889 2560 lroc

268 2578 307 2630 eat
321 2575 373 2630 tta.
386 2575 448 2629 Vox
462 2573 569 2628 661666
587 2585 805 2646 6666666666
823 2575 983 2644 generatim
999 2590 1055 2648 pro
1096 2579 1228 2648 tempore
1250 2576 1368 2644 vivunt,
1386 2575 1499 2648 aliquid
1523 2575 1677 2648 differunt3
1700 2583 1821 2642 tandem
1845 2589 1889 2647 ad

267 2656 393 2714 terrestri
415 2653 608 2729 quadrupede
629 2661 805 2728 usurpatur,
820 2656 981 2730 aliquando
999 2672 1054 2730 pro
1096 2663 1268 2731 presentem
1296 2664 1404 2716 statum
1425 2659 1680 2735 conditionemque
1704 2664 1759 2722 ista
1780 2666 1887 2728 classis

267 2739 460 2814 quadrupede
473 2738 600 2797 terrestri
612 2754 674 2796 non
685 2740 814 2797 minimae
830 2742 937 2813 molis;
951 2758 1055 2800 verum
1096 2743 1237 2814 pervenit.
1245 2741 1506 2800 Scribitllercellus
1512 2744 1549 2800 de
1556 2745 1651 2800 serres
1659 2745 1706 2818 (2),
1714 2747 1809 2820 legem
1818 2745 1889 2812 suci

267 2839 362 2900 quum
375 2823 536 2898 opponitur
549 2823 662 2882 nomini
673 2825 784 2895 ctat-ia,
799 2827 840 2882 uti
853 2825 901 2882 hic
915 2825 958 2897 lit,
969 2827 1054 2893 inter-
1096 2825 1234 2882 cessionis
1246 2826 1415 2895 viventium,
1430 2840 1560 2899 quorum
1574 2827 1717 2900 adparitio
1731 2834 1819 2892 estin
1831 2851 1885 2898 ra-

267 2907 857 2982 661661661616666166666666166
878 2909 1055 2969 66166166-
1095 2908 1174 2966 tione
1196 2909 1312 2966 inversa
1324 2908 1568 2984 complicationis,
1585 2926 1645 2983 qua
1665 2928 1768 2973 eorum
1787 2919 1887 2991 pollet

267 2991 416 3048 mesticum
431 2991 640 3063 intelligimus:
654 2991 755 3064 allai-ja
765 3007 836 3051 vero
850 2994 1054 3068 interpretatur
1095 2992 1381 3067 organisatio,quam
1394 2993 1519 3050 maxime
1528 2995 1558 3051 in
1567 2997 1776 3058 mummolinus
1788 3003 1885 3079 adpa-

267 3073 326 3131 lera
339 3089 391 3132 seu
412 3075 522 3132 animal
536 3074 686 3149 sylvestre.
704 3075 843 3134 Nonnulli
861 3077 975 3135 malunt
991 3080 1052 3154 pri·
1093 3089 1168 3134 rere.
1183 3077 1306 3134 Ordines
1319 3080 1416 3134 autem
1429 3076 1501 3146 duo,
1515 3077 1582 3136 ierac
1595 3095 1701 3152 nempe
1711 3085 1740 3140 et
1749 3087 1886 3158 quadr-u.

266 3175 347 3217 mum
362 3175 471 3218 nomen
484 3160 608 3218 reddere
623 3161 726 3216 animat
743 3161 909 3217 barbicanam
921 3177 973 3218 seu
984 3163 1053 3234 piru·
1094 3173 1206 3230 manes,
1221 3176 1286 3216 sero
1299 3160 1330 3218 in
1342 3162 1439 3218 lucem
1457 3161 1527 3218 editi
1540 3161 1688 3234 videntur,
1701 3181 1771 3224 666
1785 3170 1886 3244 (quod

266 3245 417 3315 topicapum,
433 3247 461 3300 et
474 3243 648 3314 secundum,
659 3245 839 3302 cornicantur.
850 3245 883 3300 Et
896 3259 976 3315 sane,
986 3251 1052 3304 ante
1093 3242 1124 3300 in
1137 3243 1251 3316 vulgari
1267 3259 1319 3302 sex
1339 3245 1455 3302 dierum
1468 3244 1659 3317 intelligentia
1679 3265 1741 3308 666
1753 3255 1884 3327 explica·

265 3327 393 3384 hominis
406 3327 583 3384 creationem
595 3325 678 3384 nulla
691 3330 773 3386 erant
785 3327 925 3384 animalia
936 3329 1051 3386 domes·
1093 3327 1149 3398 tur)
1163 3332 1192 3384 et
1203 3343 1270 3386 raro
1283 3328 1304 3385 ii
1315 3327 1509 3402 reperiuntur,
1523 3344 1558 3388 ac
1566 3335 1770 3394 1661666666
1783 3337 1815 3394 iu
1829 3355 1884 3397 su-

198 3475 201 3482 ,
264 3411 339 3482 1166;
357 3414 497 3484 praeterea
514 3411 660 3467 distinctio
678 3411 742 3468 haee
761 3411 836 3469 inter
857 3409 1051 3472 domesticum
1092 3411 1628 3483 66616616661666616.6666666166
1639 3419 1883 3490 quadrumanum

263 3497 292 3548 et
305 3493 445 3566 sylvestre
459 3493 580 3565 animal,
590 3507 699 3566 magna
714 3509 750 3550 ex
762 3497 855 3567 parte,
867 3494 1051 3554 accidentalis
1093 3496 1245 3566 eorpusad
1255 3500 1428 3554 structuram
1442 3497 1564 3554 humani
1576 3501 1805 3578 corporisquam
1814 3522 1885 3566 66-

264 3582 315 3635 est.
330 3580 401 3636 ltam
415 3577 502 3635 etiam
512 3593 591 3634 nunc
603 3577 711 3652 species
724 3581 846 3635 omnino
857 3580 970 3650 eadem,
983 3597 1009 3637 6.
1020 3598 1050 3653 g.
1091 3577 1170 3633 xime
1184 3578 1303 3635 accedit.
1314 3583 1351 3634 tc
1362 3579 1393 3634 ln
1404 3580 1503 3637 divino
1519 3581 1604 3654 (vers.
1618 3585 1664 3656 61)
1673 3586 1798 3660 imperio
1811 3589 1884 3651 lenae

264 3679 332 3732 sus,
353 3663 392 3720 ad
409 3667 565 3734 utramque
584 3660 708 3718 classem
729 3663 861 3734 pertinet.
884 3665 917 3718 Et
941 3666 1050 3736 species
1092 3660 1201 3716 ultimae
1215 3665 1424 3720 memorantur.
1440 3667 1472 3720 Et
1490 3679 1521 3722 re
1534 3667 1656 3739 quidem
1676 3684 1757 3742 vera,
1769 3671 1829 3730 hoc
1841 3677 1886 3732 vi-

264 3747 398 3804 61616666
411 3745 526 3816 generis
540 3747 603 3816 6661
617 3747 721 3814 666661,
732 3745 832 3814 creda,
844 3748 1010 3804 domesticae
1023 3753 1051 3807 ct
1092 3743 1217 3802 debatur
1229 3746 1269 3801 ad
1289 3746 1419 3804 divinam
1439 3748 1655 3808 Providentiam
1668 3755 1814 3827 pertinere
1821 3797 1833 3828 ,
1848 3764 1884 3816 ut

264 3829 367 3900 utiles,
382 3829 423 3885 uti
438 3831 506 3884 sunt
525 3842 608 3900 66666
623 3827 740 3884 caballus
760 3833 788 3884 et
804 3845 885 3900 equus
905 3835 1012 3898 astaus,
1026 3833 1050 3890 si
1091 3824 1170 3897 ferte,
1183 3841 1250 3900 <111ae
1263 3828 1389 3886 aliorum
1403 3831 1575 3890 animalium
1588 3837 1667 3894 6666
1680 3837 1794 3910 urunt,
1803 3856 1882 3900 non-

263 3913 399 3970 liomines
413 3925 533 3984 operam
553 3911 594 3968 ad
610 3910 667 3967 hoc
681 3910 829 3968 dedissent
842 3917 875 3968 ut
890 3912 955 3969 illas
976 3931 1050 3988 quo-
1092 3909 1147 3966 nisi
1160 3927 1223 3970 sero
1237 3913 1419 3985 advenirent,
1433 3930 1487 3972 666
1500 3921 1658 3991 66166666
1669 3919 1721 3977 1116
1734 3925 1804 3982 66116
1817 3942 1882 3984 ere-

263 4007 322 4063 que
340 3992 372 4048 16
386 3991 555 4047 servitutem
575 3987 748 4062 redigerent.
763 3991 871 4047 Contra
889 3991 1049 4051 fidissimus
1090 3994 1308 4054 vissentetsese
1322 4001 1530 4070 superterram
1541 4002 1793 4079 multiplicassent
1802 4025 1882 4082 proe-

264 4075 391 4134 hominis
405 4075 512 4145 socius,
523 4074 615 4146 cauis,
625 4073 656 4130 in
669 4073 798 4132 ferarum
813 4075 915 4133 ordine
928 4092 1050 4152 compa·
1091 4079 1189 4136 sertim
1203 4081 1227 4136 si
1237 4081 1340 4154 primis
1353 4080 1488 4140 animalis
1498 4084 1564 4140 vitm
1577 4088 1772 4161 temporibus,
1782 4096 1881 4150 totum

263 4164 350 4230 tatur3
363 4157 456 4215 etsibi
470 4158 598 4229 relictus,
608 4157 710 4214 saltem
725 4162 792 4232 post
805 4159 950 4231 quasdam
960 4177 1048 4233 gene·
1090 4161 1249 4220 habitabile
1263 4163 1359 4220 solum
1374 4165 1476 4222 insulis
1490 4182 1550 4224 666
1564 4169 1651 4227 valde
1665 4171 1730 4230 latis
1744 4178 1880 4234 contine-

263 4243 400 4311 rationes,
411 4241 450 4298 ad
461 4240 590 4298 terarum
599 4241 674 4297 redit
683 4246 828 4310 naturam,
839 4247 926 4315 atque
936 4259 966 4300 se
976 4246 1048 4319 lupo
1089 4245 1248 4316 batur,ubi
1264 4247 1404 4305 animalia
1419 4247 1528 4307 1666116
1543 4253 1618 4310 6666
1636 4253 1759 4314 diversae
1774 4259 1827 4318 diu
1840 4263 1882 4319 si·

263 4339 465 4398 congenerem,
477 4324 520 4382 uti
535 4328 589 4395 est,
600 4325 735 4382 ostendit.
744 4327 771 4382 S.
787 4325 910 4384 thomas
922 4327 958 4400 (1)
967 4335 1050 4401 66161
1090 4330 1154 4386 661
1167 4331 1272 4401 degere
1289 4346 1350 4387 uon
1364 4337 1499 4404 poterant
1506 4375 1518 4406 ,
1530 4335 1602 4410 qula
1613 4337 1747 4398 imbelles
1764 4345 1880 4418 specics

262 4410 310 4466 hic
325 4424 406 4482 aper
418 4407 527 4466 bestias
540 4407 661 4478 intelligi
679 4407 816 4466 animalia
833 4425 926 4482 saeve,
941 4417 974 4468 ut
987 4414 1048 4471 ursi
1090 4411 1147 4470 cito
1165 4413 1380 4472 destruerentur
1394 4415 1441 4490 (3).

263 4499 291 4551 61
302 4493 436 4562 leones»
446 4507 507 4548 non
520 4506 590 4548 vero
604 4491 695 4562 mitia,
707 4497 740 4548 ut
751 4492 849 4549 acervi
863 4497 890 4550 ct
904 4509 1045 4568 capreae.»

262 4575 362 4646 Addit,
377 4595 392 4628 a
406 4589 460 4648 per
472 4574 588 4648 reptilia
600 4590 671 4632 vero
681 4575 834 4645 animalia,
848 4591 915 4650 quae
928 4578 975 4636 vel
987 4593 1048 4637 non
1122 4563 1156 4625 (²)
1171 4570 1309 4626 caracara.
1319 4569 1351 4643 ,αθ
1364 4567 1455 4624 W·
1468 4581 1494 4632 1)·
1507 4572 1562 4635 ¹⁶⁴,
1577 4573 1630 4624 ¹⁶⁹·

262 4658 481 4733 habeffimdes,
492 4659 781 4734 quibuseleventura
790 4663 879 4731 term,
889 4666 922 4718 ut
932 4677 1048 4738 serpen·
1121 4637 1156 4699 (t)
1173 4635 1226 4684 «Et
1240 4637 1355 4700 Genesis,
1368 4645 1394 4686 et
1407 4639 1546 4691 observatio
1560 4641 1743 4711 temnamus
1759 4649 1882 4705 16666166

262 4751 322 4815 es,
336 4743 383 4800 aa
396 4743 507 4800 iaaac
520 4741 755 4815 666666
768 4745 1046 4818 enumerantur,
1089 4704 1883 4857 bittitattat⁰ttttctbtt²⁰tttttttitt!

262 4828 414 4885 utlacertae
424 4826 620 4920 6116661666.»
630 4829 751 4896 Revera,
759 4831 792 4882 ut
800 4827 870 4898 dlxi,
878 4845 959 4885 rames
967 4832 1048 4903 apud
1089 4847 1184 4910 crona,
1197 4853 1224 4896 ec
1237 4861 1266 4898 ea
1280 4850 1360 4913 magis
1372 4851 1479 4902 animate
1494 4866 1600 4917 regnum
1613 4861 1729 4920 presence
1746 4869 1815 4914 sum
1828 4867 1884 4916 (fis.

264 4910 398 4968 llebraeos
412 4910 551 4967 66661666
563 4908 679 4965 videtur
693 4909 821 4981 quodvis
835 4911 956 4980 661661,
965 4915 1048 4985 6666
1089 4925 1169 4980 tasse,
1189 4924 1219 4967 ut
1237 4925 1314 4968 strata
1328 4933 1383 4982 666
1397 4923 1474 4972 illius·
1483 4931 1572 4988 tegunt
1585 4929 1713 4995 exsuvias,
1732 4934 1884 4997 antiquiora

263 5009 358 5067 neque
371 4993 540 5067 quadrupes
560 4991 717 5066 aliquantae
739 4994 838 5065 molis,
853 5010 949 5069 neque
968 4998 1047 5068 avis,
1088 4995 1161 5053 sunt,
1175 4995 1361 5040 eteconvcrsa.
1377 4993 1882 5056 116666666661116666661666666-

220 5127 223 5134 .
263 5093 359 5152 neque
372 5077 460 5150 piscis
471 5079 517 5133 sit.
532 5075 581 5132 llio
594 5076 788 5136 excluduntur
796 5077 857 5149 illa,
866 5093 933 5152 666
946 5080 1047 5151 quinta
1089 5066 1135 5110 ‘¹ae
1152 5060 1259 5142 ‘'3⁰⁰⁰‘ss
1272 5068 1297 5110 et
1313 5067 1397 5112 umen
1412 5063 1471 5113 ⁵³¹ss
1485 5069 1883 5148 m³²¹¹m,⁵⁰i⁶¹¹¹¹aell⁸⁰¹⁰lli⁰ae;

264 5161 312 5222 die
321 5159 400 5220 Ma
410 5159 503 5218 fuere·
1090 5135 1116 5180 et
1128 5131 1286 5194 (mirandum
1295 5133 1318 5195 1)
1333 5133 1408 5197 lacta,
1423 5147 1479 5198 quae
1488 5149 1533 5186 nos
1544 5136 1664 5190 hodreme
1675 5141 1748 5194 docet
1760 5147 1883 5214 scientia,

1089 5200 1180 5282 611666Ι
1189 5201 1263 5282 6666
1275 5204 1418 5286 consignata
1435 5205 1598 5290 inveniuntur
1612 5210 1640 5290 in
1656 5211 1778 5264 librorum
1793 5219 1883 5280 primo

294 5335 641 5404 (11166666666666,
656 5335 719 5390 aar.
1050 5309 1053 5320 ’
1090 5275 1771 5404 ffirssffigrffl‘l'efflawffioua{fferluvssmfmu
1784 5297 1812 5337 εἰ
1828 5291 1884 5340 ⁰¹³⁶
