4212 6034
284 310 338 370 ³88
758 307 999 366 calesmata
1016 305 1050 364 ΙΝ
1067 304 1224 373 certesei,
1241 317 1304 363 cte.
1322 303 1432 364 Xthll·

281 415 431 484 dicetur:
451 409 563 480 Faciat
578 411 639 480 tihi
657 409 745 480 Deus
761 411 845 481 sicrut
862 412 1039 502 Ephraim,
1061 419 1094 480 et
1112 411 1197 478 sicut
1214 409 1371 478 Manasse.
1397 408 1638 498 Constituiique
1657 406 1814 499 Ephraim
1831 417 1907 478 ante
2026 447 2029 450 ·

241 569 247 578 -
282 519 464 589 Manassen.
481 516 535 584 21.
552 516 593 584 Et
606 515 646 583 ad
659 515 779 607 Joaeph
793 515 903 585 filium
916 539 1035 586 suum:
1052 516 1103 584 En
1115 537 1176 604 ego
1190 515 1324 600 morior,
1339 524 1371 584 et
1384 515 1447 584 erit
1458 515 1546 582 Deus
1559 513 1745 599 vobiscum,
1761 514 1907 582 reducet·

281 647 347 716 que
360 643 419 693 voe
431 621 473 690 ad
487 629 608 689 terram
622 627 754 710 patrum
767 630 962 690 vestrorum.
984 621 1039 689 22.
1059 619 1108 690 Do
1120 619 1181 690 tibi
1194 629 1320 712 partem
1340 641 1442 690 unam
1455 627 1548 689 extra
1559 620 1676 690 fratres
1691 623 1787 704 tuos,
1805 641 1905 710 quam

281 723 1016 816 tulidemanuAmorrhaeiingladioetarcu
1029 748 1115 798 meo.

161 933 221 980 rara.
244 935 265 978 a
314 917 344 974 Ξ.
360 912 863 985 Gomorraros‚-tumexgaudio
876 919 1020 988 concepto
1033 929 1071 972 ex
1114 916 1272 972 etmortua
1285 911 1639 985 est,eumadhucplures
1652 911 1905 989 mihiparerepo·

280 1000 410 1058 adventu
427 997 481 1056 filii
493 995 657 1054 charissimi
673 996 804 1069 iosephi‚
821 1000 885 1074 tum
899 1013 938 1054 ex
953 997 1072 1070 speciali
1112 996 1216 1054 tuisset
1229 995 1306 1053 tilios
1314 1036 1323 1066 ,
1337 995 1465 1068 ideoque
1476 1010 1581 1052 eorum
1600 995 1667 1054 loco
1680 993 1759 1053 filios
1771 999 1859 1068 tuos,
1872 1000 1906 1056 in

281 1085 363 1142 dono
375 1086 404 1140 et
417 1079 631 1140 confortatione
647 1079 713 1150 Dei,
734 1080 787 1154 qui
802 1081 843 1138 uti
856 1083 975 1154 corpori
988 1081 1074 1155 spiri·
1114 1094 1197 1138 meos
1211 1080 1283 1136 mihi
1294 1079 1397 1153 illique
1408 1079 1529 1152 adopto.
1544 1079 1674 1148 Secundo,
1685 1079 1802 1138 videtur
1814 1082 1905 1140 Jacob

282 1171 345 1224 tum
357 1163 549 1233 fortitudinis,
560 1162 601 1218 ita
611 1161 713 1218 animo
724 1162 825 1220 iacobi
838 1164 983 1233 maritmi,
999 1163 1073 1220 suis·
1113 1175 1150 1218 ex
1160 1161 1351 1235 precedentis
1362 1161 1464 1234 capitis
1478 1161 1629 1234 colloquio
1641 1176 1712 1218 cum
1725 1163 1863 1235 iosepbo,
1873 1165 1905 1223 iu

280 1265 340 1322 que
358 1244 532 1306 valedicturi
552 1243 688 1316 spiritum
708 1243 872 1318 prophetice
891 1243 1019 1315 indidit,
1041 1247 1073 1302 ut
1114 1259 1150 1301 eo
1165 1245 1392 1317 deprehendisse
1405 1243 1490 1316 signa
1502 1243 1603 1316 aliqua
1621 1244 1838 1317 admirationis,
1851 1263 1906 1306 eur

280 1335 360 1405 patet
372 1345 409 1388 ex
422 1326 625 1402 sequentibus.
1114 1329 1265 1399 tantopere
1278 1329 1361 1401 pater
1371 1342 1440 1382 cum
1450 1326 1538 1384 tentis
1549 1326 1716 1399 sumptibus
1728 1331 1847 1400 cuperet
1860 1345 1905 1386 se-

160 1433 221 1479 rm,
245 1437 265 1478 ι.
315 1417 345 1472 t.
365 1415 512 1471 Emoriar
526 1423 638 1468 raanan
653 1421 742 1478 aare,
756 1437 792 1453 -
805 1408 1011 1470 Chananoeam.
1026 1412 1072 1468 ta·
1112 1409 1198 1480 peliri
1208 1409 1239 1467 in
1252 1410 1401 1480 Chanaan,
1411 1413 1484 1482 puta
1495 1408 1527 1466 in
1535 1409 1652 1468 Hebron
1665 1410 1748 1482 apud
1758 1426 1829 1468 snos
1842 1428 1905 1469 ma·

280 1495 338 1555 cob
357 1494 406 1552 hic
424 1496 520 1550 certus
537 1505 575 1550 ex
595 1490 644 1548 bei
663 1492 860 1564 promissione
875 1492 1070 1551 chananaeam
1110 1493 1205 1562 jures,
1216 1507 1286 1550 cum
1297 1497 1396 1550 ῑιιιιιιιι
1406 1490 1518 1550 ibidem
1529 1507 1592 1550 non
1602 1493 1783 1564 sepelivisset
1796 1495 1903 1552 Rache-

280 1579 350 1649 sibi,
363 1578 395 1636 id
408 1580 452 1634 est
464 1573 589 1650 posteris
599 1573 676 1642 suis,
690 1574 881 1644 trudendam
894 1574 943 1631 hic
958 1579 987 1630 et
1002 1590 1068 1648 cap.
1112 1575 1172 1632 lem
1185 1590 1271 1634 suam
1285 1575 1514 1646 dilectissimam,
1528 1574 1581 1632 sed
1595 1575 1627 1631 in
1640 1573 1818 1633 Bethlehem.
1832 1577 1903 1634 liuic
1916 1585 1963 1628 cur
1984 1587 2025 1629 na·

280 1676 343 1734 seq.
364 1673 430 1716 eam
447 1657 523 1715 inter
540 1655 699 1716 duodecim
711 1654 789 1714 filios
809 1671 880 1714 suos
898 1656 1023 1730 partitur
1042 1661 1072 1715 et
1112 1672 1183 1731 ergo
1202 1658 1389 1718 admirationi
1408 1657 1509 1716 obviat
1525 1658 1574 1715 bic
1591 1657 1698 1728 Jacob,
1713 1672 1804 1731 seque
1816 1675 1904 1716 excu—
1915 1645 1979 1749 Ἓξ,
1992 1659 2023 1749 '⁸3

280 1741 437 1804 distribuit.
1112 1745 1171 1813 sat,
1189 1743 1273 1816 quod
1293 1743 1448 1800 Rachelem
1468 1757 1530 1799 non
1548 1741 1589 1799 ad
1608 1741 1747 1799 vitandos
1765 1745 1902 1815 sumptus
1915 1768 1939 1810 1,
1980 1768 2021 1811 B,

314 1829 344 1884 ia
357 1837 557 1884 possessionen
571 1837 829 1891 sanrrruuuau,-
841 1837 903 1878 nou
917 1821 1070 1892 absoluta,
1112 1825 1159 1882 vel
1175 1824 1285 1884 itineris
1302 1823 1505 1894 difficultates,
1520 1824 1573 1881 sed
1590 1822 1631 1881 ob
1648 1827 1765 1897 tempus
1776 1839 1901 1881 vernum
1915 1828 2023 1898 uuam,

279 1909 331 1968 sed
342 1911 475 1983 respectu
487 1910 546 1964 ture
560 1905 658 1980 stirpis
668 1909 697 1962 et
707 1903 820 1976 gentis,
834 1921 861 1976 q.
878 1905 907 1960 d.
921 1905 1071 1973 Quamdiu
1112 1923 1175 1981 quo
1193 1906 1278 1964 facile
1291 1905 1445 1965 tabescunt
1462 1908 1490 1962 et
1502 1909 1675 1980 putrescunt
1687 1920 1813 1979 corpora
1823 1921 1902 1964 mor·
1914 1901 2023 1994 mi

279 1991 399 2050 durabit
411 1994 463 2049 tua
474 2004 558 2062 gens,
569 1992 638 2046 tuns
651 1987 795 2062 populus,
804 1989 926 2045 tuorum
939 1987 1070 2046 tiliorum
1110 1995 1179 2060 tua,
1194 1991 1293 2048 statim
1310 1990 1342 2047 in
1359 1989 1424 2047 loco
1444 2003 1506 2063 quo
1526 1989 1721 2060 consistebat,
1734 1991 1903 2062 putaJ'uxta
2013 1981 2020 1992 '

277 2075 444 2149 respublica
462 2078 492 2132 et
509 2087 651 2145 regnum.
671 2071 787 2130 tamdiu
805 2072 1001 2145 possidebunt
1013 2071 1071 2146 ipsi
1112 2073 1297 2142 Bethlehem,
1318 2071 1440 2145 sepelire
1460 2071 1608 2141 debuerit,
1626 2085 1681 2128 nec
1700 2071 1743 2130 uti
1763 2071 1902 2145 optabat,

276 2159 489 2226 Chanenmam,
507 2171 542 2214 ae
560 2159 791 2228 consequenter,
813 2171 946 2228 semper,
959 2155 990 2212 id
1009 2160 1070 2225 est,
1111 2170 1179 2214 eam
1192 2155 1223 2211 in
1236 2155 1354 2212 liebron
1371 2154 1525 2228 deportare
1543 2152 1682 2228 potuerit.
1697 2153 1738 2212 lta
1751 2155 1902 2226 lyranus,

277 2247 338 2301 toto
351 2245 484 2314 tempore
495 2253 557 2297 suae
567 2236 737 2312 reipublice
745 2241 774 2294 et
783 2237 866 2310 regni
875 2237 1070 2311 possidebunt
1111 2237 1266 2296 abulensis
1280 2235 1381 2294 etalii.

276 2339 344 2382 eam
356 2323 402 2382 :si
419 2324 500 2381 enim
517 2337 590 2394 gens
608 2323 753 2378 evertatur
769 2319 817 2378 vel
835 2321 973 2390 intereat,
994 2320 1070 2393 quid
1146 2321 1235 2378 Addit
1253 2323 1333 2378 tertio
1349 2319 1466 2390 Glossa,
1479 2319 1554 2378 torte
1571 2318 1743 2394 prophetice
1758 2319 1901 2378 iacobum

277 2407 387 2465 mirum
403 2405 428 2462 si
445 2404 573 2479 amplius
588 2407 697 2462 terram
717 2417 803 2462 suam
820 2417 883 2461 non
899 2402 1070 2476 possideat?
1110 2403 1164 2461 hic*
1181 2417 1431 2472 commemorare,
1443 2401 1598 2460 Rachelem
1619 2417 1682 2460 esse
1705 2403 1850 2476 sepultam
1869 2405 1900 2460 in

276 2489 348 2549 Vide
362 2489 429 2546 Gau.
441 2492 470 2545 t.
1111 2486 1295 2556 Bethlehem,
1305 2485 1378 2558 quia
1388 2483 1500 2542 ibidem
1511 2486 1676 2544 nasciturus
1686 2491 1748 2544 erat
1759 2485 1900 2558 Christus,

42 2626 46 2632 .
156 2588 217 2636 ran.
241 2595 262 2636 a.
313 2575 341 2629 5.
356 2572 411 2629 lter
424 2583 529 2639 nauur,
543 2583 696 2626 -censeo
712 2583 763 2626 eos
776 2583 859 2627 meos
873 2568 970 2639 filios,
984 2584 1069 2642 eque
1111 2569 1340 2642 quasiidipsum
1352 2567 1446 2625 hiciu
1462 2567 1857 2642 spiritupraevideritiacob.

176 2649 240 2724 ³²0⁰¹3
276 2670 311 2714 ee
324 2653 482 2712 {iubenum
495 2651 708 2710 etSimeouem.
721 2654 811 2710 Nota:
824 2651 915 2710 iacob
930 2651 978 2709 hic
992 2652 1069 2713 duos
1147 2655 1191 2709 lt.
1206 2651 1900 2709 Nousuarruauuarusasrreruruo.-llebraice
1915 2662 1975 2705 vas.
1989 2667 2026 2709 ιι.

155 2709 264 2818 ΞΡἫ
275 2735 395 2810 losephi
415 2734 514 2805 filios,
536 2749 608 2792 suos
628 2739 766 2809 nepotes,
784 2737 857 2808 putu
879 2735 1019 2808 Ephraim
1040 2739 1069 2794 et
1112 2739 1154 2795 cst
1164 2731 1377 2806 significantius
1392 2749 1399 2788 r
1418 2733 1530 2800 «Quod
1542 2733 1647 2791 taciem
1659 2737 1742 2792 tuam
1756 2734 1899 2804 viderem,

167 2843 249 2876 msam
269 2821 440 2888 ltanassen3
456 2816 513 2874 eibi
528 2817 651 2890 adoptat
666 2818 696 2874 iu
710 2817 789 2876 filios
796 2857 806 2888 ,
821 2823 854 2874 ut
872 2817 999 2891 quisque
1019 2833 1070 2875 eo·
1110 2832 1267 2890 nunquam
1284 2815 1366 2889 apud
1378 2830 1426 2872 me
1440 2815 1629 2887 cogitassem,
1644 2819 1672 2874 et
1682 2831 1748 2874 eece
1762 2819 1837 2874 Deus
1850 2831 1898 2873 os-

161 2893 257 2950 ⁸⁶⁰1³²⁸h
274 2917 344 2962 rum
362 2903 527 2976 separatam
547 2898 659 2958 tribum
676 2900 850 2970 constituat,
870 2905 899 2958 et
915 2901 1069 2974 propriam
1110 2901 1205 2960 tendit
1217 2898 1290 2956 mihi
1304 2898 1393 2956 etiam
1405 2911 1506 2955 semen
1519 2900 1614 2955 tuum.
1629 2917 1643 2952 u
1658 2900 1700 2957 lta
1714 2898 1862 2958 Vatahlus.

274 2983 475 3044 hereditatem
485 2981 690 3040 inchananeu
702 2983 798 3050 adeat,
808 2999 893 3057 reque
907 2999 941 3040 ac
952 2982 1068 3055 liuban,
1147 2990 1190 3045 ts.
1204 2990 1243 3045 lin
1252 3001 1358 3046 eurum
1367 3000 1474 3044 raram.
1483 2986 1665 3059 -Ephraim
1676 2991 1704 3045 et
1713 2990 1842 3047 tlanasse
1852 3003 1901 3047 ac·
1915 2997 1976 3042 rea
1987 3001 2023 3043 aa.

274 3067 393 3126 simeon
406 3065 517 3138 aliique
530 3065 576 3122 sui
588 3064 660 3122 filii:
676 3081 746 3124 nam
759 3065 873 3138 alioqui
887 3065 1026 3137 Ephraim
1039 3069 1069 3124 et
1110 3073 1246 3131 cedentes
1259 3072 1298 3130 ad
1308 3085 1398 3129 avum
1411 3071 1565 3142 iacobum,
1578 3085 1641 3146 pree
1654 3072 1736 3130 senio
1749 3073 1899 3130 sedentem

274 3148 526 3222 llanasses,patri
538 3148 666 3222 iosepho
680 3149 888 3218 succedentes,
902 3152 1069 3208 unamtan·
1110 3154 1142 3212 in
1164 3155 1256 3226 lecto,
1278 3152 1511 3227 genuflexerant,
1531 3157 1679 3229 caputque
1701 3153 1733 3212 in
1754 3156 1899 3226 gremium

273 3239 339 3294 tum
351 3233 463 3292 tribum
476 3233 585 3306 ioseph
599 3232 827 3302 constituissent,
840 3245 992 3304 unamque
1004 3236 1069 3291 tan·
1110 3239 1174 3310 ejus
1192 3239 1377 3306 dimiseraut3
1391 3252 1429 3293 ne
1446 3250 1517 3307 ergo
1537 3252 1627 3296 avum
1643 3245 1811 3312 gravarent,
1826 3244 1855 3296 et
1867 3245 1901 3298 ut

273 3323 337 3376 tum
360 3316 454 3391 patris
472 3315 642 3389 portionem
664 3315 696 3372 iu
717 3314 885 3373 Chananaea
907 3314 1066 3386 adiisseut3
1110 3319 1169 3379 illis
1187 3319 1374 3379 commodius
1391 3318 1594 3391 benediceret,
1608 3322 1716 3395 loseph
1734 3322 1805 3382 iude
1817 3338 1899 3382 amo·

273 3416 354 3460 nunc
366 3414 438 3458 uero
451 3413 470 3456 a
483 3397 594 3456 tacebo
613 3395 710 3454 tribus
726 3397 834 3470 ioseph
853 3398 885 3454 in
904 3397 979 3455 duas
994 3397 1068 3455 divi·
1109 3407 1171 3473 tos,
1184 3403 1332 3476 utrimque
1345 3400 1492 3459 collocant
1504 3402 1543 3459 ad
1556 3403 1633 3460 latus
1643 3404 1745 3477 patris.

274 3483 370 3554 ditur,
383 3484 457 3556 pute
475 3480 507 3538 in
522 3479 661 3552 Ephraim
676 3482 705 3535 et
725 3479 875 3549 Marassa,
889 3483 923 3537 ut
943 3479 986 3538 illi
1000 3481 1067 3554 pari
1145 3487 1238 3544 Nota:
1253 3484 1391 3557 Ephraim
1409 3487 1438 3540 et
1455 3485 1584 3542 hauasm
1604 3485 1662 3544 hoc
1680 3501 1760 3545 anno
1781 3490 1834 3544 tit
1854 3490 1900 3546 ia-

271 3567 338 3637 jure
359 3566 535 3623 censeantur
548 3565 578 3619 et
593 3560 752 3618 succedant
766 3577 836 3620 cum
852 3561 977 3634 liuban,
991 3564 1068 3624 tuda
1109 3568 1195 3639 cabi,
1208 3568 1262 3642 qui
1281 3567 1336 3623 luit
1352 3567 1471 3639 iosephi
1490 3565 1540 3637 56,
1553 3567 1638 3626 tacite
1654 3574 1738 3628 erant
1753 3571 1789 3628 22
1806 3587 1899 3630 anno-

274 3647 401 3721 eliisque
411 3644 589 3704 immediatis
602 3643 664 3700 ⁸⁰1⁵
676 3642 756 3700 fillis·
1108 3665 1178 3709 rum
1185 3669 1194 3721 3
1209 3651 1270 3708 nati
1280 3649 1358 3706 enim
1372 3656 1441 3706 sunt
1454 3654 1521 3707 ante
1532 3653 1717 3724 septennium
1731 3653 1898 3725 sterilitatis,

154 3748 216 3797 rau.
238 3753 261 3797 a,
308 3732 337 3788 6.
352 3731 495 3798 mnooos
507 3738 602 3784 aurun
617 3737 690 3793 quos
702 3739 838 3784 caumate
854 3739 923 3784 rosr
935 3741 1005 3798 ros,
1018 3744 1067 3787 rur
1108 3733 1200 3808 paulo
1213 3737 1281 3806 post
1292 3732 1491 3806 principatum
1504 3734 1612 3807 patris,
1623 3735 1676 3808 qui
1685 3736 1806 3809 contigit
1818 3753 1898 3794 anno

273 3825 384 3883 raum,
397 3809 491 3867 -tui
504 3807 712 3866 censebuntur.
729 3809 803 3866 itam
816 3807 953 3881 Ephraim
966 3814 995 3866 et
1006 3813 1066 3868 lla-
1108 3816 1172 3888 eius
1184 3817 1230 3885 30,
1243 3819 1277 3873 ut
1289 3819 1369 3888 patet
1381 3831 1446 3888 cap.
1459 3831 1516 3886 xm,
1529 3831 1606 3873 vers.
1620 3819 1657 3874 ὅθ
1670 3821 1698 3874 et
1711 3833 1773 3892 seq.

274 3908 444 3954 mesonma
455 3890 600 3966 adoptati,
611 3889 670 3948 mei
682 3892 846 3949 censentur.
863 3890 1066 3962 porregimus
1143 3903 1290 3956 Aooarur
1302 3925 1339 3940 -
1352 3898 1460 3970 ioseph
1476 3903 1540 3956 tum
1560 3903 1693 3972 patrem,
1707 3900 1752 3956 ilii
1769 3915 1801 3958 se
1817 3917 1900 3960 reve-

273 3978 435 4053 tosephum
447 3975 522 4035 alios
538 3973 684 4047 genuisse.
1108 3983 1204 4038 renter
1223 3979 1423 4049 incurvando;
1444 3984 1509 4038 tum
1525 3983 1644 4054 proprie
1667 3985 1773 4054 iteum,
1790 3985 1899 4056 gratias

307 4067 348 4125 Er
363 4076 471 4124 roman
486 4077 618 4122 ruamur
636 4075 748 4122 suoauu
761 4071 945 4122 reemurrca
958 4077 988 4121 ru
1001 4077 1067 4122 ros·
1108 4077 1199 4136 egens
1211 4076 1268 4136 pro
1280 4061 1337 4119 hoc
1350 4061 1495 4120 beneficio
1506 4067 1534 4120 et
1546 4062 1750 4124 benedictione
1760 4067 1862 4140 patris.

273 4163 445 4210 mssrerrnus
457 4161 526 4206 sors.
540 4175 577 4191 -
589 4147 783 4217 «Erebum»
799 4151 873 4220 puta
885 4145 1024 4218 Ephraim
1037 4151 1067 4203 et
1144 4148 1217 4204 Nota
1234 4145 1282 4202 bic
1302 4145 1514 4215 humilitatem,
1530 4145 1747 4219 obedientiam,
1760 4150 1899 4222 pietatem

273 4236 415 4303 llanasse,
429 4247 456 4304 q.
468 4230 498 4287 d.
511 4229 540 4288 Si
553 4229 668 4303 aliquos
681 4231 749 4302 post
761 4229 817 4287 hos
827 4229 964 4300 genueris
977 4227 1065 4299 tilios,
1108 4233 1138 4287 et
1160 4228 1330 4287 charitatem
1353 4229 1471 4302 iosephi
1490 4229 1632 4302 principis
1654 4245 1723 4302 erga
1747 4237 1900 4305 parentem

272 4313 317 4376 illi
331 4331 395 4375 non
414 4313 592 4374 constituent
613 4310 725 4370 tribum
746 4315 928 4386 separatam,
950 4313 1004 4370 sed
1026 4312 1066 4370 ad
1108 4310 1260 4383 plebeium
1276 4315 1305 4366 et
1318 4309 1480 4367 infirmum.
1497 4313 1538 4367 lta
1551 4313 1581 4367 B.
1595 4312 1723 4370 Thomas
1736 4315 1833 4372 ltorus
1843 4319 1900 4372 hn-

272 4398 385 4459 tribum
404 4395 544 4472 Ephraim
558 4394 607 4453 rel
623 4395 753 4454 llanasse
771 4394 1022 4468 aggregabuntur,
1037 4399 1067 4453 et
1109 4393 1175 4465 gite
1188 4392 1380 4452 cancellarius
1393 4393 1535 4464 existens,
1550 4393 1634 4452 flexis
1646 4394 1773 4467 genibus
1785 4412 1804 4455 a
1816 4401 1900 4470 patre

272 4482 306 4542 in
318 4479 465 4541 dirhione
476 4479 665 4548 Chananeae,
679 4479 815 4538 eamdem
832 4493 902 4536 cum
920 4477 979 4535 illis
994 4492 1066 4549 por-
1109 4492 1165 4535 suo
1184 4476 1421 4534 benedictionem
1440 4477 1573 4549 petebat,
1593 4477 1733 4552 idemque
1755 4481 1900 4540 sacerdoti

272 4564 385 4626 danem
397 4561 574 4622 hereditatis
587 4560 740 4634 accipient.
765 4595 766 4598 =
1108 4558 1267 4618 celebranti
1279 4559 1408 4617 officiose
1418 4558 1613 4618 ministrabat.
1628 4559 1777 4632 alfonsus,
1791 4565 1901 4634 Arago-

152 4663 214 4716 ω
236 4669 259 4713 7.
309 4650 336 4705 ¹l.
348 4650 417 4708 liter
429 4660 498 4704 auru
513 4659 628 4714 eumne
641 4657 780 4701 verreria
793 4658 830 4702 ue
842 4645 1064 4714 Mesororauu,
1109 4658 1183 4701 uum
1195 4658 1264 4710 rex,
1277 4641 1353 4714 patri
1367 4639 1551 4699 lerdiuaudo
1570 4641 1692 4700 obviam
1709 4658 1899 4717 progressus,

273 4745 391 4792 roaros
402 4744 452 4787 nsr
463 4731 587 4786 meunt.
597 4755 633 4771 -
643 4728 699 4785 Pro
713 4730 794 4792 euim,
808 4742 845 4783 ex
857 4727 979 4785 liebraeo
991 4725 1065 4784 verti
1109 4741 1187 4798 equo
1202 4723 1323 4795 desiliit,
1338 4740 1373 4781 ac
1392 4725 1519 4797 pedibus
1536 4727 1748 4800 comitabatur3
1767 4732 1900 4788 mouenti

272 4818 491 4888 potestantem.
504 4809 707 4868 ltaVetablus.
719 4809 812 4880 injicit
824 4809 871 4866 hic
883 4809 1065 4867 iacobiose·
1108 4813 1207 4867 autem
1221 4810 1313 4881 patri,
1328 4809 1456 4867 eliorum
1470 4825 1627 4883 procerum
1642 4826 1725 4870 more
1738 4828 1818 4887 equo
1829 4829 1900 4871 con·

273 4897 335 4970 pho
356 4893 539 4952 mentionem
560 4891 710 4962 Rachelis,
725 4894 837 4962 primo,
864 4892 936 4965 quia
957 4889 1065 4948 Rachel
1109 4905 1212 4948 sceuso
1224 4891 1417 4965 adequitaret,
1431 4893 1602 4966 respondit:
1618 4894 1850 4954 cathsliberum
1863 4896 1900 4954 sit

273 4983 335 5038 erat
344 4981 438 5037 mater
450 4975 586 5049 iosaphi,
598 4990 731 5048 uxorque
741 4974 843 5036 iacobi
858 4972 1046 5031 dilectissima
1052 4990 1063 5043 ;
1109 4990 1195 5047 agere
1216 4975 1301 5048 quod
1322 4975 1487 5047 voluerint,
1510 4991 1565 5049 ego
1585 4993 1741 5052 nunquam
1767 4982 1900 5040 adducar

273 5061 370 5121 solent
387 5059 468 5117 enim
486 5063 621 5133 parentes
641 5057 724 5132 apud
742 5055 821 5115 iiiios
840 5071 917 5130 saepe
934 5058 1065 5112 matrum
1109 5058 1183 5132 quin
1192 5063 1325 5132 patrem,
1337 5058 1411 5133 quin
1425 5075 1525 5132 regem
1543 5063 1571 5118 et
1587 5077 1657 5120 eum
1673 5067 1835 5136 aegrotum,
1848 5081 1900 5138 pe·

272 5143 409 5204 refricare
422 5142 616 5213 memoriam,
630 5161 659 5215 q.
672 5143 702 5199 d.
717 5140 830 5199 birido
842 5139 911 5198 filiis
924 5139 984 5197 tuis
993 5179 1002 5210 ,
1012 5155 1064 5198 eos
1109 5141 1198 5200 dibtu
1206 5157 1323 5216 sequar.
1333 5161 1349 5199 a
1361 5143 1450 5201 Testis
1460 5147 1504 5202 est
1514 5146 1748 5204 panormitanus.
1759 5147 1899 5206 Salomon

273 5243 322 5286 uae
336 5227 479 5302 adoptare
497 5225 531 5282 in
546 5239 646 5295 mecm
662 5239 733 5282 nana
751 5225 835 5298 quod
853 5223 892 5282 ad
908 5221 1064 5282 Rachelem
1108 5241 1160 5284 rex
1172 5239 1328 5298 assurgens
1337 5227 1479 5300 processit
1491 5226 1611 5286 obviam
1624 5230 1711 5287 matri
1722 5245 1789 5288 suae
1802 5232 1914 5290 Barsa-3

273 5313 398 5374 mahom
407 5313 490 5370 tuam
502 5306 613 5380 attinet,
622 5307 673 5366 illa
683 5308 755 5366 mihi
765 5311 942 5382 premature
954 5307 1064 5380 erepta,
1108 5307 1178 5380 bec,
1200 5307 1287 5381 cique
1309 5308 1493 5369 incurvando
1516 5327 1547 5368 se
1565 5311 1710 5371 honorem
1729 5313 1850 5387 detulit,
1864 5329 1900 5374 ao
