4182 6044
279 417 335 478 430
782 387 1024 450 concamarata
1040 387 1075 444 ιιι
1092 385 1244 450 axonnll,
1262 396 1325 441 car.
1344 381 1401 441 Vll.

280 540 390 590 coram
403 511 573 581 Pharaone
590 508 623 574 et
641 499 744 572 servis
756 495 849 589 ejm3
868 517 944 588 qnae
956 516 1050 566 versa
1065 499 1113 560 est
1131 491 1168 560 in
1180 489 1386 578 sanguinem.
1409 485 1464 554 ιι.
1484 483 1526 552 nt
1542 484 1663 576 pisces,
1682 481 1743 576 qni
1759 489 1853 549 mant
1868 482 1904 550 in

282 621 436 700 flumine,
452 610 575 680 mortni
586 616 665 677 sunt
677 631 686 674 :
700 603 968 696 computruitque
980 600 1119 683 fluvius,
1134 605 1168 666 et
1179 618 1247 665 non
1259 599 1410 684 poterant
1421 589 1573 682 AEgyptii
1583 588 1695 660 bibere
1708 609 1828 680 aquam
1842 586 1906 656 nu-

281 724 398 804 minis,
417 726 449 787 et
462 715 525 785 tuit
538 713 672 802 sanguis
685 711 721 779 in
734 718 802 778 tota
821 717 909 778 terra
923 707 1072 798 AEgypti.
1091 704 1146 772 ιι.
1165 701 1393 789 Feceruntqne
1408 696 1560 766 similiter
1578 691 1719 764 malefici
1732 691 1907 782 AEgyptio-

280 849 356 900 rum
369 820 645 894 incantationibus
656 819 742 904 suis3
758 825 791 886 et
803 815 996 884 induratum
1010 818 1058 880 est
1069 831 1125 879 cor
1137 804 1334 889 Pharaonis,
1349 824 1409 870 nec
1424 800 1551 869 audivit
1564 820 1634 883 eos,
1649 799 1735 868 ιιιιιι
1746 818 1907 888 praecepe-

279 939 331 1000 rat
343 928 515 1000 Dominus.
531 925 586 996 23.
600 924 796 1013 Avertitque
810 944 862 1006 se,
877 927 910 992 et
921 919 1087 1008 ingressus
1099 923 1148 984 est
1160 913 1297 984 domum
1310 930 1417 994 suam,
1431 927 1491 975 nec
1503 905 1654 996 apposuit
1666 926 1722 971 cor
1733 903 1831 971 ctiam
1844 903 1907 972 hac

280 1037 361 1104 vice.
378 1034 432 1101 ιι.
448 1030 617 1100 Foderunt
628 1036 739 1097 autem
753 1049 866 1095 omnes
879 1025 1029 1115 AEgyptii
1042 1043 1100 1112 per
1112 1019 1287 1090 circuitum
1300 1012 1449 1088 [luminis
1461 1034 1582 1104 aquam
1594 1015 1632 1080 ιιι
1643 1007 1813 1096 biberent3
1836 1032 1906 1084 non

280 1141 368 1212 enim
381 1144 531 1232 poterant
549 1134 661 1204 bibere
678 1133 719 1201 de
737 1155 824 1230 aqua
841 1132 1000 1206 fluminis.
1024 1129 1079 1198 25.
1100 1124 1296 1226 Impletiqne
1312 1128 1391 1190 sunt
1403 1126 1525 1218 septem
1538 1118 1626 1204 dica,
1646 1124 1820 1218 postquam
1831 1138 1907 1212 per.

279 1246 379 1314 cussit
392 1243 552 1313 Dominus
565 1239 718 1312 fluvium.

315 1429 342 1484 ι.
364 1430 501 1495 livarroua
521 1427 648 1485 Derisus
663 1438 701 1482 aa
714 1425 839 1482 Marsas.
855 1452 890 1466 -
903 1423 1072 1496 Respondet
1112 1423 1263 1495 percutere
1274 1418 1349 1475 falce
1364 1419 1468 1486 acuta,
1481 1414 1535 1472 sed
1546 1429 1609 1473 non
1619 1414 1765 1484 valuisse,
1776 1415 1906 1488 ideoque
1924 1415 2008 1488 calar.

278 1511 327 1569 hic
341 1512 416 1568 Deus
428 1510 576 1568 timiditati
596 1512 624 1566 et
643 1507 771 1581 querela
785 1505 887 1576 llosis,
901 1520 994 1579 quam
1007 1504 1070 1578 lpse
1113 1503 1308 1572 exclamasse,
1323 1515 1357 1558 ac
1371 1499 1478 1556 dixisse
1493 1515 1501 1553 :
1520 1499 1680 1568 «liugnam
1692 1496 1755 1553 vim
1772 1513 1791 1556 a
1807 1501 1835 1554 te
1850 1513 1905 1571 pa·
1917 1483 2012 1593 4:³¹²?ss

279 1593 435 1669 proposuit
446 1609 512 1667 cap.
524 1591 663 1666 praeced,
677 1606 753 1648 vers.
768 1591 813 1646 ιι.
1114 1588 1182 1658 ιιοι,
1194 1584 1312 1655 lineari,
1326 1584 1458 1658 quicum
1471 1582 1559 1655 cupio
1574 1581 1628 1639 tibi
1641 1596 1760 1651 nocere,
1775 1596 1837 1639 non
1849 1598 1905 1639 aa·
1932 1597 2002 1645 ιιιιιι

314 1681 386 1737 ans
399 1692 545 1737 corsrrrcr
557 1691 592 1734 τι
606 1677 685 1733 Dara
698 1674 1070 1741 resarcire-«neum»
1113 1667 1161 1728 leo
1178 1687 1185 1725 :
1199 1669 1273 1726 dum
1286 1681 1482 1742 quecumque
1498 1669 1531 1721 tu
1544 1663 1627 1735 tacis,
1640 1679 1696 1735 ego
1709 1663 1803 1736 maffia
1817 1680 1906 1721 emu-

279 1779 342 1821 non
362 1767 485 1830 natura,
510 1776 607 1833 neque
629 1758 740 1815 unione
763 1755 949 1830 hypostatica
974 1771 982 1810 :
1005 1753 1072 1810 talis
1114 1753 1278 1826 peremta
1291 1751 1370 1807 enim
1383 1748 1530 1806 interdum
1541 1748 1733 1820 jejunas,ego
1747 1762 1905 1820 nunquam

280 1846 359 1904 enim
372 1861 434 1903 non
447 1843 643 1912 constituitur,
657 1840 819 1914 praesertim
832 1839 857 1895 is
871 1837 923 1912 qai
931 1836 994 1909 jam
1005 1839 1072 1896 ante
1113 1834 1178 1894 ullo
1189 1833 1256 1892 cibo
1272 1832 1397 1892 reficior.
1411 1835 1453 1888 Tu
1466 1846 1542 1904 sepe
1552 1831 1672 1902 vigilas,
1686 1845 1733 1886 me
1744 1845 1814 1887 vero
1827 1845 1907 1887 nun·

279 1928 428 1997 subsistit,
442 1927 485 1984 uti
501 1923 680 1982 subsistebat
694 1923 743 1980 hic
758 1923 866 1992 lloses;
883 1921 936 1978 sed
953 1919 1072 1992 partici—
1115 1933 1206 1990 qnam
1220 1931 1310 1990 sopor
1324 1913 1477 1988 oppressit.
1487 1914 1609 1971 Sedum
1620 1927 1653 1969 re
1666 1912 1826 1982 maniacis,
1839 1913 1906 1985 ipse

278 2013 399 2086 patiens
420 2007 585 2070 eminentias
613 2012 642 2065 et
664 2006 815 2080 potestatis
841 2004 949 2062 divium
970 2008 1073 2065 contra
1114 1999 1397 2075 immunitumque
1418 1996 1457 2054 ab
1475 2011 1510 2053 ec
1530 2011 1592 2052 rem
1616 1996 1712 2068 ipsam
1734 1995 1907 2070 requisisset

280 2097 472 2162 Pharaonem,
484 2111 512 2166 q.
527 2093 556 2152 ιι.
572 2091 651 2162 Noli,
666 2108 685 2150 o
698 2093 802 2162 lloses,
816 2091 918 2148 timere
932 2089 1072 2148 saevitiam
1114 2081 1274 2152 llacartus,
1288 2080 1328 2138 ait
1342 2099 1349 2137 :
1367 2079 1547 2136 «humilitas
1560 2081 1612 2134 tua
1625 2077 1690 2136 sola
1702 2093 1750 2135 me
1761 2079 1869 2150 vineit,
1884 2099 1903 2132 ιι

279 2181 308 2235 et
318 2177 427 2234 tastum
440 2175 609 2244 Pharaonis,
621 2173 692 2247 quia
704 2189 760 2244 ego
774 2177 802 2229 te
816 2171 871 2229 leoi
883 2171 970 2247 qnasi
982 2173 1086 2230 Deum·
1115 2181 1177 2242 quo
1191 2165 1284 2234 ditio,
1301 2167 1401 2220 θιὸὓῑθ
1418 2161 1559 2232 Μὸθδΐῖθι
1573 2162 1649 2218 Ῑῦῑθῑ
1665 2175 1753 2218 tum
1770 2162 1902 2220 “inuii-

280 2260 460 2330 Pharaonis,
477 2274 539 2316 non
559 2273 649 2332 quem
669 2257 718 2314 illc
738 2255 863 2313 fideliter
882 2255 1001 2324 adoret,
1020 2255 1072 2311 scd
1150 2249 1262 2306 ibidem
1276 2248 1351 2304 alius
1364 2245 1464 2303 Abbaa
1477 2246 1538 2302 ait:
1555 2245 1904 2318 «Quantumoumqllflse

281 2343 423 2402 serviliter
434 2343 535 2399 timeat
546 2341 728 2414 punientem,
739 2343 827 2410 atque
841 2338 1073 2394 medentemob
1115 2329 1283 2404 deposuerit
1300 2330 1391 2386 homo
1408 2329 1440 2386 in
1459 2326 1635 2396 humilitate,
1649 2331 1765 2382 tantum
1783 2327 1903 2399 proficit

168 2437 261 2484 ιιιιιιιι-
282 2430 388 2497 secret:
404 2431 449 2495 st,
463 2429 497 2481 ut
507 2421 547 2480 ait
561 2425 706 2493 Repertus
722 2437 730 2474 :
747 2419 919 2487 «Quoniam
933 2421 966 2474 tu
979 2419 1072 2476 milla·
1114 2415 1147 2472 in
1167 2415 1275 2486 altum,
1290 2414 1364 2470 sicut
1383 2413 1462 2470 enim
1480 2409 1636 2486 superbia,
1649 2410 1674 2466 si
1691 2411 1852 2472 ascenderit
1869 2412 1903 2468 in

162 2503 197 2544 ⁸²⁸
223 2497 268 2570 ΜΨ·
281 2509 515 2568 simusvirorum
524 2519 593 2562 cum
605 2503 755 2560 Pharaone
765 2502 904 2558 dimicare
914 2501 1072 2572 indignum
1114 2499 1232 2567 coelum,
1244 2496 1387 2572 usquead
1401 2495 1548 2554 internum
1562 2492 1734 2550 deducitur:
1748 2492 1789 2550 ita
1801 2498 1830 2549 et
1843 2493 1901 2550 hu·
1914 2535 1922 2550 .

161 2559 269 2662 ssnquq
280 2596 309 2648 to
323 2591 423 2659 ducis,
436 2591 523 2658 teque
538 2584 693 2659 deprimis,
709 2598 774 2638 eece
792 2598 847 2654 ego
861 2581 1015 2640 sustollam
1028 2589 1070 2655 te,·
1115 2581 1242 2650 militas,
1254 2579 1278 2636 si
1293 2577 1474 2635 descenderit
1485 2575 1524 2633 ad
1534 2571 1697 2648 infernum,
1711 2577 1782 2634 tnnc
1795 2577 1904 2636 exalta·

172 2677 263 2720 rame-
280 2671 446 2742 daciamque
463 2672 490 2724 te
505 2669 596 2723 Deum
610 2663 785 2734 Pharaonis,
801 2669 834 2720 ut
847 2665 973 2737 imperes
986 2667 1072 2738 aquis
1114 2663 1298 2736 bitnrusque
1311 2663 1350 2720 ad
1364 2661 1482 2719 coelum.
1501 2680 1516 2715 ιι

194 2738 237 2820 aa.
279 2769 336 2829 pro
357 2754 498 2826 potestate
521 2749 586 2816 Del,
609 2751 642 2804 ut
662 2763 750 2805 ranas
770 2763 868 2819 crees:
892 2753 924 2806 ut
945 2751 1071 2824 imperes
1149 2745 1262 2804 lbidem
1279 2745 1356 2804 alius
1372 2748 1525 2817 comparat
1542 2741 1737 2802 humilitatem
1755 2745 1782 2801 S.
1797 2746 1903 2805 loanni

281 2844 364 2894 terra
377 2851 411 2892 ac
422 2833 525 2901 cinam,
540 2832 689 2904 faciasque
703 2832 733 2888 in
745 2847 813 2902 rege
824 2836 853 2889 et
865 2833 993 2892 exercitu
1007 2833 1072 2904 ejus
1114 2829 1248 2902 Baptista
1255 2870 1265 2899 ,
1278 2828 1448 2886 charitamm
1461 2827 1584 2886 Christo.
1602 2825 1728 2884 «Omnis
1745 2824 1841 2898 labor,
1855 2829 1902 2884 in-

281 2919 413 2992 cioiphes
430 2919 460 2974 et
478 2915 588 2974 vesicas
597 2934 606 2985 ;
621 2919 655 2972 ιιι
671 2915 798 2987 imperes
819 2915 897 2985 aeri,
912 2919 941 2974 et
959 2920 1072 2990 pestem
1114 2912 1196 2986 quit,
1210 2912 1272 2969 siae
1288 2912 1452 2972 humilitate
1469 2927 1564 2968 vanus
1580 2915 1633 2968 est.
1653 2910 1805 2968 llumilitas
1822 2913 1902 2970 enim

282 3003 414 3074 generet:
428 3001 461 3056 ut
474 2998 600 3070 imperes
618 2997 695 3068 igni,
709 3001 737 3054 et
754 3013 824 3054 cum
837 2997 979 3069 grandiae
997 2997 1073 3058 mix·
1115 2999 1158 3052 est
1167 3011 1332 3067 precursor
1342 2995 1500 3052 charitatis.
1512 2993 1591 3052 Sicut
1600 2996 1726 3052 loannes
1738 3009 1902 3067 precursor

282 3089 329 3140 tus
343 3081 550 3153 teratursuper
561 3081 931 3154 peccatores31mperandc
945 3081 1073 3139 elemen-
1114 3083 1176 3137 erat
1190 3081 1256 3136 lesu
1264 3117 1274 3149 ‚
1289 3093 1391 3138 omnes
1403 3078 1522 3136 trahens
1535 3079 1575 3136 ad
1588 3093 1656 3136 enm
1671 3079 1732 3136 :ita
1743 3084 1773 3138 et
1785 3079 1903 3138 humili·

281 3165 319 3222 tis
332 3167 407 3221 Deus
420 3161 477 3220 eris
488 3162 648 3220 Pharaonis
662 3181 670 3219 ι
684 3179 750 3221 ecca
763 3179 855 3237 quam
868 3165 999 3235 gloriosa
1011 3166 1072 3222 vir·
1114 3164 1160 3220 tas
1170 3161 1288 3220 attrahit
1299 3161 1338 3222 ad
1347 3163 1532 3234 charltatem,
1540 3161 1573 3220 id
1582 3165 1626 3220 est
1637 3163 1678 3222 ed
1689 3162 1788 3238 ipsum
1798 3165 1901 3236 Deum,

281 3251 380 3305 tatum
390 3246 492 3317 regina
502 3249 545 3302 est
554 3245 717 3316 humilitas,
729 3261 797 3319 quas
807 3247 838 3305 in
850 3248 958 3304 coelum
971 3247 1072 3308 volare
1114 3243 1186 3322 quin
1198 3247 1272 3304 Deus
1281 3245 1406 3304 charitas
1419 3249 1498 3304 ast.»

282 3328 442 3390 consuerit.
458 3348 472 3382 ι
491 3331 635 3388 Hactenus
649 3331 804 3405 Rupertus.
819 3333 901 3388 Unde
914 3329 1072 3392 chaldeus
1149 3329 1277 3400 lbidem,
1291 3347 1356 3408 cap.
1371 3346 1420 3399 xv,
1433 3331 1460 3388 S.
1476 3331 1602 3391 antonio
1616 3331 1647 3387 ln
1661 3331 1770 3389 meritis
1783 3332 1902 3406 praeier-

282 3413 382 3482 vertit,
393 3411 457 3470 dealt
469 3419 495 3469 te
508 3421 549 3474 27
561 3407 662 3482 racjid
674 3417 717 3470 est
728 3417 895 3486 principem,
909 3415 1070 3481 Pharaonis.
1114 3415 1163 3469 tur
1179 3414 1320 3472 comarius
1342 3413 1466 3488 quidam
1486 3413 1559 3471 mire
1575 3413 1715 3484 humilis,
1728 3416 1782 3488 qui
1794 3417 1901 3487 jugiter

317 3495 408 3555 Simili
421 3495 513 3554 modo
527 3497 554 3554 S.
568 3497 691 3556 Basilius
698 3497 792 3555 iactus
803 3502 846 3555 est
860 3501 934 3556 lleus
943 3500 1070 3558 Valentis
1114 3496 1231 3555 dicebat
1246 3516 1253 3554 :
1268 3498 1394 3556 «Omnis
1411 3498 1475 3554 hren
1492 3498 1594 3556 civitas
1612 3498 1773 3570 ingreditur
1786 3499 1817 3558 in
1832 3515 1900 3573 reg-

282 3578 479 3655 imperatoris:
495 3581 522 3637 S.
537 3578 720 3650 Ambrosius,
733 3581 852 3638 tustime
862 3581 1070 3654 imperatricis:
1113 3596 1188 3642 num
1201 3581 1249 3640 [tei
1266 3585 1388 3655 propter
1397 3581 1524 3654 justitias
1537 3597 1622 3653 suas:
1636 3597 1694 3654 ego
1707 3587 1805 3642 aulem
1817 3583 1899 3642 solus

282 3667 309 3726 S.
316 3663 501 3732 Athanasius,
507 3663 641 3734 Hilarius,
653 3665 756 3720 llosias
767 3667 795 3720 et
804 3664 1072 3736 Lucifer,constan·
1112 3669 1234 3738 propter
1246 3669 1364 3739 peecata
1377 3680 1444 3722 mea
1456 3679 1575 3742 poenam
1585 3665 1792 3742 sempiternam
1804 3667 1899 3740 ingre-

282 3747 314 3806 ιιι
327 3746 530 3822 imperatoris,
545 3744 618 3804 dum
631 3762 683 3804 eos
697 3744 845 3804 liberrime
860 3752 1070 3820 coarguerunt,
1113 3746 1216 3804 dior.»
2075 3795 2076 3800 ,

281 3831 343 3888 ιιιιο
365 3827 487 3899 Neroni,
510 3828 614 3899 Decio,
636 3827 815 3886 Diocletiano
840 3833 869 3887 et
894 3831 1070 3890 antichristo
1148 3830 1255 3888 llincS.
1271 3829 1405 3902 llilarlus,
1418 3831 1472 3888 lib.
1487 3833 1532 3890 vll
1546 3832 1898 3899 commemorantia:
1917 3846 2010 3892 ιιιιιιιι

281 3916 506 3988 compararunt,
529 3911 571 3970 uti
593 3917 673 3987 patet
693 3928 729 3970 ex
747 3927 851 3970 eornm
868 3913 980 3985 verbis,
1003 3931 1071 3989 quoa
1112 3911 1258 3970 Christum
1268 3915 1299 3970 in
1308 3913 1455 3988 Scriptura
1465 3915 1520 3974 dici
1533 3918 1634 3987 Deum,
1644 3917 1750 3974 scilicet
1758 3931 1818 3974 non
1827 3933 1898 3976 con-
1919 3915 2002 3952 mm

281 3996 367 4056 citari
390 3999 412 4053 ll
429 3997 543 4054 ltmotlt.
558 4011 585 4066 ι,
602 4000 629 4054 l.
648 3996 692 4055 Sic
707 3997 733 4054 S.
749 3997 913 4058 Bernartius
927 3999 965 4054 cd
981 4001 1070 4071 liupe-
1112 3995 1272 4067 stitutione,
1282 3998 1335 4054 sed
1346 4002 1446 4070 pmmo,
1460 3998 1591 4069 nominc,
1604 3999 1676 4072 qnia
1687 3999 1855 4074 simpliciter
1868 4002 1897 4057 et
1918 3967 2003 4087 ff,

281 4085 357 4140 aicm
379 4082 533 4151 Pontificem
549 4097 557 4138 ι
576 4099 590 4136 ιι
607 4080 781 4151 Considera,
804 4079 861 4152 ait,
882 4085 1018 4154 oportere
1042 4088 1070 4142 te
1111 4079 1666 4154 PtaetlisseV00⁸t11l⁰01¹b11U0t⁸⁷²=⁰³P·
1682 4098 1692 4138 ¹
1708 4087 1899 4141 *Delectat
1918 4092 2005 4151 estw-

280 4178 343 4224 esse
353 4161 480 4220 termam
490 4163 623 4236 iustitia,
638 4163 838 4222 sanctimoniae
851 4165 1022 4240 speculum,
1036 4166 1071 4226 fi·
1112 4161 1280 4232 terbum3r
1295 4163 1424 4230 secando,
1433 4163 1599 4233 nahvitate,
1611 4163 1812 4237 quiavccatur
1822 4167 1897 4222 beas

280 4245 329 4303 dei
347 4245 545 4315 defensorem,
567 4251 633 4317 ete,
654 4246 768 4320 virgam
792 4247 975 4321 potentium,
997 4249 1071 4307 mal·
1113 4260 1173 4301 non
1186 4260 1240 4318 per
1253 4247 1453 4321 adoptionem,
1468 4249 1520 4305 sed
1533 4263 1587 4322 per
1598 4250 1831 4319 generationem:
1845 4267 1899 4309 vo-

278 4329 360 4387 leum
372 4333 578 4401 tyrannorum,
593 4343 697 4401 regum
710 4333 841 4403 patrem,
855 4331 899 4388 sal
912 4334 1007 4401 terrm,
1021 4348 1071 4389 ur-
1113 4330 1282 4388 caturenim
1292 4330 1380 4388 Filius
1395 4331 1443 4387 ltei
1456 4347 1475 4388 a
1487 4332 1568 4388 Patre
1582 4331 1715 4404 genitus3
1731 4338 1830 4402 tertio,
1842 4349 1898 4394 na·

278 4411 436 4472 bialumen
445 4453 454 4482 ,
470 4413 653 4472 sacerdotem
664 4413 818 4484 altissimi,
833 4414 976 4472 vicarium
990 4415 1071 4474 Chri·
1112 4416 1191 4483 turn,
1205 4413 1277 4486 quia
1295 4413 1358 4488 ipse
1379 4412 1474 4471 dixit:
1492 4416 1576 4486 «Ego
1591 4418 1619 4472 et
1638 4417 1720 4474 Pater
1738 4431 1831 4473 unum
1849 4433 1898 4474 su-

279 4495 315 4556 sti
323 4536 334 4566 ,
348 4494 494 4554 Christum
512 4495 641 4566 Domini,
662 4501 814 4572 postremo
832 4500 924 4556 [team
944 4499 1071 4558 Pharao·
1112 4511 1180 4554 mus
1189 4516 1222 4567 3»
1236 4503 1344 4568 quarto,
1357 4499 1515 4570 potestate:
1531 4497 1593 4570 ipse
1606 4497 1684 4554 enim
1699 4499 1789 4556 dixit:
1807 4501 1898 4558 allata

278 4581 334 4639 nis.
344 4599 359 4635 ιι
370 4579 414 4637 Sic
427 4579 502 4637 Elias
511 4579 566 4637 luit
578 4583 651 4638 beas
664 4580 784 4639 Achabo
797 4581 859 4654 regi
869 4597 921 4654 per
934 4597 1002 4638 suas
1014 4581 1070 4638 mi·
1111 4583 1155 4636 est
1175 4579 1248 4635 mihi
1265 4579 1362 4636 omnis
1379 4583 1507 4652 potestas
1526 4579 1558 4635 in
1570 4579 1653 4637 coelo
1673 4585 1702 4637 et
1720 4582 1751 4638 in
1771 4586 1865 4654 terra:
1878 4605 1895 4637 ιι

278 4677 332 4722 nas
347 4665 376 4721 et
388 4663 492 4735 plagas
508 4679 514 4718 :
531 4663 611 4720 unde
624 4665 657 4720 ιιι
672 4665 888 4735 licentiati,
903 4679 971 4721 eum
986 4665 1012 4720 ei
1025 4664 1069 4721 di·
1111 4665 1221 4732 putato,
1233 4659 1432 4734 professione,
1446 4661 1517 4734 qnia
1529 4662 1723 4735 profitebatur
1736 4679 1836 4724 coram
1848 4669 1897 4726 tu-

278 4749 355 4805 oeret
367 4761 419 4802 ren
435 4763 442 4801 :
459 4747 562 4804 «Tune
578 4762 609 4803 es
626 4747 676 4803 ille
690 4747 742 4820 qai
757 4746 917 4804 conturbas
932 4747 1066 4805 israelis
1112 4743 1183 4801 duris
1202 4760 1233 4802 se
1252 4745 1512 4820 persequentibus,
1526 4761 1557 4804 se
1573 4747 1849 4808 consubstantialem
1868 4756 1898 4810 et

278 4828 432 4904 respondit
452 4829 596 4903 intrepide
616 4848 623 4886 r
642 4831 733 4887 «Non
751 4845 808 4902 ego
830 4827 947 4888 turbavi
965 4831 1068 4902 lsrael,
1111 4827 1256 4901 aequalem
1274 4829 1486 4900 essePatri,ut
1502 4831 1579 4886 tona.
1595 4846 1637 4886 v:
1655 4834 1794 4890 «Patrem
1809 4849 1898 4892 suum

279 4915 332 4972 sed
344 4918 391 4985 tu,
404 4917 432 4972 et
446 4913 555 4972 domus
569 4913 660 4988 patris
673 4913 731 4984 tui,
747 4913 800 4985 qui
817 4911 999 4986 dereliquisti
1015 4916 1069 4970 llo-
1113 4911 1228 4970 dicebat
1246 4915 1346 4981 Deum,
1361 4912 1506 4984 equalem
1525 4927 1554 4969 se
1567 4911 1675 4970 taciens
1689 4918 1764 4986 lteo,
1778 4935 1793 4971 ιι
1808 4915 1898 4975 hanc·

279 4997 431 5056 minum.»
458 4996 528 5054 Vide
552 4997 599 5056 hic
626 4995 701 5069 quid
728 4999 874 5052 mereatur
901 4995 1067 5066 humilitas,
1112 5010 1171 5070 que
1185 5007 1271 5050 suam
1284 4993 1500 5067 professionem
1513 4995 1662 5053 miraculis
1674 4999 1896 5072 comprobarit,

278 5094 429 5154 quamque
438 5079 502 5153 ipsa
511 5081 609 5138 llosea
620 5079 764 5148 exaltarit,
775 5077 884 5135 taciens
897 5093 965 5135 eum
977 5081 1069 5136 ileum
1111 5079 1302 5153 atquemorts
1313 5082 1342 5135 et
1351 5079 1492 5152 martyrio
1502 5095 1556 5138 suo
1565 5080 1741 5152 obsignavit.
1756 5085 1796 5141 lta
1809 5085 1836 5142 S.
1850 5085 1898 5142 lli-

280 5162 449 5222 Pharaonis.
463 5163 541 5221 siant
553 5164 646 5220 lloses
659 5162 729 5222 vicit
745 5161 942 5232 Pharaonem,
958 5161 998 5220 ita
1010 5162 1069 5222 hu·
1110 5164 1213 5226 tarius.

279 5246 358 5308 milis
369 5245 458 5322 vinoit
470 5245 637 5306 diabolum.
1146 5251 1219 5307 Nota
1240 5266 1248 5306 :
1267 5249 1321 5305 Pro
1340 5249 1440 5314 nam,
1460 5245 1595 5305 hebraice
1608 5251 1651 5304 est
1669 5251 1791 5317 Elobim,
1813 5253 1899 5324 quod
1912 5249 2002 5295 ⁸1⁰*ss

168 5372 213 5426 Ν,
230 5365 268 5412 Μ,
315 5332 449 5406 Legimus
467 5331 498 5389 tn
519 5331 593 5388 Vitta
608 5332 737 5398 Petram,
751 5329 881 5410 libili,
901 5347 966 5406 cap.
981 5346 1083 5405 rxnr,
1112 5331 1177 5390 aliia
1193 5345 1212 5388 a
1228 5333 1304 5400 llcc,
1318 5335 1391 5403 puta
1403 5331 1514 5401 angelis
1527 5335 1556 5387 et
1569 5329 1754 5403 homlnibus,
1771 5333 1807 5390 iis
1820 5347 1899 5406 pree·
1919 5323 2005 5360 ‘⁰⁰²¹‘

181 5429 254 5488 ,ιιιιιι
281 5413 436 5474 diabolum
449 5413 608 5475 occurrisse
621 5415 648 5474 S.
661 5413 986 5487 reseraremus:
1000 5431 1070 5476 eum
1111 5412 1212 5476 sertim
1229 5413 1339 5492 quibus
1360 5415 1452 5472 [teum
1476 5427 1562 5471 suam
1581 5418 1753 5490 potestatem
1769 5417 1899 5490 judicia-
1911 5377 2014 5487 iffi,
