4088 6032
621 307 869 372 'couuaurtait
885 309 920 370 IN
937 309 1095 384 suumin,
1112 319 1175 372 dtr.
1193 311 1218 371 1.
1698 305 1735 368 09

99 413 128 472 ct
143 411 291 488 Spiritum
307 411 464 485 Sanctum,
481 411 569 488 quasi
585 411 715 488 collegas
729 433 818 490 suos,
834 419 897 490 ejus
937 435 1007 491 ceps
1028 417 1163 476 emnium
1186 414 1377 488 animalium,
1398 411 1489 474 ctiam
1509 411 1731 482 maximorum,

101 495 168 554 dena
183 513 290 555 secum
307 500 438 568 naturae,
455 499 594 570 potentiae
606 501 636 556 et
652 501 842 572 operationis.
857 504 899 562 lta
938 504 1086 577 totiusque
1100 503 1205 560 mundi
1218 502 1305 577 quasi
1315 516 1378 559 rea.

101 579 127 636 S.
144 579 294 649 Basilius,
307 581 454 654 Repertus
473 580 568 638 etalii
585 597 693 657 supra3
712 583 774 642 ime
794 585 897 643 Conci·
973 589 1110 658 Septimo,
1129 587 1290 659 assignavit
1308 588 1384 644 Deus
1403 585 1519 645 homini
1539 585 1580 643 ad
1596 581 1733 646 habitan·
1745 594 1847 653 aalma.

100 659 173 718 lium
193 662 353 720 Sirmiense
374 660 457 736 apud
474 662 630 737 Hilarium,
647 665 700 723 lib.
714 669 754 724 lle
767 668 896 740 secedis,
939 671 1058 730 dumet
1077 688 1140 730 sese
1159 671 1389 741 oblectandum,
1408 668 1597 744 paradisum,
1619 665 1731 726 deliciis

100 745 170 802 dicit
188 745 351 804 anathema
368 745 406 803 iis
423 744 477 820 qui
496 747 580 806 aliter
596 749 678 807 hunc
690 749 792 810 lecum
805 751 898 826 expli·
939 755 1080 828 omnique
1091 771 1190 812 rerum
1204 755 1292 828 eopia
1308 751 1575 811 instructissimum.

99 833 174 888 aaut·
976 837 1089 908 Octauo,
1115 837 1224 896 creavit
1244 839 1320 895 Deus
1337 836 1491 894 hominem
1509 836 1592 894 tanta
1612 834 1731 909 integri-
1743 850 1830 896 omre.

27 923 91 968 hus
132 918 211 974 Nota
224 917 350 983 amado,
359 915 560 975 excellentiam
572 917 809 980 heminiszlleus
818 922 898 980 enim
938 925 995 981 tate
1015 922 1107 980 animi
1121 926 1150 980 et
1168 921 1338 979 innocentia
1355 918 1533 994 preditum,
1549 922 1583 977 nt
1600 921 1629 977 et
1646 935 1731 978 mens

24 983 91 1091 ξιξ
102 999 136 1057 de
149 999 301 1070 hominis,
314 1001 459 1072 tanquam
471 1001 513 1058 rei
527 1015 653 1072 magnae,
665 1004 811 1062 creatione
825 1005 898 1064 deli·
937 1005 1071 1078 subjecta
1082 1007 1158 1064 esset
1174 1008 1233 1064 liae
1241 1046 1251 1076 ,
1271 1008 1300 1062 ct
1319 1018 1423 1062 sensus
1439 1003 1568 1074 rationi,
1581 1005 1610 1063 et
1622 1018 1731 1077 corpus

24 1107 66 1152 g,
101 1081 403 1153 beratetconsnltat,
418 1083 518 1141 dicens
533 1085 707 1144 :Faciamus
724 1087 895 1162 heminem;
938 1088 1052 1160 animo,
1076 1093 1105 1146 et
1129 1104 1233 1148 omnes
1257 1087 1421 1146 animantes
1447 1085 1578 1144 heminis
1605 1086 1731 1161 imperio

101 1169 139 1226 ita
158 1171 311 1241 Repertus
333 1167 381 1242 (t).
400 1169 449 1224 Est
465 1168 545 1224 enim
562 1169 655 1228 homo
674 1171 773 1244 prima
791 1173 897 1232 mundi
938 1171 1136 1232 subderentur
1147 1192 1156 1231 r
1169 1172 1240 1230 lunc
1252 1172 1363 1231 iactum
1375 1172 1420 1231 est
1432 1173 1467 1229 ut
1478 1171 1579 1228 nudus
1592 1183 1731 1230 noneru-

100 1250 239 1319 increati,
249 1249 282 1308 id
291 1254 335 1306 est
347 1251 393 1308 SS.
408 1251 569 1322 Trinitatis,
581 1253 700 1326 image,
713 1259 742 1312 et
755 1256 817 1328 ejus
831 1257 897 1314 inii·
937 1256 1077 1316 hescerct.

99 1336 164 1391 nitar
177 1334 253 1392 artis
268 1337 296 1390 et
307 1333 458 1406 sapientise
469 1334 686 1409 testimonium,
701 1341 730 1396 et
742 1354 818 1414 opus
830 1356 896 1414 per·
971 1343 1062 1408 Noae,
1076 1341 1171 1400 Adam
1183 1355 1315 1412 congrua
1328 1337 1452 1411 singulis
1464 1337 1664 1396 animantibus
1676 1355 1731 1398 ne·
1742 1330 1811 1376 ΝΜ·

98 1417 308 1487 lectissimum
325 1418 414 1475 creati
426 1433 496 1476 vere
516 1419 623 1478 mundi
639 1421 731 1480 home
750 1427 794 1480 est
810 1423 895 1497 finis,
936 1425 1018 1482 nrina
1029 1425 1187 1498 imposuit3
1201 1424 1282 1482 unde
1295 1423 1390 1480 elucet
1402 1435 1520 1480 summa
1533 1419 1596 1495 ejus
1610 1423 1731 1482 scientia

98 1501 331 1576 compendium,
343 1500 498 1560 vinculum
515 1503 544 1560 et
562 1518 656 1561 nexus
672 1523 679 1560 :
695 1522 798 1564 omnes
816 1509 896 1566 enim
936 1513 965 1568 et
978 1510 1129 1584 sapientia,
1142 1515 1176 1568 ut
1191 1515 1219 1568 et
1231 1510 1303 1583 ipses
1316 1508 1481 1568 animantes
1492 1505 1579 1582 quasi
1592 1507 1731 1580 agnesc'e·

98 1601 198 1644 rerum
215 1583 414 1659 spiritualium
426 1588 456 1643 et
472 1587 674 1659 corporalium
692 1589 803 1662 gradus
820 1591 851 1648 in
864 1609 895 1650 se
936 1598 1002 1652 rent
1015 1599 1044 1652 ct
1056 1593 1275 1669 profiterentur,
1288 1607 1319 1650 se
1334 1606 1391 1668 pre
1408 1594 1477 1663 rege
1490 1606 1525 1650 ao
1540 1589 1663 1650 demine
1675 1591 1731 1649 ha·

99 1671 187 1730 habet
202 1675 235 1728 et
247 1669 336 1728 nectit
347 1668 459 1740 homo,
472 1669 600 1744 ideoque
613 1676 657 1728 est
670 1676 698 1729 et
711 1679 834 1734 vocatur
848 1677 897 1734 lli·
935 1675 1006 1734 bere
1019 1678 1183 1736 heminam.

24 1758 91 1832 me
100 1769 284 1823 noceamus,
297 1756 386 1826 atque
401 1753 548 1811 aPlatene
557 1758 681 1814 vocatur
693 1756 818 1817 Horizen
831 1761 897 1816 uni·
971 1759 1095 1823 Dedere,
1113 1771 1222 1832 corpus
1240 1753 1346 1813 hahuit
1363 1753 1548 1824 immortale,
1566 1756 1601 1811 ut
1623 1753 1731 1814 scilicet
1742 1756 1834 1804 name.

29 1820 84 1896 Ψ
102 1838 194 1908 vera,
209 1837 283 1911 quia
297 1836 478 1894 disterminat
495 1842 524 1894 et
539 1837 571 1895 in
589 1854 621 1896 se
635 1841 788 1913 conjungit
809 1858 896 1917 supe·
936 1839 961 1897 si
975 1841 1034 1896 lieo
1047 1843 1181 1913 pareret,
1194 1838 1369 1910 longissimo
1381 1853 1446 1896 auo
1458 1836 1584 1895 interris
1597 1841 1679 1908 acte,
1693 1855 1730 1896 ex

23 1895 87 1929 aas,
100 1922 157 1979 rius
171 1920 435 1993 hemispherium,
447 1924 520 1992 puta
536 1921 644 1978 coelum
659 1927 688 1982 et
699 1926 821 1996 angelos
828 1968 839 1998 ,
853 1931 895 1984 at·
935 1921 995 1980 vita
1009 1924 1124 1980 terrena
1137 1923 1177 1980 ad
1191 1922 1337 1980 ooelestem
1351 1924 1380 1978 et
1391 1921 1612 1994 sempiternam,
1625 1921 1729 1978 mertis

101 2023 155 2082 que
175 2003 319 2075 inferius,
332 2008 406 2078 puta
423 2008 532 2062 terram
545 2009 574 2062 et
588 2005 692 2078 bruta3
706 2009 799 2067 homo
815 2011 895 2068 enim
935 2005 1144 2080 malorumque
1158 2005 1295 2063 emnium
1309 2019 1413 2078 expers
1428 2005 1640 2064 traduceretur.

99 2090 208 2164 partim
221 2087 344 2162 angelis,
357 2088 466 2162 partim
480 2089 575 2148 brutis
587 2093 631 2148 est
642 2091 756 2150 similis.
770 2092 815 2150 Sic
824 2095 894 2164 vita,
975 2092 1131 2158 Undecimo,
1145 2091 1222 2148 Deus
1242 2090 1323 2146 deno
1342 2085 1505 2162 prophetiae
1518 2088 1670 2146 hominem
1685 2089 1729 2147 in·
1760 2085 1850 2135 nemi·

101 2178 126 2232 et
142 2177 265 2247 tempus
278 2173 336 2229 hec
349 2175 485 2230 nostrum
505 2176 548 2231 est
565 2173 690 2232 horizon
702 2177 892 2236 aeternitatis:
935 2171 1069 2246 signivit,
1090 2188 1159 2230 cum
1179 2171 1253 2230 dixit
1273 2189 1280 2229 :
1299 2173 1382 2228 clleo
1402 2185 1482 2229 nuno
1502 2187 1537 2229 os
1551 2187 1588 2231 ex
1608 2172 1729 2232 ossibus
1741 2164 1785 2198 ¹²¹¹·

100 2257 167 2333 qnia
180 2256 369 2316 disterminat
381 2255 572 2314 aeternitatem
586 2257 715 2329 beatam,
728 2276 796 2333 qua
809 2264 852 2320 est
863 2261 894 2318 in
936 2257 1019 2315 meis.
1034 2277 1048 2312 ι

101 2341 195 2413 nelis,
215 2356 235 2400 a
251 2341 376 2409 misera,
389 2355 459 2411 quae
471 2344 515 2397 est
527 2340 558 2396 in
573 2340 708 2413 inferno,
721 2347 751 2399 et
762 2341 802 2401 ab
816 2347 894 2402 uem.
971 2336 1147 2403 naedeamo,
1160 2336 1237 2391 Deus
1250 2349 1328 2407 sape
1345 2333 1403 2392 sub
1422 2334 1518 2410 specie
1530 2335 1663 2394 humana
1675 2337 1730 2395 ho·
1741 2335 1847 2384 ”affl-

101 2440 155 2500 que
172 2423 291 2497 aliquid
309 2423 475 2498 participat.
491 2421 614 2482 Pulchre
633 2425 662 2482 S.
677 2425 825 2499 Clemens,
838 2427 892 2486 lib.
935 2421 1009 2480 mini
1031 2420 1195 2495 apparebat
1204 2461 1215 2491 ,
1236 2433 1365 2493 eumque
1388 2417 1569 2477 familiariter
1593 2419 1730 2496 alloque-
1741 2411 1778 2444 Μ

102 2510 141 2566 vll
155 2509 275 2566 Constit.
295 2508 406 2579 Aperi„
421 2521 487 2580 cap.
501 2519 576 2564 xxxv
592 2526 599 2564 ε
617 2525 632 2562 r
647 2507 749 2566 Finem
755 2535 764 2577 3
780 2509 837 2581 ait,
850 2510 894 2568 ia·
935 2505 1035 2565 batur.

99 2589 278 2658 bricationis‚
289 2590 469 2648 animantem
477 2591 600 2649 rationis
609 2592 796 2666 participem,
807 2610 894 2652 mun·
970 2588 1045 2644 Nota
1058 2590 1158 2654 terlio,
1177 2587 1254 2642 ”⁰11⁵
1272 2583 1417 2658 Pfllflfium
1435 2583 1494 2641 1¹⁰⁰
1510 2583 1631 2656 mundi,
1646 2585 1732 2660 quasi

3 2699 5 2738 ι
100 2673 472 2746 deiram,sapientiaetuae
486 2674 893 2750 moderationelecisti,oum
935 2671 1093 2748 quoddam
1112 2670 1297 2741 convivium,
1316 2669 1358 2728 ait
1377 2671 1539 2743 Nyssenus,
1562 2673 1614 2729 aut
1632 2671 1733 2745 potius

3 2773 4 2794 ³
101 2755 208 2818 uenas
223 2775 230 2814 :
246 2757 401 2816 Faciamus
415 2757 569 2816 hominem
582 2757 623 2817 ad
641 2760 802 2831 imaginem
815 2767 844 2820 et
856 2763 896 2822 si·
935 2755 1023 2832 quasi
1045 2755 1235 2830 splendidum
1249 2752 1428 2825 triclinium,
1438 2752 1577 2812 instruxit
1593 2755 1732 2813 omnibus

3 2853 4 2902 t
102 2841 296 2898 militudinem
312 2845 459 2912 nostram3
475 2840 585 2913 fecisti,
603 2840 743 2916 inquam,
765 2847 800 2902 ut
819 2849 895 2904 esset
935 2839 1040 2910 rebus,
1055 2853 1124 2912 ques
1134 2838 1283 2910 adusum,
1299 2835 1526 2896 oblectationem
1539 2840 1567 2894 et
1581 2838 1733 2897 scientiam

102 2922 188 2980 homo
207 2930 296 2996 stapes
316 2927 416 2996 κόσμος,
436 2925 469 2982 id
482 2930 540 2995 est,
553 2931 647 2983 orecte·
664 2933 794 2996 emotus,
809 2929 894 3002 cnjus
936 2927 1019 2979 erant
1039 2924 1228 2996 opportuna3
1250 2935 1285 2978 ac
1304 2919 1411 2978 deinde
1432 2919 1538 2978 ultimo
1554 2920 1585 2977 in
1598 2920 1674 2978 illud
1691 2922 1732 2979 ita

101 3021 205 3080 cerpus
228 3012 257 3064 et
277 3012 407 3082 quatuor
424 3007 573 3066 elementis
593 3009 697 3083 primis
718 3012 894 3086 corporibus
937 3007 1116 3064 adornatum
1135 3006 1253 3064 induxit
1274 3005 1440 3077 creavitque
1461 3004 1633 3075 hominem,
1646 3005 1733 3079 quasi

101 3088 241 3161 iormasti,
251 3092 383 3150 animam
396 3105 466 3149 vere
478 3108 515 3149 ex
527 3091 631 3164 nihile,
641 3108 677 3154 ac
690 3109 793 3153 sensus
808 3097 895 3170 quin·
937 3091 990 3165 qui
1004 3090 1140 3149 emnium
1153 3095 1228 3148 esset
1241 3092 1357 3159 vertex,
1371 3087 1441 3144 finis
1454 3092 1482 3144 et
1495 3087 1644 3146 deminus.
1662 3088 1732 3146 vide

102 3189 156 3247 qne
169 3175 210 3232 ad
227 3178 377 3232 certamen
396 3175 510 3232 virtutis
529 3176 650 3248 dedisti3
665 3181 694 3234 et
708 3181 838 3236 mentem
850 3180 895 3254 ip·
937 3175 965 3232 S.
981 3174 1186 3247 Ambrosium,
1201 3175 1287 3248 epist.
1301 3176 1337 3232 38
1350 3173 1387 3228 od
1400 3175 1527 3239 Heroni„
1541 3177 1570 3229 et
1581 3173 1734 3232 Nazianze-

103 3258 158 3315 sius
177 3257 304 3329 animae,
319 3261 464 3334 tanquam
481 3259 617 3331 aurigam
636 3259 772 3320 sensibus
792 3262 895 3338 preele-
937 3275 1028 3333 num,
1042 3266 1114 3318 eret.
1132 3263 1183 3327 ti,
1197 3264 1226 3317 et
1239 3261 1417 3332 Nyssenum,
1435 3257 1544 3316 lib-De
1560 3259 1673 3330 opificio
1686 3261 1733 3316 he-

104 3341 172 3398 risti.
185 3361 201 3393 s
937 3347 1041 3412 mirrts;
1057 3343 1126 3401 vide
1141 3346 1171 3402 et
1190 3343 1228 3401 de
1246 3342 1431 3415 singularum
1450 3341 1575 3398 humani
1598 3342 1732 3416 corperis

23 3423 91 3476 hia
135 3425 271 3492 Secundo,
290 3425 364 3500 quia
381 3441 436 3500 per
452 3425 599 3484 Christum
617 3427 770 3486 hominem
791 3445 894 3490 omnes
937 3427 1067 3500 partium
1081 3427 1275 3499 dignitate,S.
1295 3425 1496 3495 Ambrosium,
1508 3424 1561 3482 lib.
1572 3427 1605 3482 v1
1615 3428 1732 3485 Herem.

3 3545 5 3584 ι
104 3510 208 3583 pariter
220 3514 375 3579 creaturae,
386 3524 454 3583 quae
465 3509 498 3566 in
510 3511 632 3568 homine
645 3513 731 3585 quasi
745 3513 776 3570 in
789 3514 896 3572 micre-
938 3525 1004 3583 cap.
1018 3525 1058 3567 ur.
1073 3513 1158 3568 Recte
1171 3524 1242 3585 ergo
1256 3511 1284 3568 S.
1296 3509 1476 3580 bernardus,
1487 3523 1574 3566 serm.
1589 3511 1603 3565 1
1621 3511 1661 3566 be
1674 3509 1734 3566 Aa·

3 3587 5 3642 ἶ
104 3608 213 3665 cosmo,
224 3595 270 3652 uti
280 3596 344 3667 jam
357 3594 436 3664 dixi,
449 3595 646 3665 continentur,
659 3599 743 3654 erant
756 3597 895 3654 deificau-
937 3600 1036 3662 onrzt.;
1050 3594 1163 3666 «Quid,
1176 3594 1284 3669 inquit,
1293 3593 1408 3652 homini
1420 3593 1520 3669 primo
1532 3594 1632 3650 deerat
1641 3609 1733 3667 quem

105 3676 147 3735 aa
161 3697 169 3734 ι
183 3679 252 3737 vide
266 3692 340 3750 ergo
353 3680 466 3752 quanta
477 3677 652 3735 sithominis
667 3677 805 3750 dignitas.
938 3679 1140 3736 misericordia
1156 3678 1358 3750 custodiebat,
1373 3679 1501 3737 docebat
1516 3678 1638 3750 veritas,
1652 3694 1734 3752 rege·

25 3757 73 3809 *tt
138 3765 239 3835 Tertio,
248 3763 322 3836 quia
333 3765 456 3836 propter
466 3763 629 3832 homiuem,
640 3766 668 3820 et
681 3777 751 3819 cum
763 3763 895 3836 homine,
937 3761 991 3821 bat
1000 3762 1128 3834 justitia,
1141 3779 1202 3837 pax
1215 3763 1356 3821 fevebatit
1374 3783 1388 3816 a

104 3846 143 3904 uti
155 3847 290 3904 mundus
307 3850 351 3902 est
365 3845 519 3916 conditus,
534 3845 575 3903 ita
594 3849 623 3903 et
635 3846 666 3904 in
684 3848 896 3907 resurrectione
974 3849 1096 3921 insuper
1110 3847 1261 3919 Diogenes,
1275 3851 1347 3906 teste
1358 3848 1524 3918 Plutarcho,
1532 3848 1585 3908 lib.
1595 3851 1636 3908 lle
1650 3852 1736 3907 Tiau-

101 3931 302 3988 renovabitur.
862 3934 866 3940 '
939 3934 1019 4004 quill.
1032 3935 1141 3998 oae'mae,
1155 3936 1184 3988 et
1197 3932 1295 4003 Phile,
1309 3932 1363 3990 lib.
1376 3935 1385 3989 l
1396 3935 1435 3989 De
1448 3934 1617 4004 honoratio,
1629 3933 1736 3992 decent

26 4007 77 4061 δή
136 4015 260 4082 Quarto,
287 4025 440 4070 summum
467 4009 538 4069 fidei
564 4015 759 4086 mysterium,
786 4015 897 4074 scilicet
939 4016 1025 4088 quod
1037 4015 1168 4070 mundus
1181 4015 1218 4072 sit
1232 4015 1317 4089 quasi
1331 4016 1476 4090 templum
1491 4015 1541 4076 llei
1558 4031 1674 4074 sucrum
1681 4059 1692 4089 ,
1706 4022 1735 4074 et

102 4097 145 4156 SS.
165 4096 314 4155 Trinitatis
333 4100 363 4153 et
379 4094 541 4152 individuae
560 4096 695 4168 unitatis,
715 4098 847 4170 primum
864 4099 897 4156 in
939 4099 1116 4172 pulchrum,
1131 4098 1162 4154 in
1181 4099 1264 4172 quod
1283 4099 1422 4156 inductus
1444 4100 1480 4156 sit
1492 4099 1603 4164 home,
1618 4103 1651 4158 ut
1670 4101 1734 4173 eius

102 4183 290 4252 generatione
303 4179 435 4238 hominis
449 4182 609 4237 reseratum
622 4185 680 4248 est,
697 4181 782 4256 qued
794 4187 898 4256 postea
940 4188 1015 4241 esset
1028 4182 1147 4240 aratistes
1154 4224 1164 4253 ,
1179 4187 1206 4240 et
1221 4182 1384 4242 sacerdotio
1402 4183 1574 4255 iungeretur
1586 4200 1642 4256 pro
1656 4199 1736 4242 crea-

102 4263 132 4322 in
144 4266 280 4337 eiusdem
295 4262 426 4321 heminis
439 4264 676 4334 regeneratione,
690 4271 764 4338 puta
779 4265 811 4323 iu
823 4265 898 4341 bap·
940 4267 1013 4324 turis
1031 4266 1186 4337 omnibus,
1202 4282 1236 4324 ae
1252 4283 1308 4339 pro
1323 4266 1473 4324 beneficiis
1490 4267 1532 4324 eis
1552 4267 1692 4327 erunibus
1707 4273 1736 4326 et

101 4347 189 4406 tisme
196 4392 207 4421 ,
221 4350 323 4422 aperte
336 4346 548 4404 declarandum
561 4349 590 4404 et
601 4347 804 4421 profitendum
819 4354 897 4422 erat3
941 4349 1065 4422 singulis
1078 4348 1192 4407 cellatis
1205 4350 1313 4422 gratias
1323 4355 1431 4422 ageret,
1441 4350 1559 4426 illisque
1572 4352 1736 4426 propitium

102 4447 173 4493 nam
186 4435 238 4493 illa
254 4432 366 4501 rerba,
380 4434 516 4501 sociemus
534 4436 562 4488 et
575 4439 712 4503 nostrum,
730 4433 898 4492 Trinitatem
940 4435 1076 4492 redderet
1090 4436 1193 4504 Deum,
1207 4438 1241 4490 ut
1253 4434 1335 4492 bena
1347 4435 1479 4506 adderet,
1490 4434 1628 4509 malaque
1640 4436 1736 4510 repel-

103 4517 286 4589 significant3
312 4515 456 4574 unitatem
472 4531 544 4573 vero
563 4514 696 4573 indicant
716 4515 769 4574 illa
781 4517 895 4576 verba:
941 4516 1022 4574 leret.
1046 4518 1118 4574 ilinc
1136 4518 1190 4575 «in
1210 4524 1289 4577 veste
1310 4519 1444 4594 poderis,
1467 4535 1559 4594 quam
1578 4519 1733 4579 habebat»

26 4673 28 4676 Ι
102 4601 183 4659 ltiait
195 4605 279 4666 Date,
294 4603 362 4670 tecit
375 4602 458 4666 Data,
473 4603 527 4656 etc.
940 4603 1038 4658 Aaron
1058 4601 1192 4674 pontifex
1208 4603 1315 4660 veteris
1339 4605 1530 4676 Testamenti,
1547 4607 1649 4662 «totus
1673 4607 1737 4663 erat

21 4677 77 4730 Η
136 4686 252 4752 Quinte,
276 4682 417 4741 animalia
438 4687 466 4739 et
487 4684 597 4758 plantes
618 4699 654 4741 ex
675 4688 799 4744 terrast
819 4702 899 4760 aqua
942 4685 1216 4756 orbisterrarum,e
1231 4688 1354 4758 sapient.
1370 4685 1735 4759 xr111,22.ltudil.aotan·

102 4775 246 4840 genermae
261 4768 400 4825 dicuntur
413 4783 421 4823 :
436 4769 467 4824 at
484 4767 566 4824 solus
586 4769 662 4825 Deus
680 4783 789 4841 eorpus
802 4769 899 4826 hemi-
941 4769 1014 4824 tium
1022 4809 1032 4840 ,
1047 4768 1099 4826 lib.
1114 4773 1153 4826 lle
1162 4771 1211 4826 ire
1224 4772 1276 4827 Dee·
1279 4812 1289 4841 ,
1304 4787 1369 4845 cap.
1385 4787 1454 4828 xiv:
1470 4772 1630 4846 «Sequitur
1643 4777 1675 4830 ut
1689 4789 1736 4831 es·

103 4853 147 4908 nis
159 4853 248 4910 finxit
260 4859 290 4908 ct
302 4851 455 4923 figuravit,
469 4850 572 4924 illique
581 4850 712 4910 animam
723 4853 898 4912 rationalem
940 4853 1061 4909 tendam
1084 4869 1136 4910 cur
1157 4853 1310 4911 hominem
1332 4855 1431 4912 iecerit
1450 4858 1535 4913 heus.
1555 4855 1633 4914 Sicut
1649 4873 1737 4914 mun·

3 4959 5 5014 ss
102 4949 163 4994 ase
177 4952 215 4994 ex
227 4933 324 4993 nihilo
336 4939 464 4992 creatam
474 4933 590 4992 indidit.
942 4936 1015 4994 dum
1028 4941 1150 5011 prepter
1161 4937 1314 4995 hominem
1324 4938 1508 4995 machinatus
1517 4945 1572 5008 est,
1582 4940 1623 4996 ita
1636 4939 1736 5014 ipsum

3 5007 68 5074 2⁸*-
135 5022 234 5089 Sento,
256 5019 351 5078 hemo
372 5018 466 5075 taetus
487 5023 530 5078 est
549 5035 568 5075 a
585 5020 644 5077 Deo
664 5023 759 5079 rector
777 5020 899 5096 etprin·
941 5026 1062 5095 prepter
1089 5037 1130 5093 se,
1155 5029 1297 5096 tanquam
1320 5023 1414 5080 divini
1435 5023 1539 5096 templi
1561 5023 1735 5096 antistitem,

132 5151 897 5218 u)aeganraseoecaaaeeefiea,1n.v1,aanor2
941 5111 1134 5202 spectatorem
1156 5122 1281 5206 ⁰P⁹P¹¹¹¹¹
1302 5123 1461 5204 rerumque
1486 5107 1659 5206 coelestiam.
1685 5110 1738 5206 ⁵.⁰'

104 5223 263 5289 «afflavit
278 5235 325 5274 μω
338 5229 399 5273 ame
410 5225 519 5284 mm,
532 5235 610 5288 quam
621 5223 698 5290 seem
714 5237 761 5275 nee
775 5231 828 5274 ,am
843 5225 899 5279 lm
941 5188 988 5246 lus
1005 5206 1084 5248 emm
1097 5195 1224 5266 est,an
1238 5196 1365 5250 sent1ens
1381 5208 1534 5266 capaxque
1552 5196 1675 5251 rahonis
1692 5206 1738 5250 rn-

103 5307 282 5360 massonam,
300 5300 331 5344 ut
344 5293 383 5344 illi
394 5294 674 5358 potuerimusexcidere
685 5311 693 5345 :
704 5295 767 5346 scias
781 5309 833 5348 uon
846 5308 898 5350 esse
941 5273 1070 5347 sfiffissel'e
1085 5277 1179 5350 1³0⁵⁵it
1192 5279 1302 5348 Deum,
1316 5276 1369 5351 qni
1389 5278 1452 5348 ejus
1469 5291 1560 5350 ⁰1)ssra
1576 5277 1737 5348 admiraris

105 5363 235 5418 mmioem
246 5365 449 5420 tumultuarium
459 5371 485 5416 et
498 5364 667 5428 incentatore
682 5379 752 5432 opus
765 5383 780 5415 a
943 5359 1081 5418 virtutem
1092 5364 1326 5434 potestatemque
1339 5361 1516 5436 perspicere,
1529 5365 1584 5419 etc.
1597 5361 1666 5418 ldee
1678 5373 1741 5430 ser·⁴
