4042 6032
255 231 280 310 c

256 367 333 428 ques
348 367 365 407 a
376 363 521 409 emersere
533 345 614 408 tretis
627 347 754 417 montes,
771 335 914 419 orbisque
925 357 980 417 per
991 353 1047 400 un·
1090 341 1164 413 puto
1176 333 1391 403 necesarium,
1411 334 1446 389 ut
1458 330 1498 390 sd
1510 328 1694 388 -elevationes
1706 330 1791 386 terre
1805 323 1885 396 ignis

258 435 312 494 dae
331 434 437 492 exsiliit
450 433 528 508 (i);s
550 435 580 488 et
598 433 688 487 strata
707 443 744 485 cx
766 443 852 500 aqua
878 425 1047 483 sedimentis
1089 422 1120 478 vi
1133 422 1223 478 iactas
1238 416 1454 486 confugiemus.
1475 413 1569 472 Etiam
1582 410 1817 485 antequamistse
1831 409 1885 465 fie-

257 521 403 587 concreta,
416 531 483 590 qua
496 513 632 588 primitus
644 510 703 569 iere
717 509 908 568 horizontalia
922 508 1046 578 tuerent,
1072 497 1170 574 'rent,
1183 505 1213 559 iii
1232 517 1267 557 aa
1290 498 1374 571 globi
1394 501 1494 572 parte,
1509 512 1576 569 qua
1594 495 1725 552 solidum
1741 493 1806 586 Jani
1828 495 1886 548 sta·

258 615 367 672 magna
378 613 416 657 ex
428 603 510 672 parte
524 596 636 654 elevata
649 598 678 651 et
689 593 843 662 inclinate,
858 593 1047 650 directionem
1090 589 1154 641 tum
1169 583 1375 657 acquisiverat,
1387 595 1553 653 supponere
1565 577 1633 636 licet
1643 580 1753 634 trachis
1766 574 1885 648 aliquos

258 683 412 756 obliquam
425 685 454 738 ct
464 681 551 737 etiarn
561 677 729 734 verticalem
741 678 923 749 acceperunt.
938 677 976 730 lle
987 677 1047 731 huo
1093 668 1162 741 plus
1175 667 1284 722 crateris
1306 666 1434 723 elevatos
1448 665 1495 736 (ut
1511 666 1540 720 et
1551 662 1582 718 in
1595 661 1693 734 pomis
1713 658 1779 732 titt:
1795 661 1885 730 etque

258 765 423 839 supposuit,
442 763 600 819 immensas
619 760 650 816 in
667 759 771 816 tellure
789 758 878 816 tuisse
896 773 1045 828 cavernas,
1090 752 1121 808 hi
1136 754 1243 808 tractus
1249 751 1314 821 iure
1327 748 1385 806 dici
1397 753 1498 805 usoutea
1506 746 1675 818 potuerunt.
1684 740 1886 799 verosimilius

256 847 410 920 ruptisque
426 844 551 917 rupibus
574 844 739 918 superiores
760 843 886 900 fornices
899 843 1046 898 sustiuen-
1091 839 1194 912 tumen¹
1216 833 1349 902 videtur,
1364 836 1478 888 montes
1499 830 1570 886 istos
1592 826 1649 884 sub
1670 825 1756 899 aquis
1774 827 1886 880 stantes

257 929 351 1000 tibus,
377 928 515 986 cecidisse
542 927 609 984 illos
630 925 707 984 inira
728 942 874 1000 aquarum
896 923 1045 994 libellam;
1091 933 1153 974 non
1171 915 1254 974 eliud
1277 914 1384 985 fuisse,
1408 929 1500 988 quain
1520 915 1612 970 terras
1638 911 1670 967 iii
1690 911 1809 967 montes
1828 906 1887 964 ele·

257 1015 323 1071 turn
342 1027 452 1084 aquas,
473 1009 534 1067 ima
552 1012 699 1082 petentes,
719 1009 751 1065 in
773 1010 908 1066 cavitates
928 1007 1048 1064 descen·
1091 999 1213 1058 vendes.

259 1092 350 1164 disse,
367 1095 396 1150 et
408 1096 506 1166 partes
518 1091 653 1148 elatiores
665 1090 788 1159 terreni,
803 1090 886 1165 quod
899 1090 955 1146 sub
969 1103 1048 1161 aqua
1127 1083 1226 1140 xlvii.
1241 1081 1352 1138 tertius
1363 1079 1426 1137 dies
1436 1076 1631 1152 probabiliter
1640 1075 1732 1134 debili
1740 1074 1807 1132 luce
1818 1073 1888 1132 illu-

257 1174 366 1245 fuerat,
390 1191 427 1232 ex
440 1176 496 1232 hac
515 1178 602 1248 ceput
615 1174 772 1232 extulisset
797 1175 960 1231 resecuit
981 1172 1047 1230 loca
1091 1166 1219 1224 minatus
1238 1164 1309 1234 fuit,
1330 1168 1363 1220 ut
1377 1163 1414 1220 dc
1429 1161 1558 1219 secundo
1573 1161 1603 1234 (ἓ
1616 1161 1666 1234 39)
1680 1161 1758 1218 dixi:
1772 1158 1887 1216 verosi·

259 1256 493 1315 decrescentibus
506 1259 595 1313 undis
609 1255 686 1330 (²)·³’
1091 1249 1162 1306 mile
1178 1253 1238 1317 est,
1254 1247 1406 1319 eliquanto
1424 1244 1523 1301 minus
1540 1244 1671 1301 debilem
1688 1244 1765 1301 heirc
1786 1243 1888 1301 lucem

293 1339 492 1398 verosimilior
515 1339 578 1396 herc
598 1343 627 1396 et
646 1339 740 1410 magis
757 1341 874 1412 recepta
891 1340 984 1397 modo
1006 1344 1049 1397 est
1092 1331 1198 1401 inisse,
1213 1331 1398 1406 praecipitatis
1412 1345 1449 1387 ex
1467 1344 1534 1388 aere
1549 1329 1649 1386 multis
1665 1330 1765 1403 opacis
1777 1330 1830 1386 cut
1842 1344 1888 1386 aa·

260 1423 377 1495 opinio,
391 1425 507 1480 montes
520 1425 548 1478 et
560 1420 619 1480 alia
631 1425 747 1479 terrena
759 1437 796 1478 ex
809 1423 870 1479 imo
883 1423 1048 1479 ascendisse
1092 1415 1236 1488 miopaois
1252 1413 1416 1471 moloculis.

259 1506 290 1562 vi
309 1504 490 1562 subterranei
512 1504 602 1574 ignis,
619 1505 703 1575 cujus
721 1505 852 1561 maxima
871 1504 965 1562 virtus
988 1521 1050 1562 cer·
1128 1499 1288 1556 Sinccesse
1302 1495 1489 1554 estinvenire
1503 1493 1805 1568 obscuritatemque
1818 1509 1887 1552 ves·

260 1589 373 1646 tissima
394 1591 446 1644 est.
461 1585 549 1644 liulta
567 1589 635 1646 sunt
653 1591 822 1660 temporum
842 1587 1050 1645 historicorum
1092 1597 1165 1655 pera
1185 1580 1300 1638 dicatur
1318 1578 1407 1651 liujus
1421 1579 1495 1649 diei,
1508 1593 1570 1635 non
1583 1577 1716 1635 absurde
1727 1575 1887 1652 hypothesi

260 1669 349 1730 etiam
374 1670 569 1728 recentiorum
590 1670 740 1743 exempla,
755 1671 864 1744 quihus
887 1671 1049 1744 aliquando
1094 1679 1161 1721 eam
1182 1662 1391 1720 indicabimus.
1415 1665 1518 1734 Magna
1536 1662 1580 1718 vis
1601 1677 1638 1718 ex
1659 1662 1720 1718 imo
1739 1661 1772 1717 in
1790 1661 1887 1718 altum

260 1753 381 1826 rapide,
395 1751 558 1826 aliquando
574 1752 717 1825 paulatim
730 1768 767 1808 ex
780 1753 842 1810 imo
861 1753 1050 1810 ascendentes
1093 1750 1208 1804 terrena
1225 1746 1295 1802 satis
1313 1749 1433 1803 extensa
1451 1760 1557 1816 agens,
1574 1747 1663 1818 atque
1683 1744 1722 1801 ad
1743 1759 1778 1801 ea
1795 1759 1887 1816 super

260 1839 355 1906 terre,
368 1850 422 1892 neo
434 1851 502 1893 raro
517 1833 555 1891 ab
570 1835 655 1908 aquis
668 1835 853 1892 exhibentur.
867 1837 931 1892 liaeo
943 1834 1051 1892 reterre
1094 1845 1187 1903 aquas
1204 1828 1350 1886 elevanda
1371 1828 1498 1897 idonea,
1515 1827 1541 1883 si
1558 1842 1619 1883 uno
1639 1831 1690 1884 aut
1702 1825 1761 1884 iere
1779 1826 1887 1885 eodem

261 1917 409 1990 simulque
425 1917 618 1975 fundamenta
639 1933 785 1991 exponere
801 1918 891 1990 hujus
910 1918 1049 1976 doctrina
1093 1916 1227 1984 tempore
1244 1911 1277 1966 in
1295 1910 1396 1966 multis
1409 1914 1492 1968 terra
1506 1909 1642 1984 partibus
1658 1910 1753 1984 iisque
1766 1909 1841 1967 inter
1853 1926 1887 1968 se

261 1999 336 2072 (qua
351 1998 435 2057 troila
453 2000 593 2072 explicari
612 2001 808 2074 phaenomena
821 2000 948 2058 indicata
962 2001 980 2074 5
997 2004 1048 2072 18,
1094 1995 1202 2052 dissitis
1216 1998 1335 2068 operata
1349 1997 1406 2062 est,
1422 1995 1519 2067 potuit
1532 1992 1653 2049 materia
1666 2007 1704 2050 ex
1716 1993 1777 2050 imo
1790 1994 1822 2050 in
1835 2007 1888 2050 aa·

258 2095 348 2140 nemo
361 2096 423 2140 non
435 2082 542 2154 videt),
556 2087 585 2140 et
598 2082 738 2154 indagare
752 2098 871 2140 eausam
884 2083 1049 2156 physicam,
1093 2095 1158 2136 rem
1170 2078 1313 2151 ejaculata
1322 2075 1529 2134 obscuritatem
1538 2076 1700 2149 quamdam
1710 2075 1886 2148 producere,

259 2178 319 2238 qua
332 2162 537 2222 subterraneus
556 2165 637 2224 calor
652 2167 692 2224 ad
704 2166 767 2224 bac
781 2168 933 2242 operanda
945 2168 1051 2225 excita·
1093 2166 1127 2220 ut
1139 2177 1217 2234 saepe
1235 2161 1269 2217 fit
1283 2161 1314 2218 iii
1336 2159 1437 2233 aliqua
1455 2163 1536 2233 parte
1550 2160 1640 2230 aeris,
1655 2174 1749 2232 quum
1769 2160 1887 2230 ignivo-

259 2251 317 2319 tur,
330 2252 465 2306 nostrum
478 2264 540 2309 non
551 2253 603 2307 est.
617 2251 730 2320 Fateor,
743 2249 887 2322 geclogos
900 2265 938 2307 ex
950 2250 1051 2308 obser·
1093 2261 1213 2302 morum
1231 2243 1376 2301 montium
1390 2241 1488 2299 fauces
1507 2246 1648 2300 eructant.
1668 2245 1771 2300 l‘raeter
1789 2244 1888 2315 ejecti⁴

257 2331 426 2390 rationibus
439 2332 556 2404 docere,
573 2348 637 2390 non
650 2335 741 2392 semel
759 2334 812 2391 sed
825 2335 936 2407 pluries
950 2335 1051 2407 hujus-
1093 2328 1184 2386 latam
1203 2327 1371 2398 materiem,
1392 2341 1533 2398 magnam
1550 2341 1672 2399 quoque
1691 2326 1811 2400 vaporis
1822 2326 1887 2384 vim

201 2485 202 2490 η
258 2410 341 2469 modi
356 2411 533 2470 elevationes
544 2411 695 2485 accidisse,
709 2417 738 2470 et
750 2411 828 2483 illas,
845 2430 913 2488 quae
923 2414 1050 2474 validius
1093 2417 1162 2469 tunc
1176 2410 1318 2468 elevatam
1333 2413 1361 2466 et
1378 2425 1448 2466 oum
1460 2423 1570 2484 vapore
1588 2409 1887 2468 innumereshetero·

259 2493 514 2553 observationibus
540 2496 716 2568 mmanuu,
738 2497 884 2556 creatione
907 2515 1050 2573 quorum-
1093 2511 1201 2569 geneas
1218 2493 1388 2569 particulas,
1403 2494 1514 2568 quasin
1528 2497 1689 2567 aquatunc
1703 2497 1796 2563 erant,
1810 2494 1888 2552 aaa·

260 2576 331 2634 dam
347 2577 509 2635 viventium
529 2578 560 2652 (5
574 2580 623 2652 18)
639 2580 816 2654 posteriores
828 2580 927 2638 tuisse.
943 2584 1050 2642 Verum
1093 2594 1174 2638 mare
1195 2593 1364 2652 possumus.
1385 2579 1443 2633 Nec
1462 2581 1505 2634 est
1524 2592 1640 2634 necesse
1659 2575 1818 2649 perfectam
1830 2591 1888 2650 po·

260 2658 406 2733 Scriptura
416 2675 478 2718 nou
491 2660 561 2717 dicit
568 2665 676 2719 terram
689 2677 809 2721 omnem
822 2679 890 2738 qua
904 2665 996 2723 modo
1008 2671 1051 2724 est
1094 2678 1163 2720 nere
1175 2661 1399 2720 obscuritatem:
1414 2673 1477 2716 uon
1490 2659 1581 2730 enim,
1594 2663 1628 2715 ut
1638 2660 1700 2731 jani
1716 2659 1788 2730 dixi,
1801 2664 1887 2717 tena-

260 2743 352 2808 citate.
373 2758 411 2801 ex
430 2743 520 2800 undis
533 2745 683 2802 emersisse
703 2746 751 2804 die
771 2748 865 2806 tertio.
880 2749 982 2820 Moses,
997 2749 1050 2824 qui
1092 2744 1155 2803 bra
1175 2745 1224 2804 hio
1241 2746 1443 2802 memorantur
1454 2745 1506 2800 aut
1515 2757 1593 2814 nox,
1609 2742 1663 2800 sed
1676 2740 1887 2820 antummodo

258 2823 412 2884 historiam
425 2843 487 2884 non
500 2827 602 2886 scribit
613 2828 847 2888 vicissitudinum
860 2829 954 2903 globi,
970 2832 1050 2890 illius
1093 2844 1211 2902 vespera

259 2910 375 2966 tantum
394 2910 547 2982 meminit,
570 2927 637 2985 quai
659 2913 804 2985 epocham
824 2929 917 2971 unam
940 2917 1050 2974 summi
1129 2915 1185 2970 Neo
1200 2908 1278 2970 illud
1296 2915 1375 2969 caret
1387 2908 1611 2985 probabilitate,
1632 2910 1697 2986 ipso
1718 2910 1801 2969 initio
1823 2910 1887 2969 dis·

259 2992 402 3050 momenti
416 2993 448 3050 in
461 2993 584 3052 historia
595 2998 679 3054 terrra
693 2996 853 3068 constituit,
868 3001 900 3054 ut
916 3011 984 3072 quae
994 3001 1052 3057 ter-
1094 3010 1162 3054 rum
1173 2995 1395 3067 genesiacorum
1404 2993 1514 3068 quarti,
1524 2992 1619 3067 quinti
1632 2999 1660 3051 et
1673 2995 1761 3066 sexti,
1771 2998 1887 3053 tresre·

258 3089 324 3132 rem
343 3073 384 3132 ad
399 3074 608 3152 perlectionem
626 3077 686 3151 ipsi
708 3078 839 3140 debitam
862 3078 951 3139 vaide
977 3097 1050 3156 pro·
1093 3079 1262 3138 volutiones
1274 3077 1364 3135 tuisse
1382 3077 1415 3135 iii
1431 3076 1533 3134 tellure
1546 3081 1575 3133 et
1590 3076 1689 3135 abhis
1705 3079 1887 3137 elevationes

258 3157 361 3217 movit.
1094 3179 1198 3233 novas,
1211 3159 1340 3232 maiores
1353 3161 1451 3218 adhuc
1464 3161 1510 3232 iis,
1528 3177 1604 3235 ques
1617 3161 1701 3220 tertia
1713 3161 1776 3220 hac
1787 3161 1887 3236 perio-

294 3243 374 3300 llinc
393 3243 472 3302 enim
491 3245 575 3302 terrae
586 3245 706 3318 proprie
722 3245 806 3303 dicta
820 3245 881 3305 sive
893 3249 980 3306 artae
994 3249 1051 3308 ini·
1094 3246 1151 3304 dus
1158 3246 1291 3316 adduxit,
1301 3243 1457 3318 proiectas.
1468 3243 1742 3302 animadverterunt
1753 3245 1886 3319 geologi,

259 3325 334 3384 tium
346 3325 420 3384 tuit:
433 3331 504 3385 tunc
520 3329 619 3400 primo
631 3329 755 3402 plantis,
769 3345 837 3402 quai
850 3329 1049 3390 animantibus
1092 3329 1147 3388 has
1171 3329 1283 3386 telluris
1305 3327 1554 3402 perturbationes,
1577 3331 1611 3385 ut
1631 3327 1729 3386 minus
1754 3329 1887 3403 antiquar

258 3409 374 3483 ipsique
387 3410 501 3468 homini
514 3413 575 3468 tani
587 3414 656 3467 sunt
671 3411 855 3481 necessariae,
868 3417 988 3485 paratus
1007 3421 1050 3474 est
1093 3414 1177 3484 sunt,
1190 3412 1230 3470 ite
1241 3411 1369 3484 majores
1387 3409 1507 3468 effectus
1519 3411 1711 3484 produxisse;
1726 3416 1789 3470 tum
1808 3429 1888 3486 quo·

260 3490 354 3549 locus.
369 3492 559 3563 Posteriores,
570 3492 609 3549 de
622 3492 732 3566 quibus
747 3495 864 3568 geologi
877 3502 980 3568 agunt,
992 3500 1049 3557 ele·
1093 3512 1151 3570 quc
1165 3495 1214 3552 vel
1227 3499 1294 3552 ante
1307 3495 1361 3552 has
1374 3493 1608 3567 perturbationes
1619 3495 1767 3566 accidisse,
1781 3497 1830 3554 vel
1843 3498 1886 3556 ab

260 3573 439 3632 vationesad
451 3575 570 3633 tertium
583 3575 663 3632 diem
676 3590 737 3634 non
750 3578 906 3650 pertinent.
1093 3581 1135 3637 eis
1151 3579 1240 3636 luisse
1260 3579 1396 3636 inductae
1411 3579 1587 3637 mutationes
1600 3580 1746 3653 quasdam
1759 3581 1791 3637 in
1804 3599 1888 3656 equa

300 3660 374 3716 Ante
392 3658 469 3716 hanc
488 3657 682 3715 elevationem
703 3674 722 3714 a
740 3661 817 3718 Mosa
836 3656 1047 3738 memoratam,
1092 3666 1121 3721 et
1134 3662 1165 3719 in
1178 3677 1246 3718 aere
1258 3661 1359 3732 magni
1374 3662 1526 3733 momenti,
1535 3661 1645 3735 quibus
1658 3662 1769 3720 iactum
1781 3669 1836 3737 est,
1850 3670 1887 3723 ut

258 3739 352 3800 fuitne
365 3740 469 3798 similis
481 3744 639 3799 suetorum
653 3741 797 3800 elevatio?
810 3743 838 3801 Si
851 3760 911 3818 qua
927 3745 997 3818 fuit,
1014 3766 1049 3808 ea
1091 3745 1154 3803 haro
1162 3743 1261 3804 media
1274 3744 1431 3801 existentias
1443 3759 1478 3801 ac
1490 3745 1643 3806 nutritioni
1656 3762 1801 3805 noverum
1810 3749 1887 3806 clas-

259 3824 495 3896 perscrutarer
509 3841 598 3900 super
607 3842 700 3900 aquas
712 3831 820 3885 terram
831 3830 940 3887 eduxit.
956 3833 1048 3890 llosos
1093 3829 1171 3886 sium
1177 3828 1412 3901 viventiumapta
1419 3828 1623 3886 redderentur.
1631 3832 1712 3887 Certe
1719 3831 1806 3888 valde
1815 3850 1888 3908 pro·

260 3908 297 3966 de
306 3907 358 3966 illa
371 3908 441 3980 agit,
454 3908 559 3983 inqua
570 3912 699 3982 qiparatt
708 3911 789 3968 arida
801 3911 941 3988 etinqua
950 3914 1048 3989 primo
1091 3911 1192 3971 babile
1206 3912 1337 3981 videtur,
1359 3910 1491 3984 aliquam
1511 3911 1544 3968 iii
1558 3928 1624 3969 ecre
1638 3918 1705 3971 anta
1724 3917 1887 3989 periodum

259 3991 317 4050 dici
330 3993 443 4067 potuit:
1092 3999 1228 4070 quartam
1242 3995 1435 4052 mutationem
1448 3995 1597 4067 accidisse,
1612 4011 1723 4071 exque
1736 4000 1889 4074 diaphana

289 4138 318 4190 Et
499 4140 504 4151 ‚
581 4141 586 4152 ,
1092 4077 1196 4137 effecta
1209 4079 1344 4152 superior
1357 4093 1426 4152 pars
1439 4079 1529 4149 aeris,
1547 4086 1694 4139 astrorum
1708 4083 1804 4140 visum
1819 4101 1890 4160 per·

330 4151 392 4190 mire
404 4141 552 4201 contrabitur,
567 4153 679 4206 arcaeque
691 4146 729 4194 est
742 4155 835 4208 campus
847 4157 921 4197 arene

289 4207 353 4266 Quod
366 4207 432 4260 modo
445 4212 526 4271 pontus
540 4213 600 4274 erat;
612 4223 712 4274 quosque
724 4211 797 4263 altini
809 4216 896 4266 texeret
907 4227 993 4280 equor,
1093 4163 1172 4258 ψη
1186 4181 1226 4280 {⁰²
1239 4165 1271 4258 [sn
1289 4162 1364 4218 ⁰OEI⁰
1382 4167 1482 4257 ter3⁸³⁵·
1497 4164 1624 4221 osoendit
1647 4169 1675 4222 et
1696 4168 1806 4266 wem.
1826 4177 1888 4228 ter*

289 4276 396 4330 ΕΜ,
411 4281 508 4331 mom
1091 4261 1139 4326 ris
1152 4246 1231 4320 (⁴)st
1246 4249 1317 4303 item
1329 4245 1542 4303 mutationibus
1556 4263 1619 4304 iion
1631 4264 1731 4322 parvis·
1744 4256 1886 4326 periodos

613 4341 693 4406 (ovid.
708 4343 872 4411 metamorph,
887 4347 917 4398 11,
922 4347 932 4408 r
1092 4331 1227 4404 quintam
1245 4333 1274 4387 et
1287 4333 1400 4388 sextam
1413 4331 1586 4404 inooepisse:
1601 4333 1737 4392 videmus
1750 4337 1842 4410 enim,
1854 4341 1887 4398 in
2001 4321 2007 4332 ¹

1091 4415 1171 4474 hisce
1184 4414 1314 4490 periodis
1331 4421 1396 4472 tum
1411 4420 1501 4472 terras
1514 4419 1578 4473 tum
1598 4433 1692 4492 equas
1713 4423 1753 4478 ad
1765 4409 1888 4482 conser-

293 4499 403 4558 ltontes
416 4497 473 4556 sub
487 4499 573 4573 equis
586 4501 726 4560 exstitisse
744 4509 903 4578 antequam
917 4508 994 4563 terra
1011 4519 1049 4563 ex
1091 4500 1241 4556 rationem
1263 4499 1412 4556 variarum
1439 4499 1577 4557 classium
1599 4503 1774 4563 animalium
1795 4506 1887 4566 tuisse

258 4582 348 4643 unae
367 4589 456 4655 caput
473 4584 603 4656 torreret,
623 4586 746 4644 inueni
762 4588 878 4645 viderur
889 4591 960 4647 reci.
977 4603 1045 4647 ciii:
1092 4582 1258 4657 dispositas·
1273 4585 1337 4640 Non
1352 4583 1480 4642 absurde
1492 4585 1582 4656 igitur
1595 4602 1764 4660 supponere
1780 4607 1888 4664 possu-

261 4667 377 4741 «super
389 4669 504 4723 montes
517 4667 636 4726 stabunt
650 4670 692 4742 (id
705 4673 748 4726 est
761 4671 886 4744 stabant)
900 4688 986 4745 equa
998 4671 1046 4747 (3).
1091 4682 1174 4737 mus,
1188 4665 1331 4739 operibus
1343 4667 1432 4723 trium
1450 4667 1559 4726 horum
1573 4669 1689 4727 dierum
1702 4678 1887 4746 precessisse

256 4747 302 4808 Ab
317 4749 515 4822 increpatione
537 4753 587 4808 tua
604 4750 732 4823 fugient:
750 4769 770 4809 a
781 4769 854 4812 voce
867 4756 987 4813 tonitrui
1003 4755 1048 4813 tui
1091 4751 1302 4809 obscuritatem
1316 4767 1333 4808 a
1349 4751 1479 4809 maxima
1499 4752 1586 4826 copia
1597 4769 1745 4829 vaporum
1762 4775 1888 4820 concre-

255 4829 495 4914 tormidabunt.s
516 4835 623 4891 lterum
643 4836 683 4893 ad
702 4835 766 4893 haec
788 4837 962 4911 explicanda
984 4853 1047 4896 non
1089 4839 1204 4906 torum,
1223 4849 1318 4892 arena
1337 4839 1366 4893 et
1385 4836 1511 4893 aliarum
1532 4837 1747 4898 molecularum
1767 4860 1806 4901 ex
1823 4845 1887 4905 imo

1090 4920 1309 4992 erumpentium
1323 4919 1475 4980 effectam:
1490 4921 1699 4982 obscuritatem
1714 4943 1831 5002 semper
1841 4931 1888 4988 iii-

288 5049 323 5107 m
336 5047 462 5099 mmm·
1089 5017 1234 5098 nuo,non
1247 5005 1494 5079 noctem,dequa
1507 5005 1885 5075 nullainhisturiahorum

288 5117 321 5179 (²)
339 5117 412 5168 M·
426 5121 614 5184 mmmm
629 5123 651 5174 1.
681 5123 684 5128 ,
1089 5087 1207 5148 dicrum
1226 5089 1404 5149 estmentio.
1422 5083 1570 5165 Dispersio
1588 5091 1679 5167 liujiis
1697 5095 1834 5172 odiginu
1854 5106 1886 5161 et

288 5189 322 5251 (a)
334 5187 362 5237 P.
370 5188 406 5238 De
418 5189 543 5245 waeree
552 5192 643 5246 vertit:
657 5195 1046 5258 weaus,arstr’tttvratcorircrs

255 5257 298 5309 ses
309 5267 459 5323 montannos.
1118 5269 1154 5337 (t)
1168 5271 1239 5326 Ovid.
1252 5275 1441 5336 Metamorrhas.
1456 5277 1478 5331 1.
