<?xml version="1.0" encoding="UTF-8"?>
<!DOCTYPE html PUBLIC "-//W3C//DTD XHTML 1.0 Transitional//EN"
    "http://www.w3.org/TR/xhtml1/DTD/xhtml1-transitional.dtd">
<html xmlns="http://www.w3.org/1999/xhtml" xml:lang="en" lang="en">
 <head>
  <title>
</title>
<meta http-equiv="Content-Type" content="text/html;charset=utf-8" />
  <meta name='ocr-system' content='tesseract 3.04.00' />
  <meta name='ocr-capabilities' content='ocr_page ocr_carea ocr_par ocr_line ocrx_word'/>
</head>
<body>
  <div class='ocr_page' id='page_1' title='image "./commentariainsc00lapigoog/commentariainsc00lapigoog_0375.png"; bbox 0 0 4134 6056; ppageno 0'>
   <div class='ocr_carea' id='block_1_1' title="bbox 235 341 1352 426">
    <p class='ocr_par' dir='ltr' id='par_1_1' title="bbox 235 341 1352 426">
     <span class='ocr_line' id='line_1_1' title="bbox 235 341 1352 426; baseline 0.016 -28"><span class='ocrx_word' id='word_1_1' title='bbox 235 341 286 398; x_wconf 72' lang='lat' dir='ltr'><strong>tbi</strong></span> <span class='ocrx_word' id='word_1_2' title='bbox 733 355 976 416; x_wconf 70' lang='lat' dir='ltr'><strong>comittitur</strong></span> <span class='ocrx_word' id='word_1_3' title='bbox 993 355 1027 416; x_wconf 78' lang='grc' dir='ltr'><strong>[Ν</strong></span> <span class='ocrx_word' id='word_1_4' title='bbox 1045 354 1206 426; x_wconf 64' lang='lat' dir='ltr'><strong>timim,</strong></span> <span class='ocrx_word' id='word_1_5' title='bbox 1223 367 1289 416; x_wconf 73' lang='lat' dir='ltr'><strong>m.</strong></span> <span class='ocrx_word' id='word_1_6' title='bbox 1307 357 1352 418; x_wconf 76' lang='lat'><strong>11.</strong></span> 
     </span>
    </p>
   </div>
   <div class='ocr_carea' id='block_1_2' title="bbox 110 453 1966 2353">
    <p class='ocr_par' dir='ltr' id='par_1_2' title="bbox 267 453 1858 536">
     <span class='ocr_line' id='line_1_2' title="bbox 267 453 1858 536; baseline 0.003 -18"><span class='ocrx_word' id='word_1_7' title='bbox 267 460 355 528; x_wconf 80' lang='lat' dir='ltr'><strong>onear</strong></span> <span class='ocrx_word' id='word_1_8' title='bbox 366 472 456 520; x_wconf 77' lang='lat' dir='ltr'><strong>oraru</strong></span> <span class='ocrx_word' id='word_1_9' title='bbox 468 471 601 518; x_wconf 76' lang='lat' dir='ltr'><strong>namna</strong></span> <span class='ocrx_word' id='word_1_10' title='bbox 612 469 731 516; x_wconf 77' lang='lat' dir='ltr'><strong>maror</strong></span> <span class='ocrx_word' id='word_1_11' title='bbox 744 458 956 532; x_wconf 77' lang='lat' dir='ltr'><strong>(tradoirorrs</strong></span> <span class='ocrx_word' id='word_1_12' title='bbox 966 475 1021 518; x_wconf 84' lang='lat' dir='ltr'><strong>ou·</strong></span> <span class='ocrx_word' id='word_1_13' title='bbox 1064 461 1284 524; x_wconf 74' lang='lat' dir='ltr'><strong>concordantur</strong></span> <span class='ocrx_word' id='word_1_14' title='bbox 1308 460 1437 522; x_wconf 84' lang='lat' dir='ltr'><strong>ralionea</strong></span> <span class='ocrx_word' id='word_1_15' title='bbox 1464 463 1526 523; x_wconf 66' lang='lat' dir='ltr'><strong>um</strong></span> <span class='ocrx_word' id='word_1_16' title='bbox 1552 459 1673 536; x_wconf 84' lang='lat' dir='ltr'><strong>prime,</strong></span> <span class='ocrx_word' id='word_1_17' title='bbox 1700 473 1792 535; x_wconf 76' lang='lat' dir='ltr'><strong>guam</strong></span> <span class='ocrx_word' id='word_1_18' title='bbox 1811 453 1858 524; x_wconf 58' lang='lat' dir='ltr'><strong>oe}</strong></span> 
     </span>
    </p>

    <p class='ocr_par' dir='ltr' id='par_1_3' title="bbox 230 541 1855 619">
     <span class='ocr_line' id='line_1_3' title="bbox 230 541 1855 619; baseline 0.005 -19"><span class='ocrx_word' id='word_1_19' title='bbox 230 555 294 611; x_wconf 77' lang='lat' dir='ltr'><strong>nn,</strong></span> <span class='ocrx_word' id='word_1_20' title='bbox 307 572 343 584; x_wconf 94' lang='lat'>-</span> <span class='ocrx_word' id='word_1_21' title='bbox 355 545 388 598; x_wconf 94' lang='lat' dir='ltr'><strong>ut</strong></span> <span class='ocrx_word' id='word_1_22' title='bbox 408 541 585 599; x_wconf 81' lang='lat' dir='ltr'>animalibus</span> <span class='ocrx_word' id='word_1_23' title='bbox 598 541 775 612; x_wconf 84' lang='lat' dir='ltr'><strong>vescamini,</strong></span> <span class='ocrx_word' id='word_1_24' title='bbox 790 543 866 599; x_wconf 88' lang='lat' dir='ltr'><strong>sicut</strong></span> <span class='ocrx_word' id='word_1_25' title='bbox 876 543 1019 602; x_wconf 84' lang='lat' dir='ltr'><strong>hactenus</strong></span> <span class='ocrx_word' id='word_1_26' title='bbox 1064 543 1170 600; x_wconf 77' lang='lat' dir='ltr'><strong>eunde</strong></span> <span class='ocrx_word' id='word_1_27' title='bbox 1191 543 1340 602; x_wconf 77' lang='lat' dir='ltr'><strong>sententia</strong></span> <span class='ocrx_word' id='word_1_28' title='bbox 1360 562 1368 600; x_wconf 80' lang='lat' dir='ltr'><strong>r</strong></span> <span class='ocrx_word' id='word_1_29' title='bbox 1389 545 1465 602; x_wconf 85' lang='lat' dir='ltr'><strong>bens</strong></span> <span class='ocrx_word' id='word_1_30' title='bbox 1478 560 1550 618; x_wconf 87' lang='lat' dir='ltr'><strong>ergo</strong></span> <span class='ocrx_word' id='word_1_31' title='bbox 1563 544 1612 604; x_wconf 90' lang='lat' dir='ltr'><strong>bic</strong></span> <span class='ocrx_word' id='word_1_32' title='bbox 1623 548 1692 619; x_wconf 87' lang='lat' dir='ltr'><strong>post</strong></span> <span class='ocrx_word' id='word_1_33' title='bbox 1709 545 1855 608; x_wconf 80' lang='lat' dir='ltr'><strong>diluvium</strong></span> 
     </span>
    </p>

    <p class='ocr_par' dir='ltr' id='par_1_4' title="bbox 232 623 1854 702">
     <span class='ocr_line' id='line_1_4' title="bbox 232 623 1854 702; baseline 0.003 -21"><span class='ocrx_word' id='word_1_34' title='bbox 232 624 313 682; x_wconf 89' lang='lat' dir='ltr'><strong>clera</strong></span> <span class='ocrx_word' id='word_1_35' title='bbox 327 623 504 682; x_wconf 81' lang='lat' dir='ltr'>comedistis.</span> <span class='ocrx_word' id='word_1_36' title='bbox 1064 625 1198 682; x_wconf 88' lang='lat' dir='ltr'><strong>carnium</strong></span> <span class='ocrx_word' id='word_1_37' title='bbox 1211 640 1311 696; x_wconf 91' lang='lat' dir='ltr'><strong>esum,</strong></span> <span class='ocrx_word' id='word_1_38' title='bbox 1326 626 1481 697; x_wconf 88' lang='lat' dir='ltr'><strong>omnibns,</strong></span> <span class='ocrx_word' id='word_1_39' title='bbox 1495 627 1583 686; x_wconf 88' lang='lat' dir='ltr'><strong>etiam</strong></span> <span class='ocrx_word' id='word_1_40' title='bbox 1596 627 1706 688; x_wconf 88' lang='lat' dir='ltr'><strong>Sanctis</strong></span> <span class='ocrx_word' id='word_1_41' title='bbox 1721 627 1854 702; x_wconf 75' lang='lat' dir='ltr'>explicite</span> 
     </span>
    </p>

    <p class='ocr_par' dir='ltr' id='par_1_5' title="bbox 265 705 1854 780">
     <span class='ocr_line' id='line_1_5' title="bbox 265 705 1854 780; baseline 0.003 -16"><span class='ocrx_word' id='word_1_42' title='bbox 265 707 457 780; x_wconf 89' lang='lat' dir='ltr'><strong>Trcpologicc</strong></span> <span class='ocrx_word' id='word_1_43' title='bbox 477 709 505 764; x_wconf 88' lang='lat' dir='ltr'><strong>S.</strong></span> <span class='ocrx_word' id='word_1_44' title='bbox 527 705 712 777; x_wconf 75' lang='lat' dir='ltr'><strong>Ambrosius,</strong></span> <span class='ocrx_word' id='word_1_45' title='bbox 733 705 842 764; x_wconf 78' lang='lat' dir='ltr'><strong>libila</strong></span> <span class='ocrx_word' id='word_1_46' title='bbox 862 709 928 774; x_wconf 85' lang='lat' dir='ltr'><strong>Nee,</strong></span> <span class='ocrx_word' id='word_1_47' title='bbox 951 723 1017 780; x_wconf 88' lang='lat' dir='ltr'><strong>eap.</strong></span> <span class='ocrx_word' id='word_1_48' title='bbox 1063 710 1093 762; x_wconf 87' lang='lat' dir='ltr'><strong>et</strong></span> <span class='ocrx_word' id='word_1_49' title='bbox 1105 707 1212 764; x_wconf 79' lang='lat' dir='ltr'>diserte</span> <span class='ocrx_word' id='word_1_50' title='bbox 1224 707 1381 780; x_wconf 86' lang='lat' dir='ltr'><strong>permittit,</strong></span> <span class='ocrx_word' id='word_1_51' title='bbox 1393 708 1434 766; x_wconf 92' lang='lat' dir='ltr'><strong>ob</strong></span> <span class='ocrx_word' id='word_1_52' title='bbox 1451 709 1665 780; x_wconf 89' lang='lat' dir='ltr'><strong>malignitatem</strong></span> <span class='ocrx_word' id='word_1_53' title='bbox 1677 713 1778 779; x_wconf 77' lang='lat' dir='ltr'><strong>terra,</strong></span> <span class='ocrx_word' id='word_1_54' title='bbox 1793 715 1854 768; x_wconf 86' lang='lat' dir='ltr'><strong>tam</strong></span> 
     </span>
    </p>

    <p class='ocr_par' dir='ltr' id='par_1_6' title="bbox 231 789 1854 864">
     <span class='ocr_line' id='line_1_6' title="bbox 231 789 1854 864; baseline 0.002 -14"><span class='ocrx_word' id='word_1_55' title='bbox 231 805 287 850; x_wconf 81' lang='lat' dir='ltr'><strong>xxv</strong></span> <span class='ocrx_word' id='word_1_56' title='bbox 302 807 311 846; x_wconf 73' lang='grc' dir='ltr'><strong>ε</strong></span> <span class='ocrx_word' id='word_1_57' title='bbox 328 789 552 860; x_wconf 76' lang='lat' dir='ltr'><strong>«significatur,</strong></span> <span class='ocrx_word' id='word_1_58' title='bbox 574 789 686 864; x_wconf 86' lang='lat' dir='ltr'><strong>inquit,</strong></span> <span class='ocrx_word' id='word_1_59' title='bbox 706 789 792 863; x_wconf 90' lang='lat' dir='ltr'><strong>qnod</strong></span> <span class='ocrx_word' id='word_1_60' title='bbox 805 789 1019 852; x_wconf 80' lang='lat' dir='ltr'><strong>irrationabiles</strong></span> <span class='ocrx_word' id='word_1_61' title='bbox 1063 793 1184 861; x_wconf 91' lang='lat' dir='ltr'><strong>peceato</strong></span> <span class='ocrx_word' id='word_1_62' title='bbox 1201 805 1294 863; x_wconf 59' lang='lat' dir='ltr'><strong>mam</strong></span> <span class='ocrx_word' id='word_1_63' title='bbox 1312 790 1446 862; x_wconf 87' lang='lat' dir='ltr'><strong>diluvic,</strong></span> <span class='ocrx_word' id='word_1_64' title='bbox 1460 791 1606 850; x_wconf 77' lang='lat' dir='ltr'><strong>salsedine</strong></span> <span class='ocrx_word' id='word_1_65' title='bbox 1626 790 1732 861; x_wconf 90' lang='lat' dir='ltr'><strong>maris,</strong></span> <span class='ocrx_word' id='word_1_66' title='bbox 1752 792 1854 852; x_wconf 77' lang='lat' dir='ltr'><strong>induo</strong></span> 
     </span>
    </p>

    <p class='ocr_par' dir='ltr' id='par_1_7' title="bbox 231 870 1852 950">
     <span class='ocr_line' id='line_1_7' title="bbox 231 870 1852 950; baseline 0.002 -21"><span class='ocrx_word' id='word_1_67' title='bbox 231 872 382 944; x_wconf 88' lang='lat' dir='ltr'><strong>passiones</strong></span> <span class='ocrx_word' id='word_1_68' title='bbox 403 873 442 930; x_wconf 91' lang='lat' dir='ltr'><strong>ita</strong></span> <span class='ocrx_word' id='word_1_69' title='bbox 465 870 592 930; x_wconf 90' lang='lat' dir='ltr'><strong>debeant</strong></span> <span class='ocrx_word' id='word_1_70' title='bbox 613 872 705 930; x_wconf 89' lang='lat' dir='ltr'><strong>menti</strong></span> <span class='ocrx_word' id='word_1_71' title='bbox 724 873 878 947; x_wconf 85' lang='lat' dir='ltr'><strong>sapientis,</strong></span> <span class='ocrx_word' id='word_1_72' title='bbox 891 877 925 930; x_wconf 89' lang='lat' dir='ltr'><strong>ut</strong></span> <span class='ocrx_word' id='word_1_73' title='bbox 938 873 1020 932; x_wconf 88' lang='lat' dir='ltr'><strong>ciera</strong></span> <span class='ocrx_word' id='word_1_74' title='bbox 1062 873 1140 940; x_wconf 86' lang='lat' dir='ltr'><strong>tam,</strong></span> <span class='ocrx_word' id='word_1_75' title='bbox 1168 876 1197 930; x_wconf 91' lang='lat' dir='ltr'><strong>et</strong></span> <span class='ocrx_word' id='word_1_76' title='bbox 1223 877 1435 946; x_wconf 82' lang='lat' dir='ltr'><strong>consequenter</strong></span> <span class='ocrx_word' id='word_1_77' title='bbox 1460 873 1500 932; x_wconf 92' lang='lat' dir='ltr'><strong>cb</strong></span> <span class='ocrx_word' id='word_1_78' title='bbox 1526 874 1603 932; x_wconf 86' lang='lat' dir='ltr'><strong>vires</strong></span> <span class='ocrx_word' id='word_1_79' title='bbox 1629 873 1852 950; x_wconf 77' lang='lat' dir='ltr'><strong>imbecilliores,</strong></span> 
     </span>
    </p>

    <p class='ocr_par' dir='ltr' id='par_1_8' title="bbox 230 953 1852 1032">
     <span class='ocr_line' id='line_1_8' title="bbox 230 953 1852 1032; baseline 0.002 -21"><span class='ocrx_word' id='word_1_80' title='bbox 230 955 354 1023; x_wconf 85' lang='lat' dir='ltr'><strong>rustico,</strong></span> <span class='ocrx_word' id='word_1_81' title='bbox 378 971 440 1011; x_wconf 91' lang='lat' dir='ltr'><strong>esse</strong></span> <span class='ocrx_word' id='word_1_82' title='bbox 453 953 607 1027; x_wconf 59' lang='lat' dir='ltr'><strong>subjeetum</strong></span> <span class='ocrx_word' id='word_1_83' title='bbox 623 959 712 1027; x_wconf 89' lang='lat' dir='ltr'><strong>atque</strong></span> <span class='ocrx_word' id='word_1_84' title='bbox 726 956 766 1014; x_wconf 88' lang='lat' dir='ltr'><strong>ita</strong></span> <span class='ocrx_word' id='word_1_85' title='bbox 778 955 1020 1030; x_wconf 85' lang='lat' dir='ltr'><strong>utamurreptili-</strong></span> <span class='ocrx_word' id='word_1_86' title='bbox 1061 956 1124 1011; x_wconf 87' lang='lat' dir='ltr'><strong>tam</strong></span> <span class='ocrx_word' id='word_1_87' title='bbox 1146 955 1304 1014; x_wconf 87' lang='lat' dir='ltr'><strong>hominum</strong></span> <span class='ocrx_word' id='word_1_88' title='bbox 1325 973 1418 1032; x_wconf 92' lang='lat' dir='ltr'><strong>quam</strong></span> <span class='ocrx_word' id='word_1_89' title='bbox 1437 958 1616 1031; x_wconf 87' lang='lat' dir='ltr'><strong>plantarum.</strong></span> <span class='ocrx_word' id='word_1_90' title='bbox 1630 958 1761 1016; x_wconf 90' lang='lat' dir='ltr'><strong>Tradunt</strong></span> <span class='ocrx_word' id='word_1_91' title='bbox 1773 959 1852 1015; x_wconf 90' lang='lat' dir='ltr'><strong>enim</strong></span> 
     </span>
    </p>

    <p class='ocr_par' dir='ltr' id='par_1_9' title="bbox 230 1037 1852 1115">
     <span class='ocr_line' id='line_1_9' title="bbox 230 1037 1852 1115; baseline 0.001 -19"><span class='ocrx_word' id='word_1_92' title='bbox 230 1037 289 1096; x_wconf 86' lang='lat' dir='ltr'><strong>hus</strong></span> <span class='ocrx_word' id='word_1_93' title='bbox 299 1037 544 1108; x_wconf 80' lang='lat' dir='ltr'><strong>cogitationibus,</strong></span> <span class='ocrx_word' id='word_1_94' title='bbox 558 1042 592 1094; x_wconf 93' lang='lat' dir='ltr'><strong>nt</strong></span> <span class='ocrx_word' id='word_1_95' title='bbox 603 1037 733 1108; x_wconf 88' lang='lat' dir='ltr'><strong>agricola</strong></span> <span class='ocrx_word' id='word_1_96' title='bbox 744 1037 889 1108; x_wconf 89' lang='lat' dir='ltr'><strong>cleribus,</strong></span> <span class='ocrx_word' id='word_1_97' title='bbox 903 1053 971 1112; x_wconf 76' lang='lat' dir='ltr'><strong>quac</strong></span> <span class='ocrx_word' id='word_1_98' title='bbox 985 1037 1020 1095; x_wconf 91' lang='lat' dir='ltr'><strong>ii·</strong></span> <span class='ocrx_word' id='word_1_99' title='bbox 1062 1037 1181 1108; x_wconf 91' lang='lat' dir='ltr'><strong>medici,</strong></span> <span class='ocrx_word' id='word_1_100' title='bbox 1194 1041 1224 1095; x_wconf 88' lang='lat' dir='ltr'><strong>et</strong></span> <span class='ocrx_word' id='word_1_101' title='bbox 1235 1038 1415 1112; x_wconf 84' lang='lat' dir='ltr'><strong>experientia</strong></span> <span class='ocrx_word' id='word_1_102' title='bbox 1427 1043 1549 1110; x_wconf 88' lang='lat' dir='ltr'><strong>constat,</strong></span> <span class='ocrx_word' id='word_1_103' title='bbox 1563 1055 1666 1100; x_wconf 88' lang='lat' dir='ltr'><strong>carues</strong></span> <span class='ocrx_word' id='word_1_104' title='bbox 1677 1056 1739 1115; x_wconf 78' lang='lat' dir='ltr'><strong>prae</strong></span> <span class='ocrx_word' id='word_1_105' title='bbox 1751 1039 1852 1098; x_wconf 84' lang='lat' dir='ltr'><strong>herbis</strong></span> 
     </span>
    </p>

    <p class='ocr_par' dir='ltr' id='par_1_10' title="bbox 231 1119 1852 1198">
     <span class='ocr_line' id='line_1_10' title="bbox 231 1119 1852 1198; baseline 0.002 -21"><span class='ocrx_word' id='word_1_106' title='bbox 231 1125 276 1178; x_wconf 89' lang='lat' dir='ltr'><strong>eet</strong></span> <span class='ocrx_word' id='word_1_107' title='bbox 297 1119 402 1178; x_wconf 88' lang='lat' dir='ltr'><strong>obesse</strong></span> <span class='ocrx_word' id='word_1_108' title='bbox 421 1135 483 1178; x_wconf 90' lang='lat' dir='ltr'><strong>non</strong></span> <span class='ocrx_word' id='word_1_109' title='bbox 494 1124 635 1193; x_wconf 89' lang='lat' dir='ltr'><strong>possunt,</strong></span> <span class='ocrx_word' id='word_1_110' title='bbox 650 1119 709 1178; x_wconf 89' lang='lat' dir='ltr'><strong>cibi</strong></span> <span class='ocrx_word' id='word_1_111' title='bbox 722 1125 822 1180; x_wconf 87' lang='lat' dir='ltr'><strong>tamen</strong></span> <span class='ocrx_word' id='word_1_112' title='bbox 834 1135 895 1178; x_wconf 90' lang='lat' dir='ltr'><strong>non</strong></span> <span class='ocrx_word' id='word_1_113' title='bbox 907 1121 1020 1178; x_wconf 88' lang='lat' dir='ltr'><strong>hahent</strong></span> <span class='ocrx_word' id='word_1_114' title='bbox 1062 1119 1195 1192; x_wconf 80' lang='lat' dir='ltr'><strong>plenius,</strong></span> <span class='ocrx_word' id='word_1_115' title='bbox 1218 1121 1359 1192; x_wconf 88' lang='lat' dir='ltr'><strong>solidius,</strong></span> <span class='ocrx_word' id='word_1_116' title='bbox 1377 1123 1590 1193; x_wconf 86' lang='lat' dir='ltr'><strong>succulentius,</strong></span> <span class='ocrx_word' id='word_1_117' title='bbox 1603 1123 1757 1198; x_wconf 82' lang='lat' dir='ltr'><strong>magisque</strong></span> <span class='ocrx_word' id='word_1_118' title='bbox 1771 1123 1852 1182; x_wconf 86' lang='lat' dir='ltr'><strong>carni</strong></span> 
     </span>
    </p>

    <p class='ocr_par' dir='ltr' id='par_1_11' title="bbox 229 1201 1853 1280">
     <span class='ocr_line' id='line_1_11' title="bbox 229 1201 1853 1280; baseline 0.005 -20"><span class='ocrx_word' id='word_1_119' title='bbox 229 1201 354 1275; x_wconf 87' lang='lat' dir='ltr'><strong>gratiam</strong></span> <span class='ocrx_word' id='word_1_120' title='bbox 361 1201 500 1260; x_wconf 82' lang='lat' dir='ltr'><strong>fortioris.</strong></span> <span class='ocrx_word' id='word_1_121' title='bbox 511 1203 649 1264; x_wconf 75' lang='lat' dir='ltr'><strong>cenci-ale</strong></span> <span class='ocrx_word' id='word_1_122' title='bbox 660 1203 740 1262; x_wconf 87' lang='lat' dir='ltr'><strong>enim</strong></span> <span class='ocrx_word' id='word_1_123' title='bbox 749 1203 889 1264; x_wconf 87' lang='lat' dir='ltr'><strong>omuibus</strong></span> <span class='ocrx_word' id='word_1_124' title='bbox 900 1208 928 1262; x_wconf 90' lang='lat' dir='ltr'><strong>et</strong></span> <span class='ocrx_word' id='word_1_125' title='bbox 938 1218 1019 1261; x_wconf 92' lang='lat' dir='ltr'><strong>com·</strong></span> <span class='ocrx_word' id='word_1_126' title='bbox 1061 1201 1201 1262; x_wconf 81' lang='lat' dir='ltr'><strong>humana</strong></span> <span class='ocrx_word' id='word_1_127' title='bbox 1214 1203 1392 1262; x_wconf 86' lang='lat' dir='ltr'><strong>conveniens</strong></span> <span class='ocrx_word' id='word_1_128' title='bbox 1410 1205 1583 1268; x_wconf 87' lang='lat' dir='ltr'><strong>alimentum</strong></span> <span class='ocrx_word' id='word_1_129' title='bbox 1595 1206 1768 1269; x_wconf 83' lang='lat' dir='ltr'><strong>homiuibus</strong></span> <span class='ocrx_word' id='word_1_130' title='bbox 1778 1221 1853 1280; x_wconf 76' lang='lat' dir='ltr'><strong>pru·</strong></span> 
     </span>
    </p>

    <p class='ocr_par' dir='ltr' id='par_1_12' title="bbox 228 1282 1966 1444">
     <span class='ocr_line' id='line_1_12' title="bbox 229 1282 1849 1362; baseline -0.002 -19"><span class='ocrx_word' id='word_1_131' title='bbox 229 1299 320 1344; x_wconf 88' lang='lat' dir='ltr'><strong>mune</strong></span> <span class='ocrx_word' id='word_1_132' title='bbox 330 1289 522 1362; x_wconf 75' lang='lat' dir='ltr'><strong>preceptum,</strong></span> <span class='ocrx_word' id='word_1_133' title='bbox 538 1301 601 1344; x_wconf 89' lang='lat' dir='ltr'><strong>non</strong></span> <span class='ocrx_word' id='word_1_134' title='bbox 613 1283 719 1344; x_wconf 89' lang='lat' dir='ltr'><strong>altiora</strong></span> <span class='ocrx_word' id='word_1_135' title='bbox 731 1286 834 1344; x_wconf 89' lang='lat' dir='ltr'><strong>indicit</strong></span> <span class='ocrx_word' id='word_1_136' title='bbox 844 1301 951 1356; x_wconf 88' lang='lat' dir='ltr'><strong>genera</strong></span> <span class='ocrx_word' id='word_1_137' title='bbox 960 1287 1019 1343; x_wconf 88' lang='lat' dir='ltr'><strong>vir·</strong></span> <span class='ocrx_word' id='word_1_138' title='bbox 1062 1282 1142 1342; x_wconf 91' lang='lat' dir='ltr'><strong>bere.</strong></span> <span class='ocrx_word' id='word_1_139' title='bbox 1844 1295 1849 1306; x_wconf 90' lang='lat'><strong>·</strong></span> 
     </span>
     <span class='ocr_line' id='line_1_13' title="bbox 228 1367 1966 1444; baseline 0.003 -19"><span class='ocrx_word' id='word_1_140' title='bbox 228 1371 422 1444; x_wconf 78' lang='lat' dir='ltr'><strong>tntum,qnar</strong></span> <span class='ocrx_word' id='word_1_141' title='bbox 432 1369 535 1442; x_wconf 84' lang='lat' dir='ltr'><strong>utique</strong></span> <span class='ocrx_word' id='word_1_142' title='bbox 546 1384 711 1442; x_wconf 87' lang='lat' dir='ltr'><strong>paucorum</strong></span> <span class='ocrx_word' id='word_1_143' title='bbox 723 1371 802 1426; x_wconf 87' lang='lat' dir='ltr'><strong>sunt.</strong></span> <span class='ocrx_word' id='word_1_144' title='bbox 814 1367 870 1427; x_wconf 85' lang='lat' dir='ltr'><strong>Sed</strong></span> <span class='ocrx_word' id='word_1_145' title='bbox 880 1371 908 1424; x_wconf 85' lang='lat' dir='ltr'><strong>et</strong></span> <span class='ocrx_word' id='word_1_146' title='bbox 917 1367 1019 1442; x_wconf 88' lang='lat' dir='ltr'><strong>siquis</strong></span> <span class='ocrx_word' id='word_1_147' title='bbox 1097 1369 1126 1424; x_wconf 69' lang='grc' dir='ltr'><strong>ι.</strong></span> <span class='ocrx_word' id='word_1_148' title='bbox 1140 1369 1258 1430; x_wconf 77' lang='lat' dir='ltr'><strong>coenan</strong></span> <span class='ocrx_word' id='word_1_149' title='bbox 1277 1383 1334 1429; x_wconf 86' lang='lat' dir='ltr'><strong>cun</strong></span> <span class='ocrx_word' id='word_1_150' title='bbox 1347 1385 1484 1430; x_wconf 76' lang='lat' dir='ltr'><strong>seruntur</strong></span> <span class='ocrx_word' id='word_1_151' title='bbox 1496 1386 1554 1430; x_wconf 82' lang='lat' dir='ltr'><strong>nou</strong></span> <span class='ocrx_word' id='word_1_152' title='bbox 1568 1386 1734 1432; x_wconf 77' lang='lat' dir='ltr'><strong>counosrrs.</strong></span> <span class='ocrx_word' id='word_1_153' title='bbox 1747 1402 1784 1416; x_wconf 92' lang='lat'>-</span> <span class='ocrx_word' id='word_1_154' title='bbox 1797 1376 1851 1434; x_wconf 90' lang='lat' dir='ltr'><strong>lie·</strong></span> <span class='ocrx_word' id='word_1_155' title='bbox 1864 1382 1923 1428; x_wconf 74' lang='lat' dir='ltr'><strong>vcra</strong></span> <span class='ocrx_word' id='word_1_156' title='bbox 1944 1388 1966 1431; x_wconf 83' lang='grc' dir='ltr'><strong>ι.</strong></span> 
     </span>
    </p>

    <p class='ocr_par' dir='ltr' id='par_1_13' title="bbox 228 1433 1852 1530">
     <span class='ocr_line' id='line_1_14' title="bbox 228 1433 1852 1530; baseline 0.003 -21"><span class='ocrx_word' id='word_1_157' title='bbox 228 1453 369 1510; x_wconf 87' lang='lat' dir='ltr'><strong>virtutum</strong></span> <span class='ocrx_word' id='word_1_158' title='bbox 382 1452 485 1527; x_wconf 90' lang='lat' dir='ltr'><strong>epulas</strong></span> <span class='ocrx_word' id='word_1_159' title='bbox 497 1452 632 1510; x_wconf 79' lang='lat' dir='ltr'><strong>fortiores</strong></span> <span class='ocrx_word' id='word_1_160' title='bbox 645 1450 703 1510; x_wconf 89' lang='lat' dir='ltr'><strong>sibi</strong></span> <span class='ocrx_word' id='word_1_161' title='bbox 722 1451 861 1510; x_wconf 86' lang='lat' dir='ltr'><strong>exhibere</strong></span> <span class='ocrx_word' id='word_1_162' title='bbox 873 1455 936 1511; x_wconf 86' lang='lat' dir='ltr'><strong>rien</strong></span> <span class='ocrx_word' id='word_1_163' title='bbox 949 1465 1018 1527; x_wconf 89' lang='lat' dir='ltr'><strong>pca-</strong></span> <span class='ocrx_word' id='word_1_164' title='bbox 1061 1450 1161 1512; x_wconf 89' lang='lat' dir='ltr'><strong>braiee</strong></span> <span class='ocrx_word' id='word_1_165' title='bbox 1174 1455 1218 1510; x_wconf 87' lang='lat' dir='ltr'><strong>est</strong></span> <span class='ocrx_word' id='word_1_166' title='bbox 1232 1433 1334 1518; x_wconf 51' lang='lat' dir='ltr'><strong>rihhilt</strong></span> <span class='ocrx_word' id='word_1_167' title='bbox 1346 1435 1389 1518; x_wconf 50' lang='grc' dir='ltr'><strong>ιιι</strong></span> <span class='ocrx_word' id='word_1_168' title='bbox 1400 1459 1628 1518; x_wconf 65' lang='lat' dir='ltr'><strong>intrusum</strong></span> <span class='ocrx_word' id='word_1_169' title='bbox 1641 1457 1721 1512; x_wconf 79' lang='lat' dir='ltr'><strong>basar</strong></span> <span class='ocrx_word' id='word_1_170' title='bbox 1738 1458 1852 1530; x_wconf 65' lang='lat' dir='ltr'><strong>macero</strong></span> 
     </span>
    </p>

    <p class='ocr_par' dir='ltr' id='par_1_14' title="bbox 229 1533 1852 1610">
     <span class='ocr_line' id='line_1_15' title="bbox 229 1533 1852 1610; baseline 0.003 -18"><span class='ocrx_word' id='word_1_171' title='bbox 229 1534 281 1608; x_wconf 89' lang='lat' dir='ltr'><strong>sit,</strong></span> <span class='ocrx_word' id='word_1_172' title='bbox 293 1535 467 1608; x_wconf 88' lang='lat' dir='ltr'><strong>hujusmodi</strong></span> <span class='ocrx_word' id='word_1_173' title='bbox 475 1539 575 1596; x_wconf 91' lang='lat' dir='ltr'><strong>tamen</strong></span> <span class='ocrx_word' id='word_1_174' title='bbox 583 1534 692 1596; x_wconf 83' lang='lat' dir='ltr'><strong>habeat</strong></span> <span class='ocrx_word' id='word_1_175' title='bbox 700 1535 863 1610; x_wconf 79' lang='lat' dir='ltr'><strong>passiones,</strong></span> <span class='ocrx_word' id='word_1_176' title='bbox 875 1549 944 1608; x_wconf 79' lang='lat' dir='ltr'><strong>qum</strong></span> <span class='ocrx_word' id='word_1_177' title='bbox 956 1549 1020 1593; x_wconf 90' lang='lat' dir='ltr'><strong>non</strong></span> <span class='ocrx_word' id='word_1_178' title='bbox 1062 1533 1142 1594; x_wconf 79' lang='lat' dir='ltr'><strong>domo</strong></span> <span class='ocrx_word' id='word_1_179' title='bbox 1155 1537 1182 1592; x_wconf 90' lang='lat' dir='ltr'><strong>tc</strong></span> <span class='ocrx_word' id='word_1_180' title='bbox 1195 1537 1313 1602; x_wconf 80' lang='lat' dir='ltr'><strong>trebeta,</strong></span> <span class='ocrx_word' id='word_1_181' title='bbox 1327 1553 1435 1594; x_wconf 84' lang='lat' dir='ltr'><strong>comem</strong></span> <span class='ocrx_word' id='word_1_182' title='bbox 1447 1541 1479 1594; x_wconf 83' lang='lat' dir='ltr'><strong>ic</strong></span> <span class='ocrx_word' id='word_1_183' title='bbox 1490 1540 1583 1594; x_wconf 77' lang='lat' dir='ltr'><strong>auimo</strong></span> <span class='ocrx_word' id='word_1_184' title='bbox 1595 1553 1665 1605; x_wconf 83' lang='lat' dir='ltr'><strong>ccc,</strong></span> <span class='ocrx_word' id='word_1_185' title='bbox 1679 1542 1710 1595; x_wconf 84' lang='lat' dir='ltr'><strong>ie</strong></span> <span class='ocrx_word' id='word_1_186' title='bbox 1720 1543 1852 1610; x_wconf 75' lang='lat' dir='ltr'><strong>coeperim</strong></span> 
     </span>
    </p>

    <p class='ocr_par' dir='ltr' id='par_1_15' title="bbox 230 1619 1851 1694">
     <span class='ocr_line' id='line_1_16' title="bbox 230 1619 1851 1694; baseline 0.004 -19"><span class='ocrx_word' id='word_1_187' title='bbox 230 1622 367 1689; x_wconf 88' lang='lat' dir='ltr'><strong>noceant,</strong></span> <span class='ocrx_word' id='word_1_188' title='bbox 381 1621 434 1680; x_wconf 91' lang='lat' dir='ltr'><strong>sed</strong></span> <span class='ocrx_word' id='word_1_189' title='bbox 447 1619 599 1680; x_wconf 84' lang='lat' dir='ltr'><strong>delectent.</strong></span> <span class='ocrx_word' id='word_1_190' title='bbox 614 1639 628 1674; x_wconf 85' lang='lat' dir='ltr'><strong>c</strong></span> <span class='ocrx_word' id='word_1_191' title='bbox 1061 1633 1120 1684; x_wconf 86' lang='lat' dir='ltr'><strong>auc,</strong></span> <span class='ocrx_word' id='word_1_192' title='bbox 1128 1635 1182 1680; x_wconf 85' lang='lat' dir='ltr'><strong>con</strong></span> <span class='ocrx_word' id='word_1_193' title='bbox 1190 1620 1343 1688; x_wconf 74' lang='lat' dir='ltr'><strong>accedetis,</strong></span> <span class='ocrx_word' id='word_1_194' title='bbox 1352 1621 1410 1680; x_wconf 90' lang='lat' dir='ltr'><strong>hcc</strong></span> <span class='ocrx_word' id='word_1_195' title='bbox 1420 1624 1474 1692; x_wconf 87' lang='lat' dir='ltr'><strong>est,</strong></span> <span class='ocrx_word' id='word_1_196' title='bbox 1484 1624 1517 1680; x_wconf 94' lang='lat' dir='ltr'><strong>ut</strong></span> <span class='ocrx_word' id='word_1_197' title='bbox 1529 1620 1615 1680; x_wconf 83' lang='lat' dir='ltr'><strong>uertit</strong></span> <span class='ocrx_word' id='word_1_198' title='bbox 1625 1622 1781 1694; x_wconf 77' lang='lat' dir='ltr'><strong>ecguinus,</strong></span> <span class='ocrx_word' id='word_1_199' title='bbox 1788 1639 1851 1682; x_wconf 87' lang='lat' dir='ltr'><strong>car-</strong></span> 
     </span>
    </p>

    <p class='ocr_par' dir='ltr' id='par_1_16' title="bbox 111 1701 1850 1780">
     <span class='ocr_line' id='line_1_17' title="bbox 111 1701 1850 1780; baseline 0.003 -20"><span class='ocrx_word' id='word_1_200' title='bbox 111 1725 147 1772; x_wconf 62' lang='lat' dir='ltr'><strong>p„</strong></span> <span class='ocrx_word' id='word_1_201' title='bbox 168 1737 217 1771; x_wconf 77' lang='lat' dir='ltr'><strong>arce</strong></span> <span class='ocrx_word' id='word_1_202' title='bbox 265 1703 381 1771; x_wconf 84' lang='lat' dir='ltr'><strong>Qnaeres</strong></span> <span class='ocrx_word' id='word_1_203' title='bbox 402 1720 409 1758; x_wconf 90' lang='lat'><strong>:</strong></span> <span class='ocrx_word' id='word_1_204' title='bbox 432 1703 533 1762; x_wconf 82' lang='lat' dir='ltr'><strong>Fuitne</strong></span> <span class='ocrx_word' id='word_1_205' title='bbox 553 1706 621 1762; x_wconf 89' lang='lat' dir='ltr'><strong>ante</strong></span> <span class='ocrx_word' id='word_1_206' title='bbox 643 1701 790 1759; x_wconf 91' lang='lat' dir='ltr'><strong>diluvium</strong></span> <span class='ocrx_word' id='word_1_207' title='bbox 802 1701 1018 1761; x_wconf 82' lang='lat' dir='ltr'><strong>carniumescs</strong></span> <span class='ocrx_word' id='word_1_208' title='bbox 1062 1715 1131 1757; x_wconf 90' lang='lat' dir='ltr'><strong>nem</strong></span> <span class='ocrx_word' id='word_1_209' title='bbox 1145 1718 1214 1760; x_wconf 91' lang='lat' dir='ltr'><strong>curn</strong></span> <span class='ocrx_word' id='word_1_210' title='bbox 1227 1703 1327 1762; x_wconf 88' lang='lat' dir='ltr'><strong>anima</strong></span> <span class='ocrx_word' id='word_1_211' title='bbox 1340 1719 1407 1776; x_wconf 91' lang='lat' dir='ltr'><strong>sua,</strong></span> <span class='ocrx_word' id='word_1_212' title='bbox 1420 1719 1488 1780; x_wconf 83' lang='lat' dir='ltr'><strong>qnae</strong></span> <span class='ocrx_word' id='word_1_213' title='bbox 1501 1704 1674 1775; x_wconf 87' lang='lat' dir='ltr'><strong>estsanguis</strong></span> <span class='ocrx_word' id='word_1_214' title='bbox 1687 1719 1774 1778; x_wconf 89' lang='lat' dir='ltr'><strong>suus,</strong></span> <span class='ocrx_word' id='word_1_215' title='bbox 1788 1721 1850 1765; x_wconf 90' lang='lat' dir='ltr'><strong>non</strong></span> 
     </span>
    </p>

    <p class='ocr_par' dir='ltr' id='par_1_17' title="bbox 115 1784 1850 1858">
     <span class='ocr_line' id='line_1_18' title="bbox 115 1784 1850 1858; baseline 0.002 -14"><span class='ocrx_word' id='word_1_216' title='bbox 115 1787 211 1858; x_wconf 73' lang='lat' dir='ltr'><strong>ermina</strong></span> <span class='ocrx_word' id='word_1_217' title='bbox 229 1787 325 1845; x_wconf 87' lang='lat' dir='ltr'><strong>licitus</strong></span> <span class='ocrx_word' id='word_1_218' title='bbox 338 1790 366 1845; x_wconf 90' lang='lat' dir='ltr'><strong>et</strong></span> <span class='ocrx_word' id='word_1_219' title='bbox 383 1788 531 1844; x_wconf 76' lang='lat' dir='ltr'><strong>usitatus?</strong></span> <span class='ocrx_word' id='word_1_220' title='bbox 551 1788 660 1856; x_wconf 83' lang='lat' dir='ltr'><strong>Primo,</strong></span> <span class='ocrx_word' id='word_1_221' title='bbox 680 1788 828 1858; x_wconf 81' lang='lat' dir='ltr'><strong>lyranus,</strong></span> <span class='ocrx_word' id='word_1_222' title='bbox 846 1788 977 1843; x_wconf 88' lang='lat' dir='ltr'><strong>Tostatus</strong></span> <span class='ocrx_word' id='word_1_223' title='bbox 991 1789 1020 1842; x_wconf 91' lang='lat' dir='ltr'><strong>et</strong></span> <span class='ocrx_word' id='word_1_224' title='bbox 1062 1784 1237 1856; x_wconf 88' lang='lat' dir='ltr'><strong>comedetis,</strong></span> <span class='ocrx_word' id='word_1_225' title='bbox 1259 1803 1287 1858; x_wconf 84' lang='lat' dir='ltr'><strong>q.</strong></span> <span class='ocrx_word' id='word_1_226' title='bbox 1312 1787 1341 1842; x_wconf 87' lang='lat' dir='ltr'><strong>d.</strong></span> <span class='ocrx_word' id='word_1_227' title='bbox 1364 1788 1428 1843; x_wconf 85' lang='lat' dir='ltr'><strong>Non</strong></span> <span class='ocrx_word' id='word_1_228' title='bbox 1450 1787 1610 1844; x_wconf 89' lang='lat' dir='ltr'><strong>comedetis</strong></span> <span class='ocrx_word' id='word_1_229' title='bbox 1636 1803 1754 1844; x_wconf 90' lang='lat' dir='ltr'><strong>carnem</strong></span> <span class='ocrx_word' id='word_1_230' title='bbox 1781 1804 1850 1847; x_wconf 91' lang='lat' dir='ltr'><strong>cum</strong></span> 
     </span>
    </p>

    <p class='ocr_par' dir='ltr' id='par_1_18' title="bbox 111 1847 1851 1952">
     <span class='ocr_line' id='line_1_19' title="bbox 111 1847 1851 1952; baseline 0.002 -25"><span class='ocrx_word' id='word_1_231' title='bbox 111 1847 218 1952; x_wconf 50' lang='lat' dir='ltr'><strong>“f&#39;ssiuffl&#39;</strong></span> <span class='ocrx_word' id='word_1_232' title='bbox 229 1869 437 1928; x_wconf 78' lang='lat' dir='ltr'><strong>carthusianus</strong></span> <span class='ocrx_word' id='word_1_233' title='bbox 449 1869 480 1926; x_wconf 92' lang='lat' dir='ltr'><strong>in</strong></span> <span class='ocrx_word' id='word_1_234' title='bbox 494 1884 560 1942; x_wconf 90' lang='lat' dir='ltr'><strong>cap.</strong></span> <span class='ocrx_word' id='word_1_235' title='bbox 569 1884 591 1939; x_wconf 92' lang='lat' dir='ltr'><strong>r,</strong></span> <span class='ocrx_word' id='word_1_236' title='bbox 601 1883 679 1926; x_wconf 86' lang='lat' dir='ltr'><strong>vers.</strong></span> <span class='ocrx_word' id='word_1_237' title='bbox 688 1869 755 1938; x_wconf 79' lang='lat' dir='ltr'><strong>uit,</strong></span> <span class='ocrx_word' id='word_1_238' title='bbox 764 1873 883 1926; x_wconf 89' lang='lat' dir='ltr'><strong>censent</strong></span> <span class='ocrx_word' id='word_1_239' title='bbox 895 1884 950 1925; x_wconf 91' lang='lat' dir='ltr'><strong>nec</strong></span> <span class='ocrx_word' id='word_1_240' title='bbox 959 1867 1020 1925; x_wconf 89' lang='lat' dir='ltr'><strong>liei·</strong></span> <span class='ocrx_word' id='word_1_241' title='bbox 1061 1867 1162 1924; x_wconf 89' lang='lat' dir='ltr'><strong>anima</strong></span> <span class='ocrx_word' id='word_1_242' title='bbox 1184 1883 1254 1939; x_wconf 89' lang='lat' dir='ltr'><strong>sua,</strong></span> <span class='ocrx_word' id='word_1_243' title='bbox 1269 1885 1338 1943; x_wconf 82' lang='lat' dir='ltr'><strong>quas</strong></span> <span class='ocrx_word' id='word_1_244' title='bbox 1353 1870 1454 1927; x_wconf 88' lang='lat' dir='ltr'><strong>aalma</strong></span> <span class='ocrx_word' id='word_1_245' title='bbox 1465 1874 1510 1927; x_wconf 88' lang='grc' dir='ltr'><strong>εει</strong></span> <span class='ocrx_word' id='word_1_246' title='bbox 1522 1869 1643 1942; x_wconf 84' lang='lat' dir='ltr'><strong>sanguis</strong></span> <span class='ocrx_word' id='word_1_247' title='bbox 1654 1870 1703 1928; x_wconf 86' lang='lat' dir='ltr'><strong>vei</strong></span> <span class='ocrx_word' id='word_1_248' title='bbox 1719 1873 1851 1930; x_wconf 82' lang='lat' dir='ltr'><strong>consistit</strong></span> 
     </span>
    </p>

    <p class='ocr_par' dir='ltr' id='par_1_19' title="bbox 111 1950 1515 2027">
     <span class='ocr_line' id='line_1_20' title="bbox 111 1950 1515 2027; baseline 0.001 -15"><span class='ocrx_word' id='word_1_249' title='bbox 111 1967 177 2012; x_wconf 79' lang='lat' dir='ltr'><strong>ruere</strong></span> <span class='ocrx_word' id='word_1_250' title='bbox 186 1969 216 2012; x_wconf 87' lang='lat' dir='ltr'><strong>n-</strong></span> <span class='ocrx_word' id='word_1_251' title='bbox 229 1960 310 2024; x_wconf 88' lang='lat' dir='ltr'><strong>tum,</strong></span> <span class='ocrx_word' id='word_1_252' title='bbox 324 1969 378 2010; x_wconf 89' lang='lat' dir='ltr'><strong>neo</strong></span> <span class='ocrx_word' id='word_1_253' title='bbox 390 1954 529 2010; x_wconf 89' lang='lat' dir='ltr'><strong>usitatum</strong></span> <span class='ocrx_word' id='word_1_254' title='bbox 542 1952 650 2021; x_wconf 81' lang='lat' dir='ltr'><strong>fuisse3</strong></span> <span class='ocrx_word' id='word_1_255' title='bbox 665 1968 700 2010; x_wconf 89' lang='lat' dir='ltr'><strong>eo</strong></span> <span class='ocrx_word' id='word_1_256' title='bbox 711 1953 812 2026; x_wconf 86' lang='lat' dir='ltr'><strong>quod,</strong></span> <span class='ocrx_word' id='word_1_257' title='bbox 827 1968 893 2027; x_wconf 88' lang='lat' dir='ltr'><strong>cap.</strong></span> <span class='ocrx_word' id='word_1_258' title='bbox 908 1969 930 2022; x_wconf 88' lang='lat' dir='ltr'><strong>r,</strong></span> <span class='ocrx_word' id='word_1_259' title='bbox 939 1969 1017 2014; x_wconf 81' lang='lat' dir='ltr'><strong>uers.</strong></span> <span class='ocrx_word' id='word_1_260' title='bbox 1060 1950 1093 2010; x_wconf 85' lang='lat' dir='ltr'><strong>in</strong></span> <span class='ocrx_word' id='word_1_261' title='bbox 1106 1953 1250 2023; x_wconf 88' lang='lat' dir='ltr'><strong>sanguine</strong></span> <span class='ocrx_word' id='word_1_262' title='bbox 1262 1954 1398 2010; x_wconf 84' lang='lat' dir='ltr'><strong>animulis</strong></span> <span class='ocrx_word' id='word_1_263' title='bbox 1412 1953 1515 2026; x_wconf 83' lang='lat' dir='ltr'><strong>ipsius.</strong></span> 
     </span>
    </p>

    <p class='ocr_par' dir='ltr' id='par_1_20' title="bbox 110 2029 1966 2353">
     <span class='ocr_line' id='line_1_21' title="bbox 110 2029 1952 2112; baseline 0.005 -21"><span class='ocrx_word' id='word_1_264' title='bbox 110 2029 167 2100; x_wconf 57' lang='lat' dir='ltr'><strong>istil</strong></span> <span class='ocrx_word' id='word_1_265' title='bbox 194 2035 217 2074; x_wconf 63' lang='grc' dir='ltr'><strong>ι*</strong></span> <span class='ocrx_word' id='word_1_266' title='bbox 230 2036 295 2104; x_wconf 80' lang='lat' dir='ltr'><strong>nlt,</strong></span> <span class='ocrx_word' id='word_1_267' title='bbox 319 2038 394 2092; x_wconf 84' lang='lat' dir='ltr'><strong>ilens</strong></span> <span class='ocrx_word' id='word_1_268' title='bbox 415 2039 530 2092; x_wconf 91' lang='lat' dir='ltr'><strong>tantum</strong></span> <span class='ocrx_word' id='word_1_269' title='bbox 543 2035 659 2094; x_wconf 89' lang='lat' dir='ltr'><strong>homini</strong></span> <span class='ocrx_word' id='word_1_270' title='bbox 673 2051 757 2094; x_wconf 88' lang='lat' dir='ltr'><strong>esum</strong></span> <span class='ocrx_word' id='word_1_271' title='bbox 771 2036 886 2093; x_wconf 89' lang='lat' dir='ltr'><strong>olerum</strong></span> <span class='ocrx_word' id='word_1_272' title='bbox 899 2050 1019 2094; x_wconf 87' lang='lat' dir='ltr'><strong>conces·</strong></span> <span class='ocrx_word' id='word_1_273' title='bbox 1096 2036 1184 2093; x_wconf 89' lang='lat' dir='ltr'><strong>Nota:</strong></span> <span class='ocrx_word' id='word_1_274' title='bbox 1196 2035 1419 2112; x_wconf 81' lang='lat' dir='ltr'><strong>Praecipiturhic</strong></span> <span class='ocrx_word' id='word_1_275' title='bbox 1432 2036 1541 2096; x_wconf 88' lang='lat' dir='ltr'><strong>modus</strong></span> <span class='ocrx_word' id='word_1_276' title='bbox 1552 2038 1741 2101; x_wconf 79' lang='lat' dir='ltr'><strong>comedenda</strong></span> <span class='ocrx_word' id='word_1_277' title='bbox 1754 2039 1851 2100; x_wconf 83' lang='lat' dir='ltr'><strong>carnia</strong></span> <span class='ocrx_word' id='word_1_278' title='bbox 1879 2046 1952 2092; x_wconf 71' lang='lat' dir='ltr'><strong>omre</strong></span> 
     </span>
     <span class='ocr_line' id='line_1_22' title="bbox 111 2089 1957 2194; baseline 0.004 -21"><span class='ocrx_word' id='word_1_279' title='bbox 111 2089 306 2194; x_wconf 65' lang='lat' dir='ltr'><strong>¹¹⁵1}¹,},‘,¹,¹:’serit.</strong></span> <span class='ocrx_word' id='word_1_280' title='bbox 327 2117 408 2174; x_wconf 92' lang='lat' dir='ltr'><strong>idem</strong></span> <span class='ocrx_word' id='word_1_281' title='bbox 430 2120 583 2176; x_wconf 90' lang='lat' dir='ltr'><strong>senserunt</strong></span> <span class='ocrx_word' id='word_1_282' title='bbox 605 2117 739 2187; x_wconf 84' lang='lat' dir='ltr'><strong>Etbnici3</strong></span> <span class='ocrx_word' id='word_1_283' title='bbox 767 2118 848 2176; x_wconf 88' lang='lat' dir='ltr'><strong>unde</strong></span> <span class='ocrx_word' id='word_1_284' title='bbox 876 2117 998 2175; x_wconf 87' lang='lat' dir='ltr'><strong>Ovidius</strong></span> <span class='ocrx_word' id='word_1_285' title='bbox 1007 2161 1017 2190; x_wconf 94' lang='lat'><strong>,</strong></span> <span class='ocrx_word' id='word_1_286' title='bbox 1060 2117 1243 2189; x_wconf 87' lang='lat' dir='ltr'><strong>istiusmodi,</strong></span> <span class='ocrx_word' id='word_1_287' title='bbox 1256 2123 1289 2180; x_wconf 88' lang='lat' dir='ltr'><strong>ui</strong></span> <span class='ocrx_word' id='word_1_288' title='bbox 1302 2119 1400 2194; x_wconf 89' lang='lat' dir='ltr'><strong>primo</strong></span> <span class='ocrx_word' id='word_1_289' title='bbox 1413 2119 1524 2178; x_wconf 89' lang='lat' dir='ltr'><strong>animal</strong></span> <span class='ocrx_word' id='word_1_290' title='bbox 1534 2119 1704 2194; x_wconf 88' lang='lat' dir='ltr'><strong>juguletur,</strong></span> <span class='ocrx_word' id='word_1_291' title='bbox 1718 2121 1849 2178; x_wconf 88' lang='lat' dir='ltr'><strong>seeundo</strong></span> <span class='ocrx_word' id='word_1_292' title='bbox 1873 2111 1957 2180; x_wconf 54' lang='lat' dir='ltr'><strong>&#39;W‘</strong></span> 
     </span>
     <span class='ocr_line' id='line_1_23' title="bbox 121 2179 1966 2285; baseline 0.004 -30"><span class='ocrx_word' id='word_1_293' title='bbox 121 2215 202 2282; x_wconf 66' lang='lat' dir='ltr'><strong>ecce</strong></span> <span class='ocrx_word' id='word_1_294' title='bbox 228 2200 281 2258; x_wconf 90' lang='lat' dir='ltr'><strong>lib.</strong></span> <span class='ocrx_word' id='word_1_295' title='bbox 305 2203 350 2258; x_wconf 86' lang='lat' dir='ltr'><strong>liv</strong></span> <span class='ocrx_word' id='word_1_296' title='bbox 371 2202 514 2258; x_wconf 76' lang='lat' dir='ltr'><strong>diatomos.</strong></span> <span class='ocrx_word' id='word_1_297' title='bbox 535 2200 573 2258; x_wconf 90' lang='lat' dir='ltr'><strong>de</strong></span> <span class='ocrx_word' id='word_1_298' title='bbox 589 2200 688 2274; x_wconf 85' lang='lat' dir='ltr'><strong>primo</strong></span> <span class='ocrx_word' id='word_1_299' title='bbox 701 2199 754 2258; x_wconf 91' lang='lat' dir='ltr'><strong>illo</strong></span> <span class='ocrx_word' id='word_1_300' title='bbox 768 2204 899 2258; x_wconf 88' lang='lat' dir='ltr'><strong>etaureo</strong></span> <span class='ocrx_word' id='word_1_301' title='bbox 912 2199 1039 2257; x_wconf 90' lang='lat' dir='ltr'><strong>mundi.</strong></span> <span class='ocrx_word' id='word_1_302' title='bbox 1061 2202 1182 2270; x_wconf 88' lang='lat' dir='ltr'><strong>sanguis</strong></span> <span class='ocrx_word' id='word_1_303' title='bbox 1203 2199 1388 2272; x_wconf 78' lang='lat' dir='ltr'><strong>effundatur,</strong></span> <span class='ocrx_word' id='word_1_304' title='bbox 1412 2203 1496 2260; x_wconf 88' lang='lat' dir='ltr'><strong>tertio</strong></span> <span class='ocrx_word' id='word_1_305' title='bbox 1520 2219 1589 2260; x_wconf 86' lang='lat' dir='ltr'><strong>earo</strong></span> <span class='ocrx_word' id='word_1_306' title='bbox 1603 2206 1788 2276; x_wconf 89' lang='lat' dir='ltr'><strong>coquaturet</strong></span> <span class='ocrx_word' id='word_1_307' title='bbox 1801 2179 1966 2285; x_wconf 58' lang='lat' dir='ltr'><strong>eo·”‡⁸„01.}{&#39;i¹.⁸</strong></span> 
     </span>
     <span class='ocr_line' id='line_1_24' title="bbox 142 2275 1965 2353; baseline 0.001 -13"><span class='ocrx_word' id='word_1_308' title='bbox 142 2275 180 2315; x_wconf 69' lang='lat'><strong>⁰¹·</strong></span> <span class='ocrx_word' id='word_1_309' title='bbox 229 2282 336 2340; x_wconf 79' lang='lat' dir='ltr'><strong>saeeulo</strong></span> <span class='ocrx_word' id='word_1_310' title='bbox 351 2283 392 2339; x_wconf 91' lang='lat' dir='ltr'><strong>ita</strong></span> <span class='ocrx_word' id='word_1_311' title='bbox 404 2283 505 2340; x_wconf 87' lang='lat' dir='ltr'><strong>canit:</strong></span> <span class='ocrx_word' id='word_1_312' title='bbox 1060 2281 1198 2336; x_wconf 85' lang='lat' dir='ltr'><strong>medetur</strong></span> <span class='ocrx_word' id='word_1_313' title='bbox 1219 2297 1226 2336; x_wconf 73' lang='grc' dir='ltr'><strong>ι</strong></span> <span class='ocrx_word' id='word_1_314' title='bbox 1247 2281 1422 2353; x_wconf 85' lang='lat' dir='ltr'><strong>prohibetur</strong></span> <span class='ocrx_word' id='word_1_315' title='bbox 1443 2286 1542 2340; x_wconf 78' lang='lat' dir='ltr'><strong>anian</strong></span> <span class='ocrx_word' id='word_1_316' title='bbox 1563 2284 1687 2342; x_wconf 92' lang='lat' dir='ltr'><strong>omnino</strong></span> <span class='ocrx_word' id='word_1_317' title='bbox 1708 2284 1849 2342; x_wconf 85' lang='lat' dir='ltr'><strong>comestio</strong></span> <span class='ocrx_word' id='word_1_318' title='bbox 1861 2292 1898 2334; x_wconf 80' lang='lat' dir='ltr'><strong>tu·</strong></span> <span class='ocrx_word' id='word_1_319' title='bbox 1922 2289 1965 2334; x_wconf 79' lang='lat' dir='ltr'><strong>nee</strong></span> 
     </span>
    </p>
   </div>
   <div class='ocr_carea' id='block_1_3' title="bbox 1059 2355 1967 2433">
    <p class='ocr_par' dir='ltr' id='par_1_21' title="bbox 1059 2355 1967 2433">
     <span class='ocr_line' id='line_1_25' title="bbox 1059 2355 1967 2433; baseline 0.008 -15"><span class='ocrx_word' id='word_1_320' title='bbox 1059 2361 1223 2433; x_wconf 87' lang='lat' dir='ltr'><strong>sanguinis,</strong></span> <span class='ocrx_word' id='word_1_321' title='bbox 1236 2364 1298 2420; x_wconf 91' lang='lat' dir='ltr'><strong>sive</strong></span> <span class='ocrx_word' id='word_1_322' title='bbox 1312 2363 1338 2420; x_wconf 90' lang='lat' dir='ltr'><strong>is</strong></span> <span class='ocrx_word' id='word_1_323' title='bbox 1350 2364 1449 2422; x_wconf 89' lang='lat' dir='ltr'><strong>adhuc</strong></span> <span class='ocrx_word' id='word_1_324' title='bbox 1458 2365 1491 2421; x_wconf 92' lang='lat' dir='ltr'><strong>in</strong></span> <span class='ocrx_word' id='word_1_325' title='bbox 1503 2364 1623 2422; x_wconf 89' lang='lat' dir='ltr'><strong>animali</strong></span> <span class='ocrx_word' id='word_1_326' title='bbox 1633 2365 1736 2422; x_wconf 86' lang='lat' dir='ltr'><strong>existat</strong></span> <span class='ocrx_word' id='word_1_327' title='bbox 1748 2383 1756 2422; x_wconf 74' lang='grc' dir='ltr'><strong>ε</strong></span> <span class='ocrx_word' id='word_1_328' title='bbox 1770 2367 1850 2426; x_wconf 90' lang='lat' dir='ltr'><strong>unde</strong></span> <span class='ocrx_word' id='word_1_329' title='bbox 1861 2355 1883 2396; x_wconf 73' lang='lat'><strong>⁰²</strong></span> <span class='ocrx_word' id='word_1_330' title='bbox 1900 2355 1967 2407; x_wconf 63' lang='lat'><strong>⁹⁰⁸²*</strong></span> 
     </span>
    </p>
   </div>
   <div class='ocr_carea' id='block_1_4' title="bbox 290 2412 1932 2477">
    <p class='ocr_par' dir='ltr' id='par_1_22' title="bbox 290 2412 1932 2477">
     <span class='ocr_line' id='line_1_26' title="bbox 290 2412 1932 2477; baseline -0.005 -13"><span class='ocrx_word' id='word_1_331' title='bbox 290 2415 320 2464; x_wconf 85' lang='grc' dir='ltr'><strong>ιι</strong></span> <span class='ocrx_word' id='word_1_332' title='bbox 332 2417 398 2465; x_wconf 84' lang='lat' dir='ltr'><strong>retus</strong></span> <span class='ocrx_word' id='word_1_333' title='bbox 409 2413 448 2465; x_wconf 84' lang='lat' dir='ltr'><strong>iiia</strong></span> <span class='ocrx_word' id='word_1_334' title='bbox 461 2415 517 2464; x_wconf 84' lang='lat' dir='ltr'><strong>atas</strong></span> <span class='ocrx_word' id='word_1_335' title='bbox 529 2423 575 2463; x_wconf 90' lang='lat' dir='ltr'><strong>non</strong></span> <span class='ocrx_word' id='word_1_336' title='bbox 586 2412 668 2476; x_wconf 89' lang='lat' dir='ltr'><strong>polluit</strong></span> <span class='ocrx_word' id='word_1_337' title='bbox 681 2424 721 2463; x_wconf 87' lang='lat' dir='ltr'><strong>cra</strong></span> <span class='ocrx_word' id='word_1_338' title='bbox 732 2424 831 2477; x_wconf 65' lang='lat' dir='ltr'><strong>crnorer</strong></span> <span class='ocrx_word' id='word_1_339' title='bbox 1894 2413 1932 2456; x_wconf 82' lang='lat' dir='ltr'><strong>rh.</strong></span> 
     </span>
    </p>
   </div>
   <div class='ocr_carea' id='block_1_5' title="bbox 227 2445 1967 3022">
    <p class='ocr_par' dir='ltr' id='par_1_23' title="bbox 288 2445 1850 2548">
     <span class='ocr_line' id='line_1_27' title="bbox 288 2445 1850 2548; baseline 0.004 -15"><span class='ocrx_word' id='word_1_340' title='bbox 288 2483 353 2536; x_wconf 90' lang='lat' dir='ltr'><strong>Tune</strong></span> <span class='ocrx_word' id='word_1_341' title='bbox 364 2487 389 2536; x_wconf 90' lang='lat' dir='ltr'><strong>et</strong></span> <span class='ocrx_word' id='word_1_342' title='bbox 400 2497 455 2535; x_wconf 86' lang='lat' dir='ltr'><strong>ares</strong></span> <span class='ocrx_word' id='word_1_343' title='bbox 466 2487 515 2537; x_wconf 90' lang='lat' dir='ltr'><strong>tuto</strong></span> <span class='ocrx_word' id='word_1_344' title='bbox 527 2495 617 2536; x_wconf 83' lang='lat' dir='ltr'><strong>novere</strong></span> <span class='ocrx_word' id='word_1_345' title='bbox 631 2495 673 2546; x_wconf 88' lang='lat' dir='ltr'><strong>per</strong></span> <span class='ocrx_word' id='word_1_346' title='bbox 684 2495 734 2534; x_wconf 82' lang='lat' dir='ltr'><strong>aere</strong></span> <span class='ocrx_word' id='word_1_347' title='bbox 748 2495 850 2548; x_wconf 79' lang='lat' dir='ltr'><strong>pennas,</strong></span> <span class='ocrx_word' id='word_1_348' title='bbox 1059 2445 1235 2519; x_wconf 62' lang='lat' dir='ltr'><strong>pmmbetur</strong></span> <span class='ocrx_word' id='word_1_349' title='bbox 1252 2446 1302 2506; x_wconf 57' lang='lat' dir='ltr'><strong>hio</strong></span> <span class='ocrx_word' id='word_1_350' title='bbox 1319 2461 1387 2506; x_wconf 55' lang='lat'><strong>⁰⁵¹³</strong></span> <span class='ocrx_word' id='word_1_351' title='bbox 1410 2448 1636 2544; x_wconf 43' lang='lat' dir='ltr'><strong>Q⁰ru⁰if¹⁰¹i¹m</strong></span> <span class='ocrx_word' id='word_1_352' title='bbox 1651 2452 1681 2508; x_wconf 62' lang='lat' dir='ltr'><strong>et</strong></span> <span class='ocrx_word' id='word_1_353' title='bbox 1692 2447 1850 2544; x_wconf 28' lang='lat' dir='ltr'><strong>smmi&amp;</strong></span> 
     </span>
    </p>

    <p class='ocr_par' dir='ltr' id='par_1_24' title="bbox 290 2529 1851 2620">
     <span class='ocr_line' id='line_1_28' title="bbox 290 2529 1851 2620; baseline 0.007 -38"><span class='ocrx_word' id='word_1_354' title='bbox 290 2553 320 2606; x_wconf 66' lang='lat' dir='ltr'><strong>E,</strong></span> <span class='ocrx_word' id='word_1_355' title='bbox 331 2553 397 2620; x_wconf 46' lang='grc' dir='ltr'><strong>κρυ,</strong></span> <span class='ocrx_word' id='word_1_356' title='bbox 409 2552 538 2618; x_wconf 50' lang='lat' dir='ltr'><strong>maffia,</strong></span> <span class='ocrx_word' id='word_1_357' title='bbox 552 2552 632 2606; x_wconf 54' lang='lat' dir='ltr'><strong>megs„</strong></span> <span class='ocrx_word' id='word_1_358' title='bbox 643 2551 729 2606; x_wconf 58' lang='lat' dir='ltr'><strong>mi,</strong></span> <span class='ocrx_word' id='word_1_359' title='bbox 740 2551 766 2604; x_wconf 53' lang='grc' dir='ltr'><strong>ᾗ.</strong></span> <span class='ocrx_word' id='word_1_360' title='bbox 777 2551 846 2620; x_wconf 45' lang='lat' dir='ltr'><strong>,griffi</strong></span> <span class='ocrx_word' id='word_1_361' title='bbox 1058 2541 1144 2601; x_wconf 81' lang='lat' dir='ltr'><strong>rum,</strong></span> <span class='ocrx_word' id='word_1_362' title='bbox 1164 2531 1198 2588; x_wconf 91' lang='lat' dir='ltr'><strong>ut</strong></span> <span class='ocrx_word' id='word_1_363' title='bbox 1216 2529 1302 2588; x_wconf 85' lang='lat' dir='ltr'><strong>docet</strong></span> <span class='ocrx_word' id='word_1_364' title='bbox 1321 2531 1481 2588; x_wconf 76' lang='lat' dir='ltr'><strong>Eucherius</strong></span> <span class='ocrx_word' id='word_1_365' title='bbox 1489 2550 1499 2602; x_wconf 82' lang='lat'>3</span> <span class='ocrx_word' id='word_1_366' title='bbox 1513 2547 1574 2590; x_wconf 80' lang='lat' dir='ltr'><strong>save</strong></span> <span class='ocrx_word' id='word_1_367' title='bbox 1588 2548 1613 2590; x_wconf 89' lang='lat' dir='ltr'><strong>rs</strong></span> <span class='ocrx_word' id='word_1_368' title='bbox 1625 2531 1664 2591; x_wconf 89' lang='lat' dir='ltr'><strong>ab</strong></span> <span class='ocrx_word' id='word_1_369' title='bbox 1678 2532 1800 2592; x_wconf 78' lang='lat' dir='ltr'><strong>animula</strong></span> <span class='ocrx_word' id='word_1_370' title='bbox 1813 2537 1851 2593; x_wconf 82' lang='lat' dir='ltr'><strong>sti</strong></span> 
     </span>
    </p>

    <p class='ocr_par' dir='ltr' id='par_1_25' title="bbox 1059 2610 1850 2690">
     <span class='ocr_line' id='line_1_29' title="bbox 1059 2610 1850 2690; baseline 0.011 -23"><span class='ocrx_word' id='word_1_371' title='bbox 1059 2615 1226 2690; x_wconf 87' lang='lat' dir='ltr'><strong>separatus,</strong></span> <span class='ocrx_word' id='word_1_372' title='bbox 1239 2610 1324 2687; x_wconf 87' lang='lat' dir='ltr'><strong>isque</strong></span> <span class='ocrx_word' id='word_1_373' title='bbox 1335 2617 1398 2672; x_wconf 90' lang='lat' dir='ltr'><strong>iam</strong></span> <span class='ocrx_word' id='word_1_374' title='bbox 1409 2612 1543 2690; x_wconf 87' lang='lat' dir='ltr'><strong>liquidus</strong></span> <span class='ocrx_word' id='word_1_375' title='bbox 1556 2618 1585 2671; x_wconf 91' lang='lat' dir='ltr'><strong>et</strong></span> <span class='ocrx_word' id='word_1_376' title='bbox 1597 2613 1748 2689; x_wconf 88' lang='lat' dir='ltr'><strong>potabilis,</strong></span> <span class='ocrx_word' id='word_1_377' title='bbox 1757 2630 1850 2690; x_wconf 83' lang='lat' dir='ltr'><strong>qnam</strong></span> 
     </span>
    </p>

    <p class='ocr_par' dir='ltr' id='par_1_26' title="bbox 227 2692 1848 2772">
     <span class='ocr_line' id='line_1_30' title="bbox 227 2692 1848 2772; baseline 0.003 -17"><span class='ocrx_word' id='word_1_378' title='bbox 227 2695 284 2755; x_wconf 88' lang='lat' dir='ltr'><strong>Sed</strong></span> <span class='ocrx_word' id='word_1_379' title='bbox 294 2700 387 2768; x_wconf 87' lang='lat' dir='ltr'><strong>erret,</strong></span> <span class='ocrx_word' id='word_1_380' title='bbox 399 2695 473 2753; x_wconf 88' lang='lat' dir='ltr'><strong>dum</strong></span> <span class='ocrx_word' id='word_1_381' title='bbox 485 2711 569 2754; x_wconf 87' lang='lat' dir='ltr'><strong>esum</strong></span> <span class='ocrx_word' id='word_1_382' title='bbox 581 2695 715 2754; x_wconf 88' lang='lat' dir='ltr'><strong>earnium</strong></span> <span class='ocrx_word' id='word_1_383' title='bbox 725 2698 829 2771; x_wconf 89' lang='lat' dir='ltr'><strong>postea</strong></span> <span class='ocrx_word' id='word_1_384' title='bbox 840 2693 1017 2772; x_wconf 78' lang='lat' dir='ltr'><strong>inductum,</strong></span> <span class='ocrx_word' id='word_1_385' title='bbox 1058 2692 1152 2753; x_wconf 77' lang='lat' dir='ltr'><strong>fartus</strong></span> <span class='ocrx_word' id='word_1_386' title='bbox 1165 2698 1194 2753; x_wconf 89' lang='lat' dir='ltr'><strong>et</strong></span> <span class='ocrx_word' id='word_1_387' title='bbox 1206 2694 1394 2768; x_wconf 84' lang='lat' dir='ltr'><strong>coagulatus,</strong></span> <span class='ocrx_word' id='word_1_388' title='bbox 1407 2697 1505 2771; x_wconf 83' lang='lat' dir='ltr'><strong>qualis</strong></span> <span class='ocrx_word' id='word_1_389' title='bbox 1520 2699 1607 2758; x_wconf 87' lang='lat' dir='ltr'><strong>estin</strong></span> <span class='ocrx_word' id='word_1_390' title='bbox 1619 2697 1824 2761; x_wconf 83' lang='lat' dir='ltr'><strong>farciminibus</strong></span> <span class='ocrx_word' id='word_1_391' title='bbox 1839 2717 1848 2758; x_wconf 78' lang='lat' dir='ltr'><strong>s</strong></span> 
     </span>
    </p>

    <p class='ocr_par' dir='ltr' id='par_1_27' title="bbox 227 2777 1846 2940">
     <span class='ocr_line' id='line_1_31' title="bbox 227 2777 1846 2857; baseline 0.004 -20"><span class='ocrx_word' id='word_1_392' title='bbox 227 2779 313 2854; x_wconf 85' lang='lat' dir='ltr'><strong>quasi</strong></span> <span class='ocrx_word' id='word_1_393' title='bbox 327 2779 423 2838; x_wconf 90' lang='lat' dir='ltr'><strong>scelus</strong></span> <span class='ocrx_word' id='word_1_394' title='bbox 434 2782 602 2852; x_wconf 83' lang='lat' dir='ltr'><strong>execretur,</strong></span> <span class='ocrx_word' id='word_1_395' title='bbox 616 2777 716 2838; x_wconf 89' lang='lat' dir='ltr'><strong>dicens</strong></span> <span class='ocrx_word' id='word_1_396' title='bbox 731 2795 739 2834; x_wconf 76' lang='grc' dir='ltr'><strong>ε</strong></span> <span class='ocrx_word' id='word_1_397' title='bbox 1060 2792 1181 2838; x_wconf 87' lang='lat' dir='ltr'><strong>omnem</strong></span> <span class='ocrx_word' id='word_1_398' title='bbox 1194 2779 1275 2838; x_wconf 92' lang='lat' dir='ltr'><strong>enim</strong></span> <span class='ocrx_word' id='word_1_399' title='bbox 1287 2779 1440 2852; x_wconf 76' lang='lat' dir='ltr'><strong>sanguinis</strong></span> <span class='ocrx_word' id='word_1_400' title='bbox 1452 2797 1538 2842; x_wconf 84' lang='lat' dir='ltr'><strong>esum</strong></span> <span class='ocrx_word' id='word_1_401' title='bbox 1548 2782 1597 2842; x_wconf 87' lang='lat' dir='ltr'><strong>bic</strong></span> <span class='ocrx_word' id='word_1_402' title='bbox 1609 2781 1747 2857; x_wconf 90' lang='lat' dir='ltr'><strong>probibet</strong></span> <span class='ocrx_word' id='word_1_403' title='bbox 1760 2787 1846 2844; x_wconf 85' lang='lat' dir='ltr'><strong>Deus.</strong></span> 
     </span>
     <span class='ocr_line' id='line_1_32' title="bbox 1058 2863 1708 2940; baseline 0.012 -22"><span class='ocrx_word' id='word_1_404' title='bbox 1058 2863 1101 2924; x_wconf 85' lang='lat' dir='ltr'><strong>ita</strong></span> <span class='ocrx_word' id='word_1_405' title='bbox 1114 2864 1259 2936; x_wconf 74' lang='lat' dir='ltr'><strong>tyranus,</strong></span> <span class='ocrx_word' id='word_1_406' title='bbox 1275 2867 1424 2938; x_wconf 88' lang='lat' dir='ltr'><strong>Testatus,</strong></span> <span class='ocrx_word' id='word_1_407' title='bbox 1437 2867 1647 2926; x_wconf 77' lang='lat' dir='ltr'><strong>carthusianus</strong></span> <span class='ocrx_word' id='word_1_408' title='bbox 1659 2868 1708 2940; x_wconf 82' lang='grc' dir='ltr'><strong>(ι).</strong></span> 
     </span>
    </p>

    <p class='ocr_par' dir='ltr' id='par_1_28' title="bbox 1095 2947 1967 3022">
     <span class='ocr_line' id='line_1_33' title="bbox 1095 2947 1967 3022; baseline 0.003 -19"><span class='ocrx_word' id='word_1_409' title='bbox 1095 2947 1227 3016; x_wconf 78' lang='lat' dir='ltr'><strong>Quaeres,</strong></span> <span class='ocrx_word' id='word_1_410' title='bbox 1241 2962 1295 3006; x_wconf 87' lang='lat' dir='ltr'><strong>cur</strong></span> <span class='ocrx_word' id='word_1_411' title='bbox 1307 2947 1383 3006; x_wconf 86' lang='lat' dir='ltr'><strong>adeo</strong></span> <span class='ocrx_word' id='word_1_412' title='bbox 1397 2965 1496 3008; x_wconf 88' lang='lat' dir='ltr'><strong>severe</strong></span> <span class='ocrx_word' id='word_1_413' title='bbox 1509 2949 1662 3022; x_wconf 84' lang='lat' dir='ltr'><strong>sanguinis</strong></span> <span class='ocrx_word' id='word_1_414' title='bbox 1676 2966 1760 3008; x_wconf 88' lang='lat' dir='ltr'><strong>esum</strong></span> <span class='ocrx_word' id='word_1_415' title='bbox 1773 2950 1848 3012; x_wconf 88' lang='lat' dir='ltr'><strong>iuhi·</strong></span> <span class='ocrx_word' id='word_1_416' title='bbox 1901 2959 1967 3008; x_wconf 76' lang='lat' dir='ltr'><strong>cart</strong></span> 
     </span>
    </p>
   </div>
   <div class='ocr_carea' id='block_1_6' title="bbox 1058 3021 1942 3128">
    <p class='ocr_par' dir='ltr' id='par_1_29' title="bbox 1058 3021 1942 3128">
     <span class='ocr_line' id='line_1_34' title="bbox 1058 3021 1942 3128; baseline -0.001 -40"><span class='ocrx_word' id='word_1_417' title='bbox 1058 3029 1155 3088; x_wconf 91' lang='lat' dir='ltr'><strong>buerit</strong></span> <span class='ocrx_word' id='word_1_418' title='bbox 1169 3031 1265 3090; x_wconf 83' lang='lat' dir='ltr'><strong>ileusi</strong></span> <span class='ocrx_word' id='word_1_419' title='bbox 1276 3031 1449 3106; x_wconf 83' lang='lat' dir='ltr'><strong>Respondeo</strong></span> <span class='ocrx_word' id='word_1_420' title='bbox 1458 3036 1561 3104; x_wconf 78' lang='lat' dir='ltr'><strong>primo,</strong></span> <span class='ocrx_word' id='word_1_421' title='bbox 1572 3035 1604 3092; x_wconf 85' lang='lat' dir='ltr'><strong>ui</strong></span> <span class='ocrx_word' id='word_1_422' title='bbox 1614 3033 1749 3094; x_wconf 86' lang='lat' dir='ltr'><strong>homines</strong></span> <span class='ocrx_word' id='word_1_423' title='bbox 1758 3051 1849 3107; x_wconf 88' lang='lat' dir='ltr'><strong>quam</strong></span> <span class='ocrx_word' id='word_1_424' title='bbox 1861 3021 1942 3128; x_wconf 50' lang='lat' dir='ltr'><strong>‘iffi</strong></span> 
     </span>
    </p>
   </div>
   <div class='ocr_carea' id='block_1_7' title="bbox 288 2905 928 3044">
    <p class='ocr_par' dir='ltr' id='par_1_30' title="bbox 288 2905 928 3044">
     <span class='ocr_line' id='line_1_35' title="bbox 289 2905 928 2972; baseline 0.005 -15"><span class='ocrx_word' id='word_1_425' title='bbox 289 2907 456 2970; x_wconf 76' lang='lat' dir='ltr'><strong>Beneuentum</strong></span> <span class='ocrx_word' id='word_1_426' title='bbox 466 2908 540 2960; x_wconf 75' lang='lat' dir='ltr'><strong>aelus</strong></span> <span class='ocrx_word' id='word_1_427' title='bbox 550 2910 602 2972; x_wconf 89' lang='lat' dir='ltr'><strong>est,</strong></span> <span class='ocrx_word' id='word_1_428' title='bbox 612 2907 734 2959; x_wconf 81' lang='lat' dir='ltr'><strong>inviscare</strong></span> <span class='ocrx_word' id='word_1_429' title='bbox 748 2905 836 2959; x_wconf 72' lang='lat' dir='ltr'><strong>decere</strong></span> <span class='ocrx_word' id='word_1_430' title='bbox 845 2908 928 2972; x_wconf 85' lang='lat' dir='ltr'><strong>eondt,</strong></span> 
     </span>
     <span class='ocr_line' id='line_1_36' title="bbox 288 2976 894 3044; baseline 0.007 -14"><span class='ocrx_word' id='word_1_431' title='bbox 288 2977 432 3044; x_wconf 73' lang='lat' dir='ltr'><strong>Alteriusque</strong></span> <span class='ocrx_word' id='word_1_432' title='bbox 443 2978 581 3030; x_wconf 75' lang='lat' dir='ltr'><strong>minantm</strong></span> <span class='ocrx_word' id='word_1_433' title='bbox 594 2977 718 3030; x_wconf 72' lang='lat' dir='ltr'><strong>ariarate</strong></span> <span class='ocrx_word' id='word_1_434' title='bbox 729 2977 808 3030; x_wconf 89' lang='lat' dir='ltr'><strong>vivere</strong></span> <span class='ocrx_word' id='word_1_435' title='bbox 819 2976 894 3034; x_wconf 76' lang='lat' dir='ltr'><strong>tenet</strong></span> 
     </span>
    </p>
   </div>
   <div class='ocr_carea' id='block_1_8' title="bbox 107 3111 1968 5099">
    <p class='ocr_par' dir='ltr' id='par_1_31' title="bbox 107 3111 1968 5099">
     <span class='ocr_line' id='line_1_37' title="bbox 226 3111 1849 3194; baseline -0.001 -17"><span class='ocrx_word' id='word_1_436' title='bbox 226 3119 272 3177; x_wconf 91' lang='lat' dir='ltr'><strong>Sio</strong></span> <span class='ocrx_word' id='word_1_437' title='bbox 284 3122 313 3178; x_wconf 89' lang='lat' dir='ltr'><strong>et</strong></span> <span class='ocrx_word' id='word_1_438' title='bbox 325 3118 508 3194; x_wconf 76' lang='lat' dir='ltr'><strong>Pythagorei</strong></span> <span class='ocrx_word' id='word_1_439' title='bbox 529 3122 559 3179; x_wconf 89' lang='lat' dir='ltr'><strong>et</strong></span> <span class='ocrx_word' id='word_1_440' title='bbox 579 3118 727 3178; x_wconf 76' lang='lat' dir='ltr'><strong>lianiebesi</strong></span> <span class='ocrx_word' id='word_1_441' title='bbox 744 3120 921 3176; x_wconf 89' lang='lat' dir='ltr'><strong>censuerunt</strong></span> <span class='ocrx_word' id='word_1_442' title='bbox 934 3118 1017 3176; x_wconf 86' lang='lat' dir='ltr'><strong>naias</strong></span> <span class='ocrx_word' id='word_1_443' title='bbox 1057 3111 1227 3186; x_wconf 89' lang='lat' dir='ltr'><strong>longissime</strong></span> <span class='ocrx_word' id='word_1_444' title='bbox 1236 3112 1408 3172; x_wconf 88' lang='lat' dir='ltr'><strong>absterreret</strong></span> <span class='ocrx_word' id='word_1_445' title='bbox 1421 3113 1460 3172; x_wconf 89' lang='lat' dir='ltr'><strong>ab</strong></span> <span class='ocrx_word' id='word_1_446' title='bbox 1474 3113 1617 3174; x_wconf 81' lang='lat' dir='ltr'><strong>effusione</strong></span> <span class='ocrx_word' id='word_1_447' title='bbox 1629 3116 1780 3188; x_wconf 86' lang='lat' dir='ltr'><strong>sanguinis</strong></span> <span class='ocrx_word' id='word_1_448' title='bbox 1794 3119 1849 3176; x_wconf 92' lang='lat' dir='ltr'><strong>hu-</strong></span> 
     </span>
     <span class='ocr_line' id='line_1_38' title="bbox 227 3197 1854 3279; baseline -0.001 -19"><span class='ocrx_word' id='word_1_449' title='bbox 227 3219 289 3260; x_wconf 91' lang='lat' dir='ltr'><strong>esse</strong></span> <span class='ocrx_word' id='word_1_450' title='bbox 302 3203 412 3261; x_wconf 91' lang='lat' dir='ltr'><strong>animal</strong></span> <span class='ocrx_word' id='word_1_451' title='bbox 431 3203 579 3276; x_wconf 90' lang='lat' dir='ltr'><strong>occidere,</strong></span> <span class='ocrx_word' id='word_1_452' title='bbox 604 3219 699 3278; x_wconf 86' lang='lat' dir='ltr'><strong>eoque</strong></span> <span class='ocrx_word' id='word_1_453' title='bbox 710 3200 808 3271; x_wconf 82' lang='lat' dir='ltr'><strong>vesci3</strong></span> <span class='ocrx_word' id='word_1_454' title='bbox 823 3202 898 3274; x_wconf 90' lang='lat' dir='ltr'><strong>quin</strong></span> <span class='ocrx_word' id='word_1_455' title='bbox 911 3203 940 3260; x_wconf 88' lang='lat' dir='ltr'><strong>et</strong></span> <span class='ocrx_word' id='word_1_456' title='bbox 952 3204 1019 3262; x_wconf 90' lang='lat' dir='ltr'><strong>Ter-</strong></span> <span class='ocrx_word' id='word_1_457' title='bbox 1059 3197 1158 3254; x_wconf 78' lang='lat' dir='ltr'><strong>mani:</strong></span> <span class='ocrx_word' id='word_1_458' title='bbox 1170 3197 1210 3254; x_wconf 73' lang='lat' dir='ltr'><strong>itu</strong></span> <span class='ocrx_word' id='word_1_459' title='bbox 1218 3197 1246 3257; x_wconf 83' lang='lat' dir='ltr'><strong>S·</strong></span> <span class='ocrx_word' id='word_1_460' title='bbox 1256 3198 1481 3270; x_wconf 83' lang='lat' dir='ltr'><strong>Chrysostotnus</strong></span> <span class='ocrx_word' id='word_1_461' title='bbox 1490 3201 1519 3256; x_wconf 84' lang='lat' dir='ltr'><strong>et</strong></span> <span class='ocrx_word' id='word_1_462' title='bbox 1529 3201 1674 3279; x_wconf 77' lang='lat' dir='ltr'><strong>hupertus</strong></span> <span class='ocrx_word' id='word_1_463' title='bbox 1679 3219 1688 3270; x_wconf 83' lang='lat' dir='ltr'><strong>i</strong></span> <span class='ocrx_word' id='word_1_464' title='bbox 1697 3217 1767 3260; x_wconf 86' lang='lat' dir='ltr'><strong>nam</strong></span> <span class='ocrx_word' id='word_1_465' title='bbox 1777 3203 1854 3259; x_wconf 52' lang='lat' dir='ltr'><strong>cena</strong></span> 
     </span>
     <span class='ocr_line' id='line_1_39' title="bbox 227 3276 1849 3358; baseline 0 -16"><span class='ocrx_word' id='word_1_466' title='bbox 227 3287 369 3344; x_wconf 88' lang='lat' dir='ltr'><strong>tullianus</strong></span> <span class='ocrx_word' id='word_1_467' title='bbox 382 3286 447 3358; x_wconf 76' lang='lat' dir='ltr'><strong>iem</strong></span> <span class='ocrx_word' id='word_1_468' title='bbox 465 3287 654 3355; x_wconf 88' lang='lat' dir='ltr'><strong>licatanista,</strong></span> <span class='ocrx_word' id='word_1_469' title='bbox 668 3285 721 3342; x_wconf 93' lang='lat' dir='ltr'><strong>lib.</strong></span> <span class='ocrx_word' id='word_1_470' title='bbox 737 3287 776 3342; x_wconf 88' lang='lat' dir='ltr'><strong>ile</strong></span> <span class='ocrx_word' id='word_1_471' title='bbox 794 3285 910 3356; x_wconf 75' lang='lat' dir='ltr'><strong>iejuniis</strong></span> <span class='ocrx_word' id='word_1_472' title='bbox 922 3291 1017 3346; x_wconf 82' lang='lat' dir='ltr'><strong>contro</strong></span> <span class='ocrx_word' id='word_1_473' title='bbox 1057 3276 1124 3336; x_wconf 87' lang='lat' dir='ltr'><strong>tiles</strong></span> <span class='ocrx_word' id='word_1_474' title='bbox 1137 3295 1199 3338; x_wconf 91' lang='lat' dir='ltr'><strong>non</strong></span> <span class='ocrx_word' id='word_1_475' title='bbox 1208 3284 1322 3340; x_wconf 89' lang='lat' dir='ltr'><strong>tentum</strong></span> <span class='ocrx_word' id='word_1_476' title='bbox 1336 3282 1375 3340; x_wconf 86' lang='lat' dir='ltr'><strong>ad</strong></span> <span class='ocrx_word' id='word_1_477' title='bbox 1388 3281 1732 3354; x_wconf 71' lang='lat' dir='ltr'><strong>effusionemsedetiam</strong></span> <span class='ocrx_word' id='word_1_478' title='bbox 1745 3285 1784 3342; x_wconf 90' lang='lat' dir='ltr'><strong>ad</strong></span> <span class='ocrx_word' id='word_1_479' title='bbox 1794 3300 1849 3356; x_wconf 93' lang='lat' dir='ltr'><strong>po·</strong></span> 
     </span>
     <span class='ocr_line' id='line_1_40' title="bbox 227 3362 1851 3444; baseline 0.006 -27"><span class='ocrx_word' id='word_1_480' title='bbox 227 3369 381 3442; x_wconf 57' lang='lat' dir='ltr'><strong>Psygmos,</strong></span> <span class='ocrx_word' id='word_1_481' title='bbox 394 3385 460 3444; x_wconf 65' lang='lat' dir='ltr'><strong>epp,</strong></span> <span class='ocrx_word' id='word_1_482' title='bbox 472 3385 516 3440; x_wconf 71' lang='lat' dir='ltr'><strong>w,</strong></span> <span class='ocrx_word' id='word_1_483' title='bbox 530 3385 613 3426; x_wconf 83' lang='lat' dir='ltr'><strong>esum</strong></span> <span class='ocrx_word' id='word_1_484' title='bbox 624 3369 758 3426; x_wconf 82' lang='lat' dir='ltr'><strong>carnium</strong></span> <span class='ocrx_word' id='word_1_485' title='bbox 768 3367 1018 3424; x_wconf 79' lang='lat' dir='ltr'><strong>humanaeincon-</strong></span> <span class='ocrx_word' id='word_1_486' title='bbox 1058 3362 1200 3418; x_wconf 70' lang='lat' dir='ltr'><strong>tationem</strong></span> <span class='ocrx_word' id='word_1_487' title='bbox 1221 3363 1374 3434; x_wconf 76' lang='lat' dir='ltr'><strong>sanguinis</strong></span> <span class='ocrx_word' id='word_1_488' title='bbox 1393 3364 1517 3424; x_wconf 68' lang='lat' dir='ltr'><strong>humani</strong></span> <span class='ocrx_word' id='word_1_489' title='bbox 1534 3366 1697 3440; x_wconf 77' lang='lat' dir='ltr'><strong>proluisse,</strong></span> <span class='ocrx_word' id='word_1_490' title='bbox 1713 3367 1793 3426; x_wconf 75' lang='lat' dir='ltr'><strong>iestis</strong></span> <span class='ocrx_word' id='word_1_491' title='bbox 1805 3371 1851 3427; x_wconf 66' lang='lat' dir='ltr'><strong>esi</strong></span> 
     </span>
     <span class='ocr_line' id='line_1_41' title="bbox 227 3444 1850 3522; baseline 0.001 -12"><span class='ocrx_word' id='word_1_492' title='bbox 227 3453 355 3510; x_wconf 78' lang='lat' dir='ltr'><strong>urentia</strong></span> <span class='ocrx_word' id='word_1_493' title='bbox 369 3453 518 3511; x_wconf 90' lang='lat' dir='ltr'><strong>indultum</strong></span> <span class='ocrx_word' id='word_1_494' title='bbox 531 3454 686 3510; x_wconf 86' lang='lat' dir='ltr'><strong>asseverat.</strong></span> <span class='ocrx_word' id='word_1_495' title='bbox 1057 3444 1252 3502; x_wconf 86' lang='lat' dir='ltr'><strong>Tertullianus</strong></span> <span class='ocrx_word' id='word_1_496' title='bbox 1264 3445 1297 3501; x_wconf 91' lang='lat' dir='ltr'><strong>in</strong></span> <span class='ocrx_word' id='word_1_497' title='bbox 1309 3446 1391 3520; x_wconf 77' lang='lat' dir='ltr'><strong>Apol.</strong></span> <span class='ocrx_word' id='word_1_498' title='bbox 1407 3463 1473 3522; x_wconf 92' lang='lat' dir='ltr'><strong>cap.</strong></span> <span class='ocrx_word' id='word_1_499' title='bbox 1493 3463 1532 3506; x_wconf 79' lang='lat' dir='ltr'><strong>rx.</strong></span> <span class='ocrx_word' id='word_1_500' title='bbox 1553 3449 1631 3506; x_wconf 84' lang='lat' dir='ltr'><strong>lianc</strong></span> <span class='ocrx_word' id='word_1_501' title='bbox 1641 3447 1785 3508; x_wconf 86' lang='lat' dir='ltr'><strong>rationem</strong></span> <span class='ocrx_word' id='word_1_502' title='bbox 1799 3449 1850 3512; x_wconf 85' lang='lat' dir='ltr'><strong>dat</strong></span> 
     </span>
     <span class='ocr_line' id='line_1_42' title="bbox 109 3526 1850 3606; baseline -0.001 -12"><span class='ocrx_word' id='word_1_503' title='bbox 109 3551 214 3603; x_wconf 60' lang='lat' dir='ltr'><strong>manaa.</strong></span> <span class='ocrx_word' id='word_1_504' title='bbox 261 3535 402 3602; x_wconf 76' lang='lat' dir='ltr'><strong>Secundo,</strong></span> <span class='ocrx_word' id='word_1_505' title='bbox 416 3537 568 3606; x_wconf 78' lang='lat' dir='ltr'><strong>cajetanus</strong></span> <span class='ocrx_word' id='word_1_506' title='bbox 580 3534 648 3603; x_wconf 90' lang='lat' dir='ltr'><strong>hic,</strong></span> <span class='ocrx_word' id='word_1_507' title='bbox 660 3539 700 3592; x_wconf 84' lang='grc' dir='ltr'><strong>,ει</strong></span> <span class='ocrx_word' id='word_1_508' title='bbox 712 3533 850 3603; x_wconf 91' lang='lat' dir='ltr'><strong>Victoria,</strong></span> <span class='ocrx_word' id='word_1_509' title='bbox 863 3532 963 3590; x_wconf 90' lang='lat' dir='ltr'><strong>relect.</strong></span> <span class='ocrx_word' id='word_1_510' title='bbox 977 3535 1018 3591; x_wconf 86' lang='lat' dir='ltr'><strong>ile</strong></span> <span class='ocrx_word' id='word_1_511' title='bbox 1058 3526 1122 3601; x_wconf 91' lang='lat' dir='ltr'><strong>ipse</strong></span> <span class='ocrx_word' id='word_1_512' title='bbox 1135 3529 1221 3597; x_wconf 84' lang='lat' dir='ltr'><strong>licus,</strong></span> <span class='ocrx_word' id='word_1_513' title='bbox 1232 3544 1308 3588; x_wconf 83' lang='lat' dir='ltr'><strong>vers.</strong></span> <span class='ocrx_word' id='word_1_514' title='bbox 1319 3546 1382 3602; x_wconf 86' lang='lat' dir='ltr'><strong>seq.</strong></span> <span class='ocrx_word' id='word_1_515' title='bbox 1394 3531 1442 3588; x_wconf 82' lang='lat' dir='ltr'><strong>est</strong></span> <span class='ocrx_word' id='word_1_516' title='bbox 1455 3531 1535 3590; x_wconf 88' lang='lat' dir='ltr'><strong>enim</strong></span> <span class='ocrx_word' id='word_1_517' title='bbox 1547 3529 1667 3600; x_wconf 87' lang='lat' dir='ltr'><strong>sanguis</strong></span> <span class='ocrx_word' id='word_1_518' title='bbox 1679 3531 1850 3592; x_wconf 84' lang='lat' dir='ltr'><strong>vehiculum</strong></span> 
     </span>
     <span class='ocr_line' id='line_1_43' title="bbox 230 3609 1851 3688; baseline 0.002 -16"><span class='ocrx_word' id='word_1_519' title='bbox 230 3619 432 3688; x_wconf 83' lang='lat' dir='ltr'><strong>Temperantia,</strong></span> <span class='ocrx_word' id='word_1_520' title='bbox 447 3623 475 3673; x_wconf 91' lang='lat' dir='ltr'><strong>et</strong></span> <span class='ocrx_word' id='word_1_521' title='bbox 497 3615 665 3672; x_wconf 84' lang='lat' dir='ltr'><strong>Dominicus</strong></span> <span class='ocrx_word' id='word_1_522' title='bbox 688 3617 776 3684; x_wconf 90' lang='lat' dir='ltr'><strong>Soio,</strong></span> <span class='ocrx_word' id='word_1_523' title='bbox 791 3615 844 3670; x_wconf 93' lang='lat' dir='ltr'><strong>lib.</strong></span> <span class='ocrx_word' id='word_1_524' title='bbox 860 3617 934 3670; x_wconf 84' lang='lat' dir='ltr'><strong>Vile</strong></span> <span class='ocrx_word' id='word_1_525' title='bbox 953 3618 1017 3671; x_wconf 83' lang='lat' dir='ltr'><strong>Jcs·</strong></span> <span class='ocrx_word' id='word_1_526' title='bbox 1059 3611 1166 3668; x_wconf 80' lang='lat' dir='ltr'><strong>animae</strong></span> <span class='ocrx_word' id='word_1_527' title='bbox 1178 3617 1207 3666; x_wconf 90' lang='lat' dir='ltr'><strong>et</strong></span> <span class='ocrx_word' id='word_1_528' title='bbox 1219 3609 1297 3681; x_wconf 77' lang='lat' dir='ltr'><strong>vitae,</strong></span> <span class='ocrx_word' id='word_1_529' title='bbox 1312 3611 1528 3688; x_wconf 83' lang='lat' dir='ltr'><strong>spirituumque</strong></span> <span class='ocrx_word' id='word_1_530' title='bbox 1539 3613 1691 3686; x_wconf 64' lang='lat' dir='ltr'><strong>vitalium</strong></span> <span class='ocrx_word' id='word_1_531' title='bbox 1705 3615 1774 3672; x_wconf 90' lang='lat' dir='ltr'><strong>hinc</strong></span> <span class='ocrx_word' id='word_1_532' title='bbox 1788 3615 1851 3674; x_wconf 85' lang='lat' dir='ltr'><strong>ani-</strong></span> 
     </span>
     <span class='ocr_line' id='line_1_44' title="bbox 227 3693 1851 3774; baseline 0.001 -18"><span class='ocrx_word' id='word_1_533' title='bbox 227 3701 304 3764; x_wconf 77' lang='grc' dir='ltr'><strong>ιιιια,</strong></span> <span class='ocrx_word' id='word_1_534' title='bbox 318 3701 425 3768; x_wconf 76' lang='lat' dir='ltr'><strong>Quasi.</strong></span> <span class='ocrx_word' id='word_1_535' title='bbox 440 3701 462 3767; x_wconf 94' lang='lat' dir='ltr'><strong>i,</strong></span> <span class='ocrx_word' id='word_1_536' title='bbox 473 3702 526 3754; x_wconf 91' lang='lat' dir='ltr'><strong>art.</strong></span> <span class='ocrx_word' id='word_1_537' title='bbox 542 3700 569 3766; x_wconf 90' lang='lat' dir='ltr'><strong>i,</strong></span> <span class='ocrx_word' id='word_1_538' title='bbox 583 3700 688 3770; x_wconf 89' lang='lat' dir='ltr'><strong>putant</strong></span> <span class='ocrx_word' id='word_1_539' title='bbox 701 3701 772 3752; x_wconf 90' lang='lat' dir='ltr'><strong>tunc</strong></span> <span class='ocrx_word' id='word_1_540' title='bbox 785 3711 869 3752; x_wconf 91' lang='lat' dir='ltr'><strong>esum</strong></span> <span class='ocrx_word' id='word_1_541' title='bbox 883 3697 1018 3752; x_wconf 90' lang='lat' dir='ltr'><strong>carnium</strong></span> <span class='ocrx_word' id='word_1_542' title='bbox 1059 3708 1124 3764; x_wconf 90' lang='lat' dir='ltr'><strong>ma,</strong></span> <span class='ocrx_word' id='word_1_543' title='bbox 1137 3694 1170 3750; x_wconf 92' lang='lat' dir='ltr'><strong>id</strong></span> <span class='ocrx_word' id='word_1_544' title='bbox 1182 3696 1225 3750; x_wconf 93' lang='lat' dir='ltr'><strong>est</strong></span> <span class='ocrx_word' id='word_1_545' title='bbox 1234 3693 1309 3762; x_wconf 86' lang='lat' dir='ltr'><strong>vite,</strong></span> <span class='ocrx_word' id='word_1_546' title='bbox 1321 3693 1428 3752; x_wconf 83' lang='lat' dir='ltr'><strong>dieitur</strong></span> <span class='ocrx_word' id='word_1_547' title='bbox 1440 3711 1504 3754; x_wconf 86' lang='lat' dir='ltr'><strong>esse</strong></span> <span class='ocrx_word' id='word_1_548' title='bbox 1516 3695 1549 3754; x_wconf 90' lang='lat' dir='ltr'><strong>in</strong></span> <span class='ocrx_word' id='word_1_549' title='bbox 1559 3696 1717 3768; x_wconf 82' lang='lat' dir='ltr'><strong>sanguino,</strong></span> <span class='ocrx_word' id='word_1_550' title='bbox 1729 3700 1761 3754; x_wconf 91' lang='lat' dir='ltr'><strong>nt</strong></span> <span class='ocrx_word' id='word_1_551' title='bbox 1771 3699 1851 3774; x_wconf 83' lang='lat' dir='ltr'><strong>patei</strong></span> 
     </span>
     <span class='ocr_line' id='line_1_45' title="bbox 228 3775 1968 3853; baseline -0.003 -15"><span class='ocrx_word' id='word_1_552' title='bbox 228 3786 256 3839; x_wconf 90' lang='lat' dir='ltr'><strong>et</strong></span> <span class='ocrx_word' id='word_1_553' title='bbox 268 3782 382 3840; x_wconf 88' lang='lat' dir='ltr'><strong>licitum</strong></span> <span class='ocrx_word' id='word_1_554' title='bbox 394 3786 423 3838; x_wconf 87' lang='lat' dir='ltr'><strong>et</strong></span> <span class='ocrx_word' id='word_1_555' title='bbox 436 3781 576 3836; x_wconf 88' lang='lat' dir='ltr'><strong>usitatum</strong></span> <span class='ocrx_word' id='word_1_556' title='bbox 593 3779 683 3836; x_wconf 90' lang='lat' dir='ltr'><strong>inisse</strong></span> <span class='ocrx_word' id='word_1_557' title='bbox 698 3797 706 3833; x_wconf 93' lang='lat'><strong>:</strong></span> <span class='ocrx_word' id='word_1_558' title='bbox 719 3783 826 3852; x_wconf 83' lang='lat' dir='ltr'><strong>primo,</strong></span> <span class='ocrx_word' id='word_1_559' title='bbox 837 3777 908 3852; x_wconf 89' lang='lat' dir='ltr'><strong>quia</strong></span> <span class='ocrx_word' id='word_1_560' title='bbox 920 3779 1017 3835; x_wconf 89' lang='lat' dir='ltr'><strong>carnis</strong></span> <span class='ocrx_word' id='word_1_561' title='bbox 1058 3776 1108 3833; x_wconf 91' lang='lat' dir='ltr'><strong>hic</strong></span> <span class='ocrx_word' id='word_1_562' title='bbox 1127 3777 1159 3834; x_wconf 91' lang='lat' dir='ltr'><strong>in</strong></span> <span class='ocrx_word' id='word_1_563' title='bbox 1180 3775 1301 3836; x_wconf 85' lang='lat' dir='ltr'><strong>liebraeo</strong></span> <span class='ocrx_word' id='word_1_564' title='bbox 1308 3817 1319 3848; x_wconf 94' lang='lat'><strong>,</strong></span> <span class='ocrx_word' id='word_1_565' title='bbox 1340 3782 1369 3834; x_wconf 89' lang='lat' dir='ltr'><strong>et</strong></span> <span class='ocrx_word' id='word_1_566' title='bbox 1381 3779 1469 3838; x_wconf 77' lang='lat' dir='ltr'><strong>havit.</strong></span> <span class='ocrx_word' id='word_1_567' title='bbox 1483 3794 1557 3849; x_wconf 79' lang='lat' dir='ltr'><strong>xvir,</strong></span> <span class='ocrx_word' id='word_1_568' title='bbox 1570 3781 1614 3836; x_wconf 89' lang='grc' dir='ltr'><strong>ιι.</strong></span> <span class='ocrx_word' id='word_1_569' title='bbox 1629 3779 1765 3847; x_wconf 81' lang='lat' dir='ltr'><strong>Secundo,</strong></span> <span class='ocrx_word' id='word_1_570' title='bbox 1779 3781 1852 3853; x_wconf 87' lang='lat' dir='ltr'><strong>quia</strong></span> <span class='ocrx_word' id='word_1_571' title='bbox 1864 3787 1968 3833; x_wconf 72' lang='grc' dir='ltr'><strong>εωωιιε.</strong></span> 
     </span>
     <span class='ocr_line' id='line_1_46' title="bbox 228 3858 1852 3938; baseline 0 -16"><span class='ocrx_word' id='word_1_572' title='bbox 228 3881 311 3922; x_wconf 89' lang='lat' dir='ltr'><strong>esum</strong></span> <span class='ocrx_word' id='word_1_573' title='bbox 324 3879 473 3938; x_wconf 90' lang='lat' dir='ltr'><strong>nusquam</strong></span> <span class='ocrx_word' id='word_1_574' title='bbox 485 3863 574 3920; x_wconf 86' lang='lat' dir='ltr'><strong>vetuit</strong></span> <span class='ocrx_word' id='word_1_575' title='bbox 587 3866 677 3932; x_wconf 84' lang='lat' dir='ltr'><strong>Deus,</strong></span> <span class='ocrx_word' id='word_1_576' title='bbox 692 3865 720 3918; x_wconf 89' lang='lat' dir='ltr'><strong>et</strong></span> <span class='ocrx_word' id='word_1_577' title='bbox 731 3879 800 3918; x_wconf 92' lang='lat' dir='ltr'><strong>caro</strong></span> <span class='ocrx_word' id='word_1_578' title='bbox 811 3861 895 3918; x_wconf 92' lang='lat' dir='ltr'><strong>cibus</strong></span> <span class='ocrx_word' id='word_1_579' title='bbox 909 3865 952 3918; x_wconf 89' lang='lat' dir='ltr'><strong>est</strong></span> <span class='ocrx_word' id='word_1_580' title='bbox 964 3861 1018 3918; x_wconf 93' lang='lat' dir='ltr'><strong>ho·</strong></span> <span class='ocrx_word' id='word_1_581' title='bbox 1058 3858 1154 3918; x_wconf 87' lang='lat' dir='ltr'><strong>voluit</strong></span> <span class='ocrx_word' id='word_1_582' title='bbox 1175 3863 1251 3918; x_wconf 86' lang='lat' dir='ltr'><strong>ileos</strong></span> <span class='ocrx_word' id='word_1_583' title='bbox 1269 3861 1460 3934; x_wconf 85' lang='lat' dir='ltr'><strong>sanguinem,</strong></span> <span class='ocrx_word' id='word_1_584' title='bbox 1484 3862 1537 3936; x_wconf 81' lang='lat' dir='ltr'><strong>qui</strong></span> <span class='ocrx_word' id='word_1_585' title='bbox 1559 3865 1604 3920; x_wconf 90' lang='lat' dir='ltr'><strong>est</strong></span> <span class='ocrx_word' id='word_1_586' title='bbox 1617 3863 1703 3938; x_wconf 85' lang='lat' dir='ltr'><strong>quasi</strong></span> <span class='ocrx_word' id='word_1_587' title='bbox 1716 3863 1776 3923; x_wconf 86' lang='lat' dir='ltr'><strong>vita</strong></span> <span class='ocrx_word' id='word_1_588' title='bbox 1788 3864 1852 3924; x_wconf 86' lang='lat' dir='ltr'><strong>ani·</strong></span> 
     </span>
     <span class='ocr_line' id='line_1_47' title="bbox 228 3942 1851 4019; baseline 0.002 -14"><span class='ocrx_word' id='word_1_589' title='bbox 228 3948 300 4005; x_wconf 91' lang='lat' dir='ltr'><strong>mini</strong></span> <span class='ocrx_word' id='word_1_590' title='bbox 313 3945 605 4004; x_wconf 88' lang='lat' dir='ltr'><strong>convenientissimus</strong></span> <span class='ocrx_word' id='word_1_591' title='bbox 612 3963 622 4017; x_wconf 89' lang='lat'>;</span> <span class='ocrx_word' id='word_1_592' title='bbox 632 3946 756 4012; x_wconf 83' lang='lat' dir='ltr'><strong>secando,</strong></span> <span class='ocrx_word' id='word_1_593' title='bbox 767 3945 840 4017; x_wconf 87' lang='lat' dir='ltr'><strong>qnia</strong></span> <span class='ocrx_word' id='word_1_594' title='bbox 852 3948 922 4000; x_wconf 92' lang='lat' dir='ltr'><strong>tune</strong></span> <span class='ocrx_word' id='word_1_595' title='bbox 935 3947 1017 4002; x_wconf 88' lang='lat' dir='ltr'><strong>erant</strong></span> <span class='ocrx_word' id='word_1_596' title='bbox 1058 3943 1162 4016; x_wconf 89' lang='lat' dir='ltr'><strong>maiis,</strong></span> <span class='ocrx_word' id='word_1_597' title='bbox 1181 3942 1238 4001; x_wconf 89' lang='lat' dir='ltr'><strong>sibi</strong></span> <span class='ocrx_word' id='word_1_598' title='bbox 1262 3944 1319 4003; x_wconf 91' lang='lat' dir='ltr'><strong>soii</strong></span> <span class='ocrx_word' id='word_1_599' title='bbox 1339 3945 1426 4019; x_wconf 88' lang='lat' dir='ltr'><strong>quasi</strong></span> <span class='ocrx_word' id='word_1_600' title='bbox 1438 3943 1552 4004; x_wconf 87' lang='lat' dir='ltr'><strong>auctori</strong></span> <span class='ocrx_word' id='word_1_601' title='bbox 1565 3945 1633 4004; x_wconf 83' lang='lat' dir='ltr'><strong>ritae</strong></span> <span class='ocrx_word' id='word_1_602' title='bbox 1647 3945 1746 4006; x_wconf 83' lang='lat' dir='ltr'><strong>offerri</strong></span> <span class='ocrx_word' id='word_1_603' title='bbox 1760 3946 1792 4004; x_wconf 90' lang='lat' dir='ltr'><strong>in</strong></span> <span class='ocrx_word' id='word_1_604' title='bbox 1805 3963 1851 4009; x_wconf 81' lang='lat' dir='ltr'><strong>so-</strong></span> 
     </span>
     <span class='ocr_line' id='line_1_48' title="bbox 228 4026 1848 4104; baseline 0 -16"><span class='ocrx_word' id='word_1_605' title='bbox 228 4047 330 4102; x_wconf 88' lang='lat' dir='ltr'><strong>greges</strong></span> <span class='ocrx_word' id='word_1_606' title='bbox 350 4030 469 4100; x_wconf 91' lang='lat' dir='ltr'><strong>ovium,</strong></span> <span class='ocrx_word' id='word_1_607' title='bbox 484 4045 613 4102; x_wconf 89' lang='lat' dir='ltr'><strong>querum</strong></span> <span class='ocrx_word' id='word_1_608' title='bbox 626 4032 728 4102; x_wconf 90' lang='lat' dir='ltr'><strong>pastor</strong></span> <span class='ocrx_word' id='word_1_609' title='bbox 740 4033 802 4084; x_wconf 88' lang='lat' dir='ltr'><strong>erat</strong></span> <span class='ocrx_word' id='word_1_610' title='bbox 815 4026 897 4084; x_wconf 77' lang='lat' dir='ltr'><strong>Abel.</strong></span> <span class='ocrx_word' id='word_1_611' title='bbox 913 4027 1015 4084; x_wconf 83' lang='lat' dir='ltr'><strong>ilices:</strong></span> <span class='ocrx_word' id='word_1_612' title='bbox 1059 4027 1193 4098; x_wconf 86' lang='lat' dir='ltr'><strong>orificiis,</strong></span> <span class='ocrx_word' id='word_1_613' title='bbox 1206 4043 1263 4101; x_wconf 86' lang='lat' dir='ltr'><strong>pro</strong></span> <span class='ocrx_word' id='word_1_614' title='bbox 1276 4028 1338 4086; x_wconf 88' lang='lat' dir='ltr'><strong>vita</strong></span> <span class='ocrx_word' id='word_1_615' title='bbox 1349 4029 1525 4104; x_wconf 88' lang='lat' dir='ltr'><strong>peccatoris,</strong></span> <span class='ocrx_word' id='word_1_616' title='bbox 1539 4032 1573 4086; x_wconf 90' lang='lat' dir='ltr'><strong>ut</strong></span> <span class='ocrx_word' id='word_1_617' title='bbox 1585 4032 1664 4101; x_wconf 88' lang='lat' dir='ltr'><strong>patet</strong></span> <span class='ocrx_word' id='word_1_618' title='bbox 1678 4031 1764 4090; x_wconf 77' lang='lat' dir='ltr'><strong>berit.</strong></span> <span class='ocrx_word' id='word_1_619' title='bbox 1779 4045 1848 4102; x_wconf 83' lang='lat' dir='ltr'><strong>xvn,</strong></span> 
     </span>
     <span class='ocr_line' id='line_1_49' title="bbox 227 4111 1949 4184; baseline -0.002 -15"><span class='ocrx_word' id='word_1_620' title='bbox 227 4113 365 4170; x_wconf 86' lang='lat' dir='ltr'><strong>Pescebat</strong></span> <span class='ocrx_word' id='word_1_621' title='bbox 376 4112 449 4170; x_wconf 84' lang='lat' dir='ltr'><strong>Abel</strong></span> <span class='ocrx_word' id='word_1_622' title='bbox 460 4128 562 4183; x_wconf 81' lang='lat' dir='ltr'><strong>greges</strong></span> <span class='ocrx_word' id='word_1_623' title='bbox 573 4112 612 4168; x_wconf 87' lang='lat' dir='ltr'><strong>ed</strong></span> <span class='ocrx_word' id='word_1_624' title='bbox 622 4112 722 4168; x_wconf 89' lang='lat' dir='ltr'><strong>lanam</strong></span> <span class='ocrx_word' id='word_1_625' title='bbox 731 4116 759 4169; x_wconf 92' lang='lat' dir='ltr'><strong>et</strong></span> <span class='ocrx_word' id='word_1_626' title='bbox 769 4112 830 4183; x_wconf 85' lang='lat' dir='ltr'><strong>lae,</strong></span> <span class='ocrx_word' id='word_1_627' title='bbox 841 4125 904 4168; x_wconf 90' lang='lat' dir='ltr'><strong>non</strong></span> <span class='ocrx_word' id='word_1_628' title='bbox 918 4114 1017 4168; x_wconf 88' lang='lat' dir='ltr'><strong>autem</strong></span> <span class='ocrx_word' id='word_1_629' title='bbox 1059 4113 1104 4167; x_wconf 88' lang='lat' dir='ltr'><strong>ii.</strong></span> <span class='ocrx_word' id='word_1_630' title='bbox 1119 4111 1160 4169; x_wconf 87' lang='lat' dir='ltr'><strong>lie</strong></span> <span class='ocrx_word' id='word_1_631' title='bbox 1171 4111 1199 4168; x_wconf 88' lang='lat' dir='ltr'><strong>S.</strong></span> <span class='ocrx_word' id='word_1_632' title='bbox 1214 4111 1443 4184; x_wconf 82' lang='lat' dir='ltr'><strong>Chrysostomus</strong></span> <span class='ocrx_word' id='word_1_633' title='bbox 1455 4115 1484 4168; x_wconf 90' lang='lat' dir='ltr'><strong>et</strong></span> <span class='ocrx_word' id='word_1_634' title='bbox 1497 4113 1529 4169; x_wconf 85' lang='grc' dir='ltr'><strong>ι).</strong></span> <span class='ocrx_word' id='word_1_635' title='bbox 1544 4111 1680 4170; x_wconf 85' lang='lat' dir='ltr'><strong>Thomas.</strong></span> <span class='ocrx_word' id='word_1_636' title='bbox 1696 4111 1784 4172; x_wconf 76' lang='lat' dir='ltr'><strong>edun</strong></span> <span class='ocrx_word' id='word_1_637' title='bbox 1794 4117 1849 4172; x_wconf 87' lang='lat' dir='ltr'><strong>ter-</strong></span> <span class='ocrx_word' id='word_1_638' title='bbox 1863 4121 1949 4167; x_wconf 76' lang='lat' dir='ltr'><strong>rann.</strong></span> 
     </span>
     <span class='ocr_line' id='line_1_50' title="bbox 228 4193 1850 4268; baseline 0.001 -13"><span class='ocrx_word' id='word_1_639' title='bbox 228 4199 267 4256; x_wconf 88' lang='lat' dir='ltr'><strong>ad</strong></span> <span class='ocrx_word' id='word_1_640' title='bbox 280 4214 375 4255; x_wconf 88' lang='lat' dir='ltr'><strong>esum.</strong></span> <span class='ocrx_word' id='word_1_641' title='bbox 389 4198 509 4268; x_wconf 90' lang='lat' dir='ltr'><strong>contra,</strong></span> <span class='ocrx_word' id='word_1_642' title='bbox 522 4213 593 4266; x_wconf 85' lang='lat' dir='ltr'><strong>ergo</strong></span> <span class='ocrx_word' id='word_1_643' title='bbox 606 4196 689 4254; x_wconf 86' lang='lat' dir='ltr'><strong>nulia</strong></span> <span class='ocrx_word' id='word_1_644' title='bbox 701 4196 756 4254; x_wconf 84' lang='lat' dir='ltr'><strong>fuit</strong></span> <span class='ocrx_word' id='word_1_645' title='bbox 769 4196 834 4254; x_wconf 87' lang='lat' dir='ltr'><strong>inus</strong></span> <span class='ocrx_word' id='word_1_646' title='bbox 849 4195 945 4252; x_wconf 77' lang='lat' dir='ltr'><strong>Abelis</strong></span> <span class='ocrx_word' id='word_1_647' title='bbox 956 4211 1018 4268; x_wconf 80' lang='lat' dir='ltr'><strong>proe</strong></span> <span class='ocrx_word' id='word_1_648' title='bbox 1060 4194 1114 4259; x_wconf 82' lang='lat' dir='ltr'><strong>tic,</strong></span> <span class='ocrx_word' id='word_1_649' title='bbox 1124 4193 1285 4267; x_wconf 84' lang='lat' dir='ltr'><strong>Repertus,</strong></span> <span class='ocrx_word' id='word_1_650' title='bbox 1294 4193 1451 4249; x_wconf 90' lang='lat' dir='ltr'><strong>brutorum</strong></span> <span class='ocrx_word' id='word_1_651' title='bbox 1461 4193 1635 4266; x_wconf 87' lang='lat' dir='ltr'><strong>sanguinem</strong></span> <span class='ocrx_word' id='word_1_652' title='bbox 1643 4210 1707 4252; x_wconf 89' lang='lat' dir='ltr'><strong>esse</strong></span> <span class='ocrx_word' id='word_1_653' title='bbox 1718 4209 1850 4268; x_wconf 81' lang='lat' dir='ltr'><strong>gravem,</strong></span> 
     </span>
     <span class='ocr_line' id='line_1_51' title="bbox 227 4275 1851 4354; baseline -0.004 -12"><span class='ocrx_word' id='word_1_654' title='bbox 227 4282 332 4352; x_wconf 85' lang='lat' dir='ltr'><strong>Caino,</strong></span> <span class='ocrx_word' id='word_1_655' title='bbox 347 4299 384 4339; x_wconf 86' lang='lat' dir='ltr'><strong>ex</strong></span> <span class='ocrx_word' id='word_1_656' title='bbox 396 4298 432 4342; x_wconf 91' lang='lat' dir='ltr'><strong>eo</strong></span> <span class='ocrx_word' id='word_1_657' title='bbox 444 4281 707 4354; x_wconf 76' lang='lat' dir='ltr'><strong>quodpinguiores</strong></span> <span class='ocrx_word' id='word_1_658' title='bbox 717 4296 787 4337; x_wconf 90' lang='lat' dir='ltr'><strong>oves</strong></span> <span class='ocrx_word' id='word_1_659' title='bbox 797 4279 936 4337; x_wconf 89' lang='lat' dir='ltr'><strong>obtulerit</strong></span> <span class='ocrx_word' id='word_1_660' title='bbox 948 4283 1016 4337; x_wconf 87' lang='lat' dir='ltr'><strong>ileo.</strong></span> <span class='ocrx_word' id='word_1_661' title='bbox 1059 4278 1239 4347; x_wconf 88' lang='lat' dir='ltr'><strong>terrestrem,</strong></span> <span class='ocrx_word' id='word_1_662' title='bbox 1262 4276 1526 4348; x_wconf 89' lang='lat' dir='ltr'><strong>melancholieum,</strong></span> <span class='ocrx_word' id='word_1_663' title='bbox 1547 4281 1575 4333; x_wconf 91' lang='lat' dir='ltr'><strong>et</strong></span> <span class='ocrx_word' id='word_1_664' title='bbox 1593 4277 1756 4337; x_wconf 85' lang='lat' dir='ltr'><strong>multarum</strong></span> <span class='ocrx_word' id='word_1_665' title='bbox 1769 4275 1851 4348; x_wconf 77' lang='lat' dir='ltr'><strong>egri·</strong></span> 
     </span>
     <span class='ocr_line' id='line_1_52' title="bbox 227 4358 1850 4436; baseline -0.002 -13"><span class='ocrx_word' id='word_1_666' title='bbox 227 4365 256 4424; x_wconf 84' lang='lat' dir='ltr'><strong>si</strong></span> <span class='ocrx_word' id='word_1_667' title='bbox 279 4365 357 4422; x_wconf 91' lang='lat' dir='ltr'><strong>enim</strong></span> <span class='ocrx_word' id='word_1_668' title='bbox 379 4365 437 4422; x_wconf 90' lang='lat' dir='ltr'><strong>iilis</strong></span> <span class='ocrx_word' id='word_1_669' title='bbox 458 4380 547 4422; x_wconf 91' lang='lat' dir='ltr'><strong>nemo</strong></span> <span class='ocrx_word' id='word_1_670' title='bbox 568 4363 757 4432; x_wconf 82' lang='lat' dir='ltr'><strong>vescebatur,</strong></span> <span class='ocrx_word' id='word_1_671' title='bbox 780 4362 904 4436; x_wconf 90' lang='lat' dir='ltr'><strong>perinde</strong></span> <span class='ocrx_word' id='word_1_672' title='bbox 916 4361 1019 4420; x_wconf 88' lang='lat' dir='ltr'><strong>inisset</strong></span> <span class='ocrx_word' id='word_1_673' title='bbox 1059 4359 1199 4415; x_wconf 91' lang='lat' dir='ltr'><strong>tudinum</strong></span> <span class='ocrx_word' id='word_1_674' title='bbox 1221 4375 1356 4432; x_wconf 88' lang='lat' dir='ltr'><strong>eausam,</strong></span> <span class='ocrx_word' id='word_1_675' title='bbox 1378 4359 1403 4416; x_wconf 88' lang='lat' dir='ltr'><strong>si</strong></span> <span class='ocrx_word' id='word_1_676' title='bbox 1424 4358 1616 4432; x_wconf 80' lang='lat' dir='ltr'><strong>comedatur3</strong></span> <span class='ocrx_word' id='word_1_677' title='bbox 1639 4359 1710 4420; x_wconf 88' lang='lat' dir='ltr'><strong>hinc</strong></span> <span class='ocrx_word' id='word_1_678' title='bbox 1728 4359 1850 4424; x_wconf 85' lang='lat' dir='ltr'><strong>vetitum</strong></span> 
     </span>
     <span class='ocr_line' id='line_1_53' title="bbox 228 4441 1263 4520; baseline -0.008 -14"><span class='ocrx_word' id='word_1_679' title='bbox 228 4447 272 4506; x_wconf 90' lang='lat' dir='ltr'><strong>ilii</strong></span> <span class='ocrx_word' id='word_1_680' title='bbox 292 4450 321 4504; x_wconf 88' lang='lat' dir='ltr'><strong>et</strong></span> <span class='ocrx_word' id='word_1_681' title='bbox 342 4448 453 4517; x_wconf 90' lang='lat' dir='ltr'><strong>caino,</strong></span> <span class='ocrx_word' id='word_1_682' title='bbox 474 4447 599 4520; x_wconf 87' lang='lat' dir='ltr'><strong>pingues</strong></span> <span class='ocrx_word' id='word_1_683' title='bbox 618 4451 707 4520; x_wconf 86' lang='lat' dir='ltr'><strong>atque</strong></span> <span class='ocrx_word' id='word_1_684' title='bbox 727 4445 897 4502; x_wconf 89' lang='lat' dir='ltr'><strong>macilentas</strong></span> <span class='ocrx_word' id='word_1_685' title='bbox 909 4445 1018 4502; x_wconf 86' lang='lat' dir='ltr'><strong>sacrifl-</strong></span> <span class='ocrx_word' id='word_1_686' title='bbox 1061 4457 1123 4499; x_wconf 88' lang='lat' dir='ltr'><strong>esse</strong></span> <span class='ocrx_word' id='word_1_687' title='bbox 1136 4441 1263 4499; x_wconf 88' lang='lat' dir='ltr'><strong>comedi.</strong></span> 
     </span>
     <span class='ocr_line' id='line_1_54' title="bbox 229 4524 1850 4602; baseline -0.004 -13"><span class='ocrx_word' id='word_1_688' title='bbox 229 4547 295 4589; x_wconf 90' lang='lat' dir='ltr'><strong>care</strong></span> <span class='ocrx_word' id='word_1_689' title='bbox 311 4551 318 4587; x_wconf 94' lang='lat'><strong>:</strong></span> <span class='ocrx_word' id='word_1_690' title='bbox 332 4531 496 4588; x_wconf 75' lang='lat' dir='ltr'><strong>macilentae</strong></span> <span class='ocrx_word' id='word_1_691' title='bbox 517 4529 596 4585; x_wconf 90' lang='lat' dir='ltr'><strong>enim</strong></span> <span class='ocrx_word' id='word_1_692' title='bbox 618 4544 688 4585; x_wconf 91' lang='lat' dir='ltr'><strong>oves</strong></span> <span class='ocrx_word' id='word_1_693' title='bbox 709 4543 773 4584; x_wconf 89' lang='lat' dir='ltr'><strong>non</strong></span> <span class='ocrx_word' id='word_1_694' title='bbox 793 4543 861 4584; x_wconf 88' lang='lat' dir='ltr'><strong>raro</strong></span> <span class='ocrx_word' id='word_1_695' title='bbox 882 4531 944 4584; x_wconf 87' lang='lat' dir='ltr'><strong>tam</strong></span> <span class='ocrx_word' id='word_1_696' title='bbox 964 4527 1018 4585; x_wconf 92' lang='lat' dir='ltr'><strong>bo·</strong></span> <span class='ocrx_word' id='word_1_697' title='bbox 1095 4527 1144 4582; x_wconf 82' lang='lat' dir='ltr'><strong>Est</strong></span> <span class='ocrx_word' id='word_1_698' title='bbox 1155 4525 1213 4582; x_wconf 91' lang='lat' dir='ltr'><strong>hoo</strong></span> <span class='ocrx_word' id='word_1_699' title='bbox 1224 4527 1406 4599; x_wconf 76' lang='lat' dir='ltr'><strong>preceptum</strong></span> <span class='ocrx_word' id='word_1_700' title='bbox 1419 4525 1457 4582; x_wconf 90' lang='lat' dir='ltr'><strong>de</strong></span> <span class='ocrx_word' id='word_1_701' title='bbox 1469 4525 1602 4582; x_wconf 89' lang='lat' dir='ltr'><strong>cavendo</strong></span> <span class='ocrx_word' id='word_1_702' title='bbox 1616 4524 1768 4596; x_wconf 88' lang='lat' dir='ltr'><strong>sanguinis</strong></span> <span class='ocrx_word' id='word_1_703' title='bbox 1782 4541 1850 4602; x_wconf 84' lang='lat' dir='ltr'><strong>esu,</strong></span> 
     </span>
     <span class='ocr_line' id='line_1_55' title="bbox 228 4606 1852 4686; baseline -0.005 -14"><span class='ocrx_word' id='word_1_704' title='bbox 228 4631 314 4686; x_wconf 89' lang='lat' dir='ltr'><strong>nam,</strong></span> <span class='ocrx_word' id='word_1_705' title='bbox 327 4615 388 4671; x_wconf 90' lang='lat' dir='ltr'><strong>imo</strong></span> <span class='ocrx_word' id='word_1_706' title='bbox 403 4613 570 4683; x_wconf 90' lang='lat' dir='ltr'><strong>meliorem,</strong></span> <span class='ocrx_word' id='word_1_707' title='bbox 581 4627 673 4686; x_wconf 90' lang='lat' dir='ltr'><strong>quarn</strong></span> <span class='ocrx_word' id='word_1_708' title='bbox 683 4611 823 4683; x_wconf 83' lang='lat' dir='ltr'><strong>pingues,</strong></span> <span class='ocrx_word' id='word_1_709' title='bbox 834 4610 906 4666; x_wconf 90' lang='lat' dir='ltr'><strong>dant</strong></span> <span class='ocrx_word' id='word_1_710' title='bbox 918 4609 1019 4667; x_wconf 88' lang='lat' dir='ltr'><strong>ionem</strong></span> <span class='ocrx_word' id='word_1_711' title='bbox 1060 4623 1123 4665; x_wconf 89' lang='lat' dir='ltr'><strong>non</strong></span> <span class='ocrx_word' id='word_1_712' title='bbox 1144 4608 1292 4677; x_wconf 89' lang='lat' dir='ltr'><strong>naturale,</strong></span> <span class='ocrx_word' id='word_1_713' title='bbox 1314 4606 1367 4664; x_wconf 89' lang='lat' dir='ltr'><strong>sed</strong></span> <span class='ocrx_word' id='word_1_714' title='bbox 1380 4607 1560 4681; x_wconf 92' lang='lat' dir='ltr'><strong>positivum,</strong></span> <span class='ocrx_word' id='word_1_715' title='bbox 1581 4609 1665 4684; x_wconf 89' lang='lat' dir='ltr'><strong>quod</strong></span> <span class='ocrx_word' id='word_1_716' title='bbox 1678 4613 1852 4670; x_wconf 85' lang='lat' dir='ltr'><strong>renovatum</strong></span> 
     </span>
     <span class='ocr_line' id='line_1_56' title="bbox 229 4691 1853 4770; baseline -0.003 -15"><span class='ocrx_word' id='word_1_717' title='bbox 229 4703 258 4754; x_wconf 89' lang='lat' dir='ltr'><strong>et</strong></span> <span class='ocrx_word' id='word_1_718' title='bbox 273 4698 337 4769; x_wconf 89' lang='lat' dir='ltr'><strong>lee;</strong></span> <span class='ocrx_word' id='word_1_719' title='bbox 362 4711 481 4754; x_wconf 91' lang='lat' dir='ltr'><strong>carnem</strong></span> <span class='ocrx_word' id='word_1_720' title='bbox 504 4698 602 4752; x_wconf 90' lang='lat' dir='ltr'><strong>autem</strong></span> <span class='ocrx_word' id='word_1_721' title='bbox 620 4709 736 4768; x_wconf 91' lang='lat' dir='ltr'><strong>semper</strong></span> <span class='ocrx_word' id='word_1_722' title='bbox 748 4693 882 4768; x_wconf 74' lang='lat' dir='ltr'><strong>praebent</strong></span> <span class='ocrx_word' id='word_1_723' title='bbox 895 4692 1019 4750; x_wconf 90' lang='lat' dir='ltr'><strong>deieric·</strong></span> <span class='ocrx_word' id='word_1_724' title='bbox 1054 4695 1105 4748; x_wconf 84' lang='grc' dir='ltr'><strong>Ιεει</strong></span> <span class='ocrx_word' id='word_1_725' title='bbox 1117 4691 1156 4748; x_wconf 89' lang='lat' dir='ltr'><strong>ab</strong></span> <span class='ocrx_word' id='word_1_726' title='bbox 1167 4691 1330 4764; x_wconf 77' lang='lat' dir='ltr'><strong>apostolis,</strong></span> <span class='ocrx_word' id='word_1_727' title='bbox 1344 4693 1408 4748; x_wconf 83' lang='lat' dir='ltr'><strong>Act.</strong></span> <span class='ocrx_word' id='word_1_728' title='bbox 1422 4708 1488 4770; x_wconf 86' lang='lat' dir='ltr'><strong>cap.</strong></span> <span class='ocrx_word' id='word_1_729' title='bbox 1502 4707 1554 4764; x_wconf 83' lang='lat' dir='ltr'><strong>nv,</strong></span> <span class='ocrx_word' id='word_1_730' title='bbox 1568 4707 1644 4750; x_wconf 89' lang='lat' dir='ltr'><strong>vers.</strong></span> <span class='ocrx_word' id='word_1_731' title='bbox 1659 4695 1709 4762; x_wconf 74' lang='lat'><strong>29,</strong></span> <span class='ocrx_word' id='word_1_732' title='bbox 1724 4692 1853 4750; x_wconf 88' lang='lat' dir='ltr'><strong>duravit·</strong></span> 
     </span>
     <span class='ocr_line' id='line_1_57' title="bbox 228 4773 1854 4852; baseline -0.003 -15"><span class='ocrx_word' id='word_1_733' title='bbox 228 4796 302 4837; x_wconf 90' lang='lat' dir='ltr'><strong>rem.</strong></span> <span class='ocrx_word' id='word_1_734' title='bbox 317 4783 359 4838; x_wconf 92' lang='lat' dir='ltr'><strong>lto</strong></span> <span class='ocrx_word' id='word_1_735' title='bbox 371 4781 538 4852; x_wconf 89' lang='lat' dir='ltr'><strong>cajetanus.</strong></span> <span class='ocrx_word' id='word_1_736' title='bbox 1060 4791 1120 4848; x_wconf 90' lang='lat' dir='ltr'><strong>que</strong></span> <span class='ocrx_word' id='word_1_737' title='bbox 1142 4789 1205 4830; x_wconf 90' lang='lat' dir='ltr'><strong>non</strong></span> <span class='ocrx_word' id='word_1_738' title='bbox 1225 4778 1341 4831; x_wconf 90' lang='lat' dir='ltr'><strong>tantum</strong></span> <span class='ocrx_word' id='word_1_739' title='bbox 1361 4773 1400 4832; x_wconf 88' lang='lat' dir='ltr'><strong>ad</strong></span> <span class='ocrx_word' id='word_1_740' title='bbox 1418 4777 1552 4848; x_wconf 88' lang='lat' dir='ltr'><strong>tempora</strong></span> <span class='ocrx_word' id='word_1_741' title='bbox 1570 4774 1739 4832; x_wconf 87' lang='lat' dir='ltr'><strong>Tertulliani</strong></span> <span class='ocrx_word' id='word_1_742' title='bbox 1759 4780 1788 4834; x_wconf 89' lang='grc' dir='ltr'><strong>ει</strong></span> <span class='ocrx_word' id='word_1_743' title='bbox 1803 4775 1854 4832; x_wconf 79' lang='lat' dir='ltr'><strong>lii·</strong></span> 
     </span>
     <span class='ocr_line' id='line_1_58' title="bbox 129 4855 1854 4936; baseline -0.006 -9"><span class='ocrx_word' id='word_1_744' title='bbox 129 4880 216 4934; x_wconf 75' lang='lat' dir='ltr'><strong>herere,</strong></span> <span class='ocrx_word' id='word_1_745' title='bbox 267 4866 355 4921; x_wconf 84' lang='lat' dir='ltr'><strong>Tertio</strong></span> <span class='ocrx_word' id='word_1_746' title='bbox 369 4867 397 4920; x_wconf 90' lang='lat' dir='ltr'><strong>et</strong></span> <span class='ocrx_word' id='word_1_747' title='bbox 411 4861 536 4936; x_wconf 90' lang='lat' dir='ltr'><strong>optime,</strong></span> <span class='ocrx_word' id='word_1_748' title='bbox 554 4861 581 4917; x_wconf 93' lang='lat' dir='ltr'><strong>S.</strong></span> <span class='ocrx_word' id='word_1_749' title='bbox 596 4859 837 4932; x_wconf 82' lang='lat' dir='ltr'><strong>chrysostomus,</strong></span> <span class='ocrx_word' id='word_1_750' title='bbox 855 4858 1019 4916; x_wconf 90' lang='lat' dir='ltr'><strong>Theodore-</strong></span> <span class='ocrx_word' id='word_1_751' title='bbox 1061 4855 1152 4926; x_wconf 92' lang='lat' dir='ltr'><strong>nntii,</strong></span> <span class='ocrx_word' id='word_1_752' title='bbox 1170 4859 1205 4914; x_wconf 88' lang='lat' dir='ltr'><strong>ut</strong></span> <span class='ocrx_word' id='word_1_753' title='bbox 1224 4856 1287 4930; x_wconf 90' lang='lat' dir='ltr'><strong>ipse</strong></span> <span class='ocrx_word' id='word_1_754' title='bbox 1300 4856 1407 4914; x_wconf 84' lang='lat' dir='ltr'><strong>fatetur</strong></span> <span class='ocrx_word' id='word_1_755' title='bbox 1424 4856 1455 4912; x_wconf 93' lang='lat' dir='ltr'><strong>in</strong></span> <span class='ocrx_word' id='word_1_756' title='bbox 1475 4857 1601 4924; x_wconf 84' lang='lat' dir='ltr'><strong>Octauio,</strong></span> <span class='ocrx_word' id='word_1_757' title='bbox 1615 4857 1767 4914; x_wconf 90' lang='lat' dir='ltr'><strong>sedetiam</strong></span> <span class='ocrx_word' id='word_1_758' title='bbox 1779 4862 1854 4918; x_wconf 83' lang='lat' dir='ltr'><strong>tem·</strong></span> 
     </span>
     <span class='ocr_line' id='line_1_59' title="bbox 107 4938 1854 5018; baseline -0.002 -14"><span class='ocrx_word' id='word_1_759' title='bbox 107 4943 216 4995; x_wconf 58' lang='lat' dir='ltr'><strong>“iimt-</strong></span> <span class='ocrx_word' id='word_1_760' title='bbox 228 4950 276 5004; x_wconf 87' lang='lat' dir='ltr'><strong>tus</strong></span> <span class='ocrx_word' id='word_1_761' title='bbox 281 4989 291 5018; x_wconf 94' lang='lat'><strong>,</strong></span> <span class='ocrx_word' id='word_1_762' title='bbox 305 4945 436 5004; x_wconf 87' lang='lat' dir='ltr'><strong>Pererius</strong></span> <span class='ocrx_word' id='word_1_763' title='bbox 456 4949 484 5001; x_wconf 90' lang='lat' dir='ltr'><strong>et</strong></span> <span class='ocrx_word' id='word_1_764' title='bbox 497 4943 547 5000; x_wconf 92' lang='lat' dir='ltr'><strong>aiii</strong></span> <span class='ocrx_word' id='word_1_765' title='bbox 560 4944 695 5010; x_wconf 90' lang='lat' dir='ltr'><strong>censent,</strong></span> <span class='ocrx_word' id='word_1_766' title='bbox 712 4945 779 4998; x_wconf 89' lang='lat' dir='ltr'><strong>onte</strong></span> <span class='ocrx_word' id='word_1_767' title='bbox 798 4941 944 4998; x_wconf 91' lang='lat' dir='ltr'><strong>dilnvium</strong></span> <span class='ocrx_word' id='word_1_768' title='bbox 957 4957 1019 4998; x_wconf 90' lang='lat' dir='ltr'><strong>non</strong></span> <span class='ocrx_word' id='word_1_769' title='bbox 1060 4954 1133 5013; x_wconf 90' lang='lat' dir='ltr'><strong>pore</strong></span> <span class='ocrx_word' id='word_1_770' title='bbox 1152 4940 1237 4998; x_wconf 82' lang='lat' dir='ltr'><strong>Bedae</strong></span> <span class='ocrx_word' id='word_1_771' title='bbox 1255 4942 1284 4997; x_wconf 86' lang='lat' dir='ltr'><strong>et</strong></span> <span class='ocrx_word' id='word_1_772' title='bbox 1300 4938 1430 5012; x_wconf 85' lang='lat' dir='ltr'><strong>Rabani,</strong></span> <span class='ocrx_word' id='word_1_773' title='bbox 1444 4943 1478 4995; x_wconf 90' lang='lat' dir='ltr'><strong>ut</strong></span> <span class='ocrx_word' id='word_1_774' title='bbox 1490 4943 1570 5014; x_wconf 88' lang='lat' dir='ltr'><strong>patet</strong></span> <span class='ocrx_word' id='word_1_775' title='bbox 1582 4955 1621 4996; x_wconf 87' lang='lat' dir='ltr'><strong>ex</strong></span> <span class='ocrx_word' id='word_1_776' title='bbox 1633 4939 1698 5010; x_wconf 76' lang='lat' dir='ltr'><strong>eius</strong></span> <span class='ocrx_word' id='word_1_777' title='bbox 1710 4941 1854 5000; x_wconf 87' lang='lat' dir='ltr'><strong>Poeniten·</strong></span> 
     </span>
     <span class='ocr_line' id='line_1_60' title="bbox 228 5021 1190 5099; baseline -0.008 -12"><span class='ocrx_word' id='word_1_778' title='bbox 228 5029 434 5099; x_wconf 88' lang='lat' dir='ltr'><strong>interdictum,</strong></span> <span class='ocrx_word' id='word_1_779' title='bbox 456 5027 508 5084; x_wconf 90' lang='lat' dir='ltr'><strong>sed</strong></span> <span class='ocrx_word' id='word_1_780' title='bbox 529 5025 643 5082; x_wconf 89' lang='lat' dir='ltr'><strong>licitum</strong></span> <span class='ocrx_word' id='word_1_781' title='bbox 662 5021 751 5080; x_wconf 87' lang='lat' dir='ltr'><strong>inisse</strong></span> <span class='ocrx_word' id='word_1_782' title='bbox 762 5038 846 5079; x_wconf 87' lang='lat' dir='ltr'><strong>esum</strong></span> <span class='ocrx_word' id='word_1_783' title='bbox 859 5023 1016 5080; x_wconf 89' lang='lat' dir='ltr'><strong>carnium:</strong></span> <span class='ocrx_word' id='word_1_784' title='bbox 1187 5041 1190 5048; x_wconf 54' lang='lat'><strong>⁴</strong></span> 
     </span>
    </p>
   </div>
   <div class='ocr_carea' id='block_1_9' title="bbox 229 5083 1852 5179">
    <p class='ocr_par' dir='ltr' id='par_1_32' title="bbox 229 5083 1852 5179">
     <span class='ocr_line' id='line_1_61' title="bbox 229 5083 1852 5179; baseline -0.003 -11"><span class='ocrx_word' id='word_1_785' title='bbox 229 5111 268 5169; x_wconf 87' lang='lat' dir='ltr'><strong>ab</strong></span> <span class='ocrx_word' id='word_1_786' title='bbox 281 5128 317 5168; x_wconf 90' lang='lat' dir='ltr'><strong>eo</strong></span> <span class='ocrx_word' id='word_1_787' title='bbox 331 5115 430 5168; x_wconf 90' lang='lat' dir='ltr'><strong>tamen</strong></span> <span class='ocrx_word' id='word_1_788' title='bbox 444 5107 619 5168; x_wconf 87' lang='lat' dir='ltr'><strong>abstinuisse</strong></span> <span class='ocrx_word' id='word_1_789' title='bbox 632 5105 712 5162; x_wconf 87' lang='lat' dir='ltr'><strong>uiros</strong></span> <span class='ocrx_word' id='word_1_790' title='bbox 723 5103 932 5175; x_wconf 88' lang='lat' dir='ltr'><strong>religiosiores,</strong></span> <span class='ocrx_word' id='word_1_791' title='bbox 946 5110 1020 5179; x_wconf 89' lang='lat' dir='ltr'><strong>puta</strong></span> <span class='ocrx_word' id='word_1_792' title='bbox 1080 5083 1128 5165; x_wconf 60' lang='grc'><strong>,(1)</strong></span> <span class='ocrx_word' id='word_1_793' title='bbox 1139 5083 1225 5156; x_wconf 69' lang='lat'><strong>³³¹&#39;⁰¹.¹¹</strong></span> <span class='ocrx_word' id='word_1_794' title='bbox 1241 5084 1336 5149; x_wconf 58' lang='lat' dir='ltr'><strong>‘iniqu‘</strong></span> <span class='ocrx_word' id='word_1_795' title='bbox 1353 5085 1452 5138; x_wconf 52' lang='grc' dir='ltr'><strong>ΗΘΜ</strong></span> <span class='ocrx_word' id='word_1_796' title='bbox 1468 5084 1620 5138; x_wconf 54' lang='lat' dir='ltr'><strong>mmmm</strong></span> <span class='ocrx_word' id='word_1_797' title='bbox 1636 5085 1751 5138; x_wconf 53' lang='lat' dir='ltr'><strong>”nuum</strong></span> <span class='ocrx_word' id='word_1_798' title='bbox 1772 5087 1852 5138; x_wconf 55' lang='grc' dir='ltr'>Μ</span> 
     </span>
    </p>
   </div>
   <div class='ocr_carea' id='block_1_10' title="bbox 228 5154 1853 5276">
    <p class='ocr_par' dir='ltr' id='par_1_33' title="bbox 228 5154 1853 5276">
     <span class='ocr_line' id='line_1_62' title="bbox 228 5154 1853 5276; baseline -0.004 -23"><span class='ocrx_word' id='word_1_799' title='bbox 228 5198 363 5272; x_wconf 88' lang='lat' dir='ltr'><strong>posteros</strong></span> <span class='ocrx_word' id='word_1_800' title='bbox 385 5193 470 5264; x_wconf 88' lang='lat' dir='ltr'><strong>Seth,</strong></span> <span class='ocrx_word' id='word_1_801' title='bbox 492 5207 528 5248; x_wconf 90' lang='lat' dir='ltr'><strong>eo</strong></span> <span class='ocrx_word' id='word_1_802' title='bbox 550 5189 634 5263; x_wconf 92' lang='lat' dir='ltr'><strong>quod</strong></span> <span class='ocrx_word' id='word_1_803' title='bbox 647 5193 723 5246; x_wconf 86' lang='lat' dir='ltr'><strong>ileus</strong></span> <span class='ocrx_word' id='word_1_804' title='bbox 738 5189 892 5259; x_wconf 88' lang='lat' dir='ltr'><strong>assignans</strong></span> <span class='ocrx_word' id='word_1_805' title='bbox 904 5187 1019 5246; x_wconf 89' lang='lat' dir='ltr'><strong>homini</strong></span> <span class='ocrx_word' id='word_1_806' title='bbox 1060 5154 1103 5276; x_wconf 50' lang='grc' dir='ltr'><strong>ξω</strong></span> <span class='ocrx_word' id='word_1_807' title='bbox 1121 5169 1194 5208; x_wconf 59' lang='lat' dir='ltr'>³⁵¹¹OE</span> <span class='ocrx_word' id='word_1_808' title='bbox 1213 5157 1323 5218; x_wconf 81' lang='lat' dir='ltr'><strong>membri</strong></span> <span class='ocrx_word' id='word_1_809' title='bbox 1342 5157 1373 5208; x_wconf 70' lang='lat'><strong>‘¹⁸</strong></span> <span class='ocrx_word' id='word_1_810' title='bbox 1392 5155 1493 5208; x_wconf 52' lang='lat' dir='ltr'><strong>&#39;dmm‘</strong></span> <span class='ocrx_word' id='word_1_811' title='bbox 1515 5156 1620 5208; x_wconf 56' lang='lat' dir='ltr'><strong>anim</strong></span> <span class='ocrx_word' id='word_1_812' title='bbox 1635 5156 1752 5218; x_wconf 52' lang='lat' dir='ltr'><strong>‘hm’</strong></span> <span class='ocrx_word' id='word_1_813' title='bbox 1767 5158 1853 5220; x_wconf 53' lang='grc' dir='ltr'><strong>ΨΜ</strong></span> 
     </span>
    </p>
   </div>
   <div class='ocr_carea' id='block_1_11' title="bbox 229 5226 1852 5432">
    <p class='ocr_par' dir='ltr' id='par_1_34' title="bbox 229 5226 1852 5432">
     <span class='ocr_line' id='line_1_63' title="bbox 229 5226 1852 5372; baseline -0.022 -37"><span class='ocrx_word' id='word_1_814' title='bbox 229 5277 348 5347; x_wconf 88' lang='lat' dir='ltr'><strong>eibum,</strong></span> <span class='ocrx_word' id='word_1_815' title='bbox 371 5275 477 5332; x_wconf 87' lang='lat' dir='ltr'><strong>diserte</strong></span> <span class='ocrx_word' id='word_1_816' title='bbox 497 5277 612 5330; x_wconf 84' lang='lat' dir='ltr'><strong>tantum</strong></span> <span class='ocrx_word' id='word_1_817' title='bbox 634 5270 822 5345; x_wconf 86' lang='lat' dir='ltr'><strong>expressisset</strong></span> <span class='ocrx_word' id='word_1_818' title='bbox 845 5270 942 5341; x_wconf 87' lang='lat' dir='ltr'><strong>olera,</strong></span> <span class='ocrx_word' id='word_1_819' title='bbox 956 5289 1018 5330; x_wconf 90' lang='lat' dir='ltr'><strong>non</strong></span> <span class='ocrx_word' id='word_1_820' title='bbox 1059 5226 1704 5370; x_wconf 44' lang='grc' dir='ltr'><strong>εξὲᾪιῇιὲῗᾝᾞιᾞθᾟἚῇιοῖῗὲἔῇἒῗᾞ</strong></span> <span class='ocrx_word' id='word_1_821' title='bbox 1718 5228 1852 5372; x_wconf 45' lang='grc' dir='ltr'><strong>*1,νὲΒὲ</strong></span> 
     </span>
     <span class='ocr_line' id='line_1_64' title="bbox 229 5353 1286 5432; baseline -0.009 -12"><span class='ocrx_word' id='word_1_822' title='bbox 229 5365 329 5422; x_wconf 90' lang='lat' dir='ltr'><strong>autem</strong></span> <span class='ocrx_word' id='word_1_823' title='bbox 340 5374 460 5430; x_wconf 88' lang='lat' dir='ltr'><strong>earnes,</strong></span> <span class='ocrx_word' id='word_1_824' title='bbox 472 5372 539 5432; x_wconf 90' lang='lat' dir='ltr'><strong>cap.</strong></span> <span class='ocrx_word' id='word_1_825' title='bbox 559 5371 587 5428; x_wconf 91' lang='lat' dir='ltr'><strong>r,</strong></span> <span class='ocrx_word' id='word_1_826' title='bbox 605 5371 681 5415; x_wconf 90' lang='lat' dir='ltr'><strong>vers.</strong></span> <span class='ocrx_word' id='word_1_827' title='bbox 695 5355 742 5412; x_wconf 76' lang='lat'><strong>29.</strong></span> <span class='ocrx_word' id='word_1_828' title='bbox 756 5353 801 5412; x_wconf 87' lang='lat' dir='ltr'><strong>Sic</strong></span> <span class='ocrx_word' id='word_1_829' title='bbox 813 5353 894 5411; x_wconf 89' lang='lat' dir='ltr'><strong>enim</strong></span> <span class='ocrx_word' id='word_1_830' title='bbox 906 5353 1017 5428; x_wconf 88' lang='lat' dir='ltr'><strong>optime</strong></span> <span class='ocrx_word' id='word_1_831' title='bbox 1060 5371 1088 5415; x_wconf 84' lang='lat' dir='ltr'><strong>et</strong></span> <span class='ocrx_word' id='word_1_832' title='bbox 1104 5370 1158 5417; x_wconf 82' lang='lat' dir='ltr'><strong>cor.</strong></span> <span class='ocrx_word' id='word_1_833' title='bbox 1280 5357 1286 5363; x_wconf 88' lang='lat'>&#39;</span> 
     </span>
    </p>
   </div>
   <div class='ocr_carea' id='block_1_12' title="bbox 0 0 2072 6052">
    <p class='ocr_par' dir='ltr' id='par_1_35' title="bbox 0 0 2072 6052">
     <span class='ocr_line' id='line_1_65' title="bbox 0 0 2072 6052; baseline 0 0"><span class='ocrx_word' id='word_1_834' title='bbox 0 0 2072 6052; x_wconf 95' lang='lat' dir='ltr'><strong> </strong></span> 
     </span>
    </p>
   </div>
  </div>
 </body>
</html>
