4194 6034
686 259 929 318 nonantulam
946 259 980 316 ΙΝ
997 259 1155 332 canusia,
1175 269 1239 320 ω.
1256 263 1334 318 XXX.
1771 261 1823 322 8⁰¹

199 355 460 434 aflampbaaiones
472 375 487 414 a
501 357 700 434 appellantur,
710 361 787 421 aits.
798 362 990 435 Augustinus,
1033 364 1141 424 Paulus
1152 363 1263 426 tovivrs.
1283 368 1326 424 lte
1341 361 1413 424 felix
1427 361 1483 422 fuit
1498 359 1639 424 ilenriaus
1655 362 1690 422 fv
1697 405 1709 436 ,
1726 364 1826 424 Gallius

128 485 137 493 .
195 445 286 514 Epist.
301 443 352 512 tl3
367 439 443 498 alios
460 456 524 499 esse
540 437 754 514 infortunatus,
775 442 816 502 ita
834 448 867 503 ut
888 447 991 506 omnia
1031 447 1247 520 rex,iuregno
1261 445 1454 521 adipiscendo
1467 449 1497 505 et
1508 445 1715 520 girberuando,
1729 462 1826 521 usqua

195 523 256 584 fere
269 526 311 582 eis
325 523 476 582 infeliciter
491 526 609 597 cedant,
628 525 741 584 etiamsi
759 527 989 601 prudentissime
1032 528 1219 589 admortem.
1233 529 1363 604 lienique
1377 529 1561 600 Plutarchus,
1578 527 1633 588 lib.
1649 531 1690 588 lfa
1705 531 1826 588 Fortuna
1874 539 1877 544 '

169 635 173 642 ·
195 607 235 668 ab
249 607 291 664 eis
304 607 412 664 fuerint
424 607 627 680 praecogitata,
649 615 677 666 et
696 608 849 682 disposita.
869 611 940 668 ltine
957 609 990 668 iu
1031 611 1374 680 ffcm.,dccetfortunam
1384 629 1469 688 eque
1480 613 1661 671 acmrtutem
1676 615 1826 672 Romanos

194 691 276 751 bello
286 695 315 749 et
327 693 402 750 duce
411 691 482 748 belli
495 691 653 763 deligendo
664 693 794 752 maxima
805 693 990 752 examinatur
1032 695 1197 754 adtentum
1208 695 1324 771 imperii
1339 696 1491 770 fastigium
1502 697 1683 771 provexisse.

70 788 181 860 lutura·
195 791 236 832 an
249 775 424 846 deligendus
437 773 508 832 felix
525 774 579 845 sit,
599 790 639 832 dn
655 775 769 834 infelix.
789 777 831 834 lta
850 774 988 834 inbellis
1068 786 1185 854 Quoeres
1192 801 1276 858 ‚quae
1284 784 1373 856 hujus
1385 783 1563 859 disparitatis
1572 785 1608 842 sit
1616 785 1825 844 causamenfi-
1838 789 1883 835 flur
1919 789 1943 836 hl
1974 757 1977 761 Ι

72 857 111 899 ⁸¹¹⁸
137 850 183 894 ¹²¹²
194 857 265 914 felix
276 857 332 914 fuit
345 855 527 928 Alexander,
541 857 594 930 qui
607 857 767 916 duodecim
780 855 866 916 aunis
883 857 989 917 orbem
1031 864 1074 924 les
1090 867 1159 926 caeci
1172 881 1294 925 causum
1308 870 1486 926 censuerunt
1498 883 1560 926 esse
1572 867 1722 943 loctunam
1737 870 1824 927 deam
1840 852 1938 926 sm?

82 913 175 1022 *ff
194 937 322 1012 subegit.
339 941 381 996 lta
397 939 468 996 iclix
489 938 546 996 fuit
567 937 734 1012 Polycrates
754 942 921 999 Samiorum
942 943 988 1015 ty·
1031 963 1150 1020 eaecnm,
1169 965 1237 1024 quas
1250 965 1312 1008 non
1325 964 1382 1026 pro
1395 950 1511 1021 meritc,
1526 949 1579 1009 sed
1591 949 1726 1023 fortuito,
1736 953 1825 1012 etiam
1837 915 1942 1024 “523¹ss

193 1037 325 1092 rannus,
340 1022 377 1078 dia
388 1037 451 1117 {1110
465 1021 575 1116 Cicero,
586 1021 664 1082 libio
676 1025 890 1080 vacuantem:
907 1025 987 1116 “PP-
1029 1030 1129 1105 impiis
1143 1036 1172 1088 et
1186 1032 1316 1104 indignis
1329 1032 1511 1104 felicitatem,
1528 1034 1587 1108 piis
1599 1051 1670 1094 vero
1685 1040 1714 1094 et
1727 1036 1825 1111 dignis

193 1105 352 1178 lycratem‚
373 1110 427 1175 art,
440 1105 573 1162 &mrum
592 1103 707 1164 felicem
725 1104 894 1180 appellant3
911 1104 987 1163 uihrl
1030 1129 1109 1188 soepe
1130 1113 1330 1174 infelicitatem
1350 1115 1477 1188 afflare„
1498 1117 1676 1176 Genecffljacg
1694 1119 1825 1179 hominis

192 1187 339 1246 tifidfffit
349 1187 376 1246 01
388 1187 472 1260 quod
486 1187 588 1258 nouat,
604 1187 660 1246 ⁰5⁵1
672 1189 756 1262 (Ιῦοἀ
768 1187 914 1245 annulum
924 1202 987 1262 quo
1030 1197 1175 1270 cujusque
1191 1196 1253 1256 fato
1270 1197 1303 1256 id
1324 1199 1502 1258 tribuerunt.
1521 1201 1667 1274 astrologi
1688 1203 1780 1262 stellis
1796 1207 1825 1263 et

193 1271 409 1341 delectabatur,
429 1271 461 1328 iu
475 1287 556 1328 mare
569 1271 675 1342 abjecit
689 1273 735 1344 (ut
753 1275 929 1346 temperaret
942 1272 986 1331 ui·
1029 1277 1197 1354 horoscopo
1209 1278 1241 1336 id
1256 1280 1406 1352 assignant
1424 1281 1526 1340 :unda
1540 1299 1578 1340 ex
1590 1299 1626 1342 eo
1640 1285 1774 1347 divinant
1787 1287 1824 1348 de

193 1355 285 1413 miam
294 1369 380 1412 suam
386 1353 655 1428 felicitatem);ergo
661 1354 828 1412 infelixunu
836 1355 970 1413 molestia
975 1373 985 1425 3
1030 1360 1173 1434 cujusque
1184 1367 1262 1420 sorte
1274 1367 1302 1419 et
1315 1361 1463 1436 felicitate,
1472 1363 1520 1422 ael
1534 1363 1699 1426 infelicitate
1713 1365 1822 1429 futura.

192 1437 262 1496 felix
276 1454 393 1511 rursus,
407 1453 476 1496 cum
497 1439 523 1494 is
541 1439 604 1520 ipso
618 1438 747 1498 annulus
764 1439 795 1494 in
814 1438 986 1512 praecordiis
1030 1441 1141 1516 Vulgus
1155 1459 1225 1502 casu
1238 1444 1302 1502 hec
1315 1447 1430 1506 etenim
1443 1451 1537 1522 putat.
1556 1449 1731 1524 Sepouimua
1744 1454 1824 1512 enim

191 1521 281 1597 piscis
293 1523 491 1579 inventusest.
506 1539 521 1575 e
537 1521 644 1578 Verum
655 1520 854 1578 inmortefuit
865 1521 984 1592 infelix3
1029 1524 1079 1584 hio
1099 1526 1274 1587 industriam
1293 1533 1323 1587 et
1343 1531 1535 1605 prudentiam
1554 1531 1737 1606 humanam,
1755 1553 1824 1614 qua

192 1619 264 1664 nam
283 1621 303 1663 a
323 1605 477 1664 Persarum
496 1607 614 1677 satrapa
627 1605 735 1662 Oronte
750 1603 821 1664 dolo
834 1609 938 1679 eaptus
951 1621 985 1664 ao
1030 1625 1108 1683 soepe
1121 1610 1213 1670 felicis
1222 1616 1345 1670 eventus
1358 1617 1402 1672 esf
1413 1629 1513 1674 causa.

104 1704 181 1752 taam
193 1703 355 1763 suspensus
369 1695 428 1758 ast,
440 1691 511 1746 teste
524 1687 683 1757 Strabone,
697 1686 751 1744 lib.
772 1689 839 1744 flllf.
854 1689 896 1747 lta
916 1687 986 1746 felix
1065 1695 1172 1752 Verum
1194 1695 1263 1754 dico
1282 1699 1374 1754 ileum
1393 1713 1457 1756 esse
1477 1715 1613 1772 causam,
1637 1717 1690 1759 cur
1711 1702 1744 1762 bi
1765 1703 1825 1763 sint
1842 1708 1934 1766 aemes

68 1767 151 1817 Ἣ·
192 1772 249 1832 fuit
265 1773 360 1830 Julius
373 1774 485 1842 (Μ’,
501 1771 590 1829 etiam
604 1785 673 1828 oum
687 1785 806 1829 summa
823 1770 984 1829 temeritate
1028 1775 1181 1849 fortunati,
1192 1779 1236 1836 illi
1248 1779 1430 1838 infortunati.
1446 1783 1522 1840 Deus
1534 1783 1614 1840 enim
1629 1785 1764 1844 omnium
1778 1791 1822 1846 est
1835 1769 1886 1822 ⁶⁶⁰·
1895 1770 1941 1819 ¹⁶⁸

191 1873 239 1916 res
248 1855 394 1915 maximas
404 1855 622 1928 aggrederetur,
634 1853 769 1927 ademiue
778 1852 986 1927 ipsehuicsus
1029 1860 1179 1931 dominus,
1194 1862 1248 1936 qui
1261 1861 1385 1935 singulis
1404 1880 1459 1922 sua
1474 1869 1566 1939 prout
1583 1866 1647 1924 vulf
1661 1867 1822 1942 dispensat.
1835 1832 1940 1950 ew,

190 1941 317 2000 fomanus
338 1939 507 2009 confidens,
531 1939 634 1995 omnia
651 1937 785 2010 ¹pericula
809 1937 967 2012 superabat
974 1955 984 2010 ;
1028 1946 1130 2018 ltaque
1158 1945 1233 2003 sicut
1255 1946 1326 2004 huia
1346 1946 1518 2020 ingenium,
1538 1965 1626 2024 opes,
1650 1951 1821 2026 sanitatem,
1839 1954 1934 2000 amatu

191 2027 260 2084 hinc
279 2022 477 2083 alfacedouia
489 2019 688 2080 Brundusium
706 2021 850 2094 navigans
869 2021 985 2096 perica-
1028 2025 1174 2098 formam,
1196 2027 1291 2086 robur
1313 2028 1431 2104 aliaque
1450 2030 1531 2090 dona
1548 2036 1660 2091 naturae
1678 2033 1821 2110 impertit3
1839 2016 1937 2072 amma

191 2107 339 2168 fusissimo
347 2107 419 2165 anni
427 2109 570 2180 iesaperu,
580 2103 695 2162 timenti
703 2103 869 2163 navarcho:
884 2103 984 2175 offali,
1029 2109 1154 2166 alterum
1171 2125 1242 2169 vero
1262 2111 1331 2168 facit
1349 2113 1522 2186 stupidum,
1544 2130 1724 2190 pauperem,
1743 2135 1822 2177 mor·
1870 2085 1903 2122 ἢ

191 2193 242 2264 ait,
255 2192 368 2260 timeae,
383 2191 526 2248 Caesarem
539 2185 723 2245 fortunatum
737 2185 829 2244 vehis.
845 2205 860 2242 a
876 2185 985 2244 Scitum
1027 2190 1135 2252 hidam
1142 2234 1153 2264 ,
1164 2193 1345 2266 deformem,
1354 2196 1508 2254 infirmum
1518 2215 1525 2254 ε
1536 2197 1576 2256 ita
1582 2199 1693 2273 pariter
1702 2202 1822 2276 speciali

191 2280 235 2336 est
246 2275 323 2333 illud
335 2271 469 2344 ejusdem
484 2288 491 2328 :
509 2268 616 2340 «Veni,
628 2268 701 2340 vidi,
713 2269 780 2328 vici.
796 2269 984 2338 Quidffilius
1028 2289 1084 2334 sua
1096 2273 1281 2349 providentia
1293 2279 1373 2334 hunc
1385 2278 1455 2338 facit
1465 2278 1661 2356 fortunatum,
1678 2283 1764 2342 illum
1777 2285 1823 2342 ia·

190 2358 291 2429 hujus,
302 2357 342 2415 ait
352 2349 603 2425 Plutarchus,lib.
614 2353 781 2410 nefariam
795 2353 883 2420 Rom,
893 2351 918 2410 is
932 2350 985 2427 qui
1027 2355 1224 2431 fortunatum
1236 2360 1279 2432 ad
1292 2359 1426 2436 illudque
1444 2378 1549 2420 causas
1569 2365 1715 2424 secundas
1734 2366 1823 2425 flectit

191 2442 306 2518 primam
323 2440 446 2512 augusti
458 2440 691 2512 cognomentum
702 2437 785 2508 tulit,
799 2440 828 2494 et
841 2452 936 2496 annos
948 2439 985 2496 56
1027 2443 1057 2498 et
1067 2445 1278 2514 contemperat.
1292 2445 1353 2500 floc
1362 2448 1405 2500 est
1415 2445 1501 2518 quod
1512 2445 1553 2502 ait
1562 2445 1681 2519 Psaltes,
1695 2451 1741 2505 Pe.
1754 2465 1822 2522 xxx,

191 2524 346 2602 imperavit
355 2523 451 2598 (quasi
459 2519 644 2594 monarcha),
656 2537 756 2578 nonne
766 2537 837 2578 cum
845 2523 985 2594 nepotem
1027 2523 1064 2582 26
1079 2539 1087 2579 a
1105 2522 1165 2580 cin
1179 2524 1318 2582 manibus
1332 2523 1390 2583 tuis
1404 2530 1498 2584 sortes
1511 2543 1595 2585 meae.
1609 2548 1624 2582 a
1639 2531 1673 2585 at
1686 2530 1823 2604 Sapiens,

191 2611 230 2671 ad
248 2609 411 2682 gerendum
431 2606 547 2666 bellurn
565 2604 715 2675 emittens,
731 2602 935 2663 fortitudinem
957 2601 984 2664 ei
1028 2606 1154 2664 Procul.
1167 2621 1227 2677 xvr,
1241 2610 1276 2664 33
1289 2625 1297 2664 :
1310 2609 1430 2666 «sartos
1442 2609 1759 2686 mittunturiusinum,
1771 2613 1825 2670 sed

190 2693 348 2768 Scipionis,
370 2690 495 2764 gratiam
508 2689 651 2763 Pompeii,
667 2704 754 2746 suam
767 2687 916 2750 fortunam
931 2703 985 2762 op·
1028 2687 1182 2749 affamine
1188 2695 1464 2765 compensaturum
1472 2695 1659 2765 Bactaxxxru,
1669 2696 1700 2752 ff
1712 2695 1826 2753 :bomi-

191 2781 281 2849 taret,
296 2774 343 2834 sui
356 2779 499 2849 tauquam
515 2771 638 2844 insignis
653 2771 751 2844 operis
765 2771 903 2844 opificem
916 2771 986 2829 For·
1028 2789 1086 2834 uus
1103 2774 1275 2848 «separavit
1288 2790 1340 2835 eos
1354 2775 1527 2850 (homines)
1542 2781 1570 2834 et
1583 2777 1749 2836 immutavit
1760 2779 1823 2838 aias

171 2875 174 2886 ·
191 2864 294 2919 tunam
307 2857 459 2934 professus
473 2854 535 2913 esti
550 2858 615 2913 llaec
635 2853 743 2912 scilicet
754 2870 824 2912 eum
837 2853 985 2924 Ciceroni,
1028 2873 1133 2918 eoram
1138 2877 1148 2929 3
1159 2871 1195 2915 ex
1203 2856 1275 2932 ipsis
1285 2857 1447 2930 benedixit,
1457 2863 1485 2918 et
1494 2859 1632 2918 exaltavit
1643 2878 1651 2916 :
1664 2865 1692 2918 et
1704 2877 1742 2918 ex
1752 2863 1824 2935 ipsis

191 2943 314 3018 Lepido,
328 2944 445 3010 Pansae,
458 2939 564 3008 Hirtia,
577 2939 614 2996 ll.
625 2937 752 2996 antonio
766 2937 922 3011 imposuit,
936 2951 985 2994 eo·
1029 2940 1236 3010 sanctificavit,
1248 2943 1277 2998 ct
1294 2941 1334 2998 ad
1347 2957 1379 2997 se
1393 2941 1567 3016 applicavit:
1584 2947 1612 3000 et
1625 2957 1661 3001 ex
1676 2943 1748 3018 ipsis
1762 2961 1824 3004 ma·

190 3023 463 3100 rumquevictoriia,
474 3021 628 3091 manibus,
638 3019 727 3078 rebus
734 3021 875 3095 praeiere
886 3019 985 3092 gestis,
1028 3022 1143 3096 ledixit,
1157 3027 1185 3081 et
1197 3023 1375 3095 humiliavit,
1387 3024 1472 3097 quasi
1482 3024 1580 3082 lutum
1590 3024 1676 3096 figuli
1689 3025 1721 3082 in
1731 3042 1824 3085 manu

191 3112 333 3170 classibus
342 3153 351 3182 ,
365 3111 467 3182 hellis,
483 3109 659 3168 exercitibus
671 3109 702 3165 in
716 3106 845 3165 sublime
863 3105 983 3176 extulit,
1028 3106 1132 3182 ipsius,
1145 3107 1294 3180 plasmare
1311 3105 1388 3164 illud
1406 3111 1435 3164 et
1452 3107 1631 3182 disponere:
1647 3123 1751 3165 omnes
1767 3110 1823 3168 vim

191 3195 313 3270 istisque
326 3193 453 3266 deiectis,
467 3209 562 3252 unum
574 3192 610 3250 iis
624 3191 810 3265 superstitem
821 3189 888 3247 facit
900 3205 983 3260 eum,
1027 3193 1092 3263 ejus
1109 3189 1275 3248 secundum
1289 3189 1513 3266 dispositionem
1534 3192 1607 3263 eius.
1625 3209 1641 3244 a
1660 3191 1737 3250 Licet
1750 3207 1822 3266 argo

192 3282 245 3354 qni
256 3295 362 3338 eorum
375 3293 467 3353 opera
479 3278 519 3337 ad
532 3279 590 3336 hoc
599 3276 750 3348 fastigium
763 3273 983 3332 conscenderat.
1027 3274 1059 3332 hi
1073 3273 1191 3332 enecas
1205 3289 1282 3348 sepe
1294 3273 1426 3331 casuales
1440 3272 1497 3334 sint
1510 3278 1539 3333 et
1557 3273 1669 3332 fortuiti
1687 3279 1822 3350 respectu

191 3367 322 3433 hagnam
345 3365 424 3420 enim
446 3366 476 3419 et
496 3360 596 3420 Cicero
616 3357 833 3433 rempublicam
855 3356 985 3414 consiliis
1028 3357 1547 3430 causarumsecundarum,aquibus
1556 3361 1690 3415 nonsunt
1698 3359 1822 3432 provisi,

191 3443 376 3517 gubernavit,
386 3451 414 3502 ef
426 3444 554 3518 Lepidus
566 3441 712 3512 militavit,
723 3445 752 3498 et
761 3443 855 3499 Pansa
862 3439 941 3508 vicit,
956 3441 987 3498 et
1029 3440 1082 3500 sed
1093 3444 1200 3515 prater
1210 3455 1314 3498 earum
1327 3443 1457 3498 menum
1471 3444 1501 3497 et
1512 3439 1724 3512 causalitatem,
1736 3442 1822 3517 quasi

191 3528 298 3586 liirtius
305 3527 424 3598 cecidit,
430 3531 458 3586 et
472 3526 615 3585 samnius
623 3524 762 3584 libidines
774 3522 904 3581 exercuit
918 3540 926 3580 ε
941 3521 986 3596 ip·
1027 3539 1082 3599 per
1094 3523 1230 3582 accidens
1244 3523 1402 3582 etfortuito
1413 3521 1552 3582 eveniunt
1563 3541 1571 3579 :
1583 3526 1822 3597 tameurespectu
1943 3527 1947 3533 ’

191 3626 377 3684 samqueego
391 3611 575 3684 Cleopatram
584 3607 705 3666 Caesaris
718 3606 844 3666 fortunae
857 3606 984 3680 imputo,
1029 3609 1077 3666 llei
1091 3625 1154 3666 nou
1166 3610 1235 3665 sunt
1245 3605 1371 3678 fortuiti,
1386 3607 1439 3665 sed
1452 3605 1587 3679 praevisi,
1602 3607 1715 3679 provisi
1732 3611 1760 3664 et
1775 3623 1822 3666 or

191 3695 231 3752 ad
245 3710 338 3767 quam
356 3693 437 3750 velut
459 3693 499 3749 ad
515 3691 697 3764 crepidinem
712 3693 811 3750 tentus
825 3689 986 3762 imperator
1028 3689 1121 3749 dinati
1140 3690 1172 3748 in
1186 3707 1226 3748 se.
1245 3688 1327 3768 Unde
1344 3690 1373 3748 S.
1387 3689 1585 3762 Augustinus,
1602 3688 1655 3748 lib.
1670 3693 1680 3748 f
1699 3692 1819 3748 astraea.

136 3845 140 3854 ¹
190 3777 380 3849 naufragium
393 3775 461 3832 fecit
473 3779 563 3849 atque
576 3774 665 3832 elisus
679 3777 738 3844 est,
752 3774 786 3830 ut
808 3773 891 3830 solus
910 3777 986 3830 esset
1028 3789 1093 3849 cap.
1104 3789 1126 3845 r,
1136 3772 1323 3833 aGhristiano
1333 3773 1582 3845 orerajiciendum
1591 3773 1820 3833 censuitnomen

191 3862 296 3919 Caeam.
312 3881 327 3916 a
342 3859 446 3918 subdit
464 3860 553 3931 hujus
572 3859 614 3915 rei
634 3857 743 3916 mirum
760 3873 860 3917 omen.
877 3875 892 3913 a
909 3859 985 3916 Cum
1026 3856 1392 3929 fortunaa,scilicet1‘uxta
1409 3872 1530 3914 sensum
1547 3855 1703 3915 Gentilium
1722 3877 1730 3914 ε
1749 3872 1820 3915 nem

191 3945 267 4002 inter
277 3942 542 4000 sefamiliorissime
554 3941 831 4000 viverentrtntonius
841 3941 984 4014 eleasar,
1027 3941 1141 4016 alioqui
1161 3943 1252 4012 Deus,
1274 3937 1350 3998 sicat
1371 3943 1416 3996 est
1433 3942 1540 3998 natura
1559 3943 1701 3998 naturane
1720 3940 1762 4014 (ut
1779 3941 1820 3998 ita

190 4027 244 4101 qui
269 4025 377 4085 deiude
400 4030 548 4097 augustus
571 4024 643 4096 fuit,
667 4029 696 4082 et
717 4041 771 4098 per
793 4025 887 4083 otium
906 4042 985 4099 saepe
1027 4039 1096 4082 cum
1109 4021 1261 4096 aliquibus
1270 4019 1459 4096 philosophis
1470 4019 1599 4095 loquar),
1613 4023 1654 4080 ita
1667 4026 1710 4080 est
1719 4027 1748 4080 et
1761 4022 1820 4080 for·
1832 4024 1889 4069 neus
1905 4028 1938 4070 aa

191 4113 338 4168 certamen
351 4109 432 4182 pila,
443 4113 631 4177 tesserarum,
645 4107 832 4177 animalium,
844 4110 879 4164 ut
888 4111 985 4166 cotur-
1026 4108 1100 4164 tuna
1112 4105 1283 4175 fortunaus,
1300 4106 1375 4179 puta
1392 4103 1455 4177 ipse
1475 4107 1579 4162 auctor
1595 4108 1639 4162 est
1652 4106 1749 4163 omnis
1761 4106 1820 4163 for·
1841 4084 1928 4192 ‘2322'

191 4193 292 4251 nicam
305 4192 352 4249 vel
368 4193 517 4264 gallorum
534 4191 734 4259 instituerent,
751 4189 850 4247 ferunt
867 4204 985 4264 semper
1026 4191 1121 4258 tunm,
1136 4203 1222 4262 oeque
1236 4203 1270 4246 ac
1286 4191 1398 4246 naturae
1404 4205 1415 4258 3
1429 4187 1510 4245 unda
1524 4203 1561 4244 ex
1573 4187 1653 4246 hisce
1667 4187 1819 4247 eventibus
1854 4220 1916 4255 m,

190 4275 302 4334 victum
318 4275 480 4332 Antonium
494 4273 674 4343 discessisse,
689 4275 719 4330 et
735 4272 898 4347 quemdam
911 4272 984 4331 ami·
1027 4269 1195 4342 colligimus
1207 4275 1237 4328 et
1244 4269 1451 4343 cognoscimus
1463 4286 1524 4328 essa
1536 4274 1667 4330 mentem
1681 4272 1820 4331 omnibus

191 4374 295 4416 coram
304 4400 314 4429 ,
332 4357 386 4431 qui
404 4355 583 4415 vaticinandi
603 4360 665 4414 arte
682 4355 875 4427 gloriaretur,
891 4355 985 4414 libere
1026 4353 1251 4428 praesidentem,
1266 4352 1368 4412 omnia
1380 4355 1443 4412 hec
1456 4359 1622 4426 regentem,
1637 4370 1701 4412 ease
1718 4355 1820 4430 provi-

191 4442 301 4502 dixisse
320 4439 466 4512 Antonio,
488 4444 517 4497 et
538 4438 689 4496 monuisse
715 4455 722 4494 :
748 4438 827 4508 Quid
848 4439 919 4511 tihi,
943 4438 985 4496 mi
1028 4435 1821 4508 dentiam,esseileum.Quumodoenimaliioonstauter

189 4525 295 4596 homo,
308 4523 351 4582 rei
361 4527 405 4582 ast
417 4539 487 4582 cum
503 4523 555 4581 illu
566 4522 771 4580 adolescente?
782 4521 856 4596 quin
869 4528 903 4580 tn
916 4539 985 4580 eum
1026 4520 1059 4577 in
1073 4519 1212 4578 omnibus
1225 4519 1285 4576 suis
1300 4523 1396 4577 essent
1408 4518 1560 4592 fortunati,
1574 4519 1623 4577 alii
1637 4519 1819 4594 infortunati,

189 4606 395 4680 fugisfgloria
408 4606 435 4663 ei
453 4604 546 4664 auleis
558 4647 567 4675 ,
581 4603 677 4677 major
690 4621 721 4662 es
735 4609 827 4675 natu,
846 4605 986 4680 pluribus
1026 4601 1084 4660 uisi
1111 4602 1183 4677 quia
1206 4606 1281 4660 Deus
1302 4607 1470 4662 constanter
1490 4603 1549 4661 illis
1569 4603 1750 4676 felicitatem,
1772 4605 1819 4662 his

190 4691 333 4763 imperas,
343 4689 503 4747 certamina
511 4687 618 4745 bellica
628 4687 757 4758 obivisti,
767 4693 889 4762 prestas
897 4703 986 4763 expe·
1026 4685 1225 4744 infelicitatem
1237 4686 1336 4746 afflati
1350 4687 1393 4744 uti
1404 4691 1480 4746 recte
1490 4687 1672 4746 demonstrat
1684 4687 1819 4746 libertus

190 4771 310 4844 aientia3
324 4772 377 4830 sed
390 4776 459 4830 tuus
473 4771 578 4844 genius
591 4772 713 4843 genium
725 4770 810 4829 istius
822 4772 941 4842 metuit,
956 4775 987 4829 et
1027 4771 1116 4841 flere,
1131 4769 1184 4828 lib.
1198 4771 1243 4826 fv.
1258 4772 1298 4827 lio
1310 4771 1502 4838 Prouidentia,
1516 4786 1582 4844 cap.
1600 4785 1650 4829 vu.

190 4858 242 4912 tua
252 4854 372 4915 fortuna
378 4854 501 4912 seorsim
510 4851 826 4926 magumejusfortuaae
835 4853 984 4928 adulatur,
1062 4859 1167 4928 Causa,
1180 4873 1232 4915 cur
1243 4860 1318 4914 fleus
1331 4855 1372 4915 ita
1384 4855 1516 4931 dispares
1528 4855 1584 4915 hae
1597 4857 1629 4914 in
1642 4873 1674 4916 re
1685 4857 1820 4918 homines
1833 4869 1894 4915 aura

191 4937 232 4995 ad
244 4953 385 5011 eumque,
396 4936 453 4994 nisi
468 4937 573 5011 procul
590 4941 617 4995 te
635 4935 798 5009 subducis,
811 4937 981 4996 transibit.»
1028 4937 1143 5012 efficiat,
1155 4943 1248 5012 pmma
1262 4945 1317 5011 est,
1329 4943 1363 4997 ut
1375 4957 1407 4997 se
1421 4940 1594 4998 absolutum
1606 4957 1670 4999 esse
1684 4943 1819 5002 omnium
1833 4934 1902 5038 ξΨ·

85 5025 177 5075 mrum
190 5021 234 5078 lta
245 5020 304 5079 hoo
318 5021 427 5078 seculo
445 5019 518 5078 felix
531 5020 588 5080 fuit
600 5019 722 5079 Carolus
735 5021 757 5076 ll
771 5022 944 5093 imperator,
956 5024 985 5081 et
1028 5023 1183 5081 dominum
1197 5023 1343 5081 ostendat.
1357 5024 1495 5095 Secunda,
1510 5025 1544 5080 ut
1559 5023 1592 5081 in
1610 5023 1749 5084 universo
1763 5028 1820 5085 dis·
1833 5005 1936 5099 322¹&

67 5087 98 5134 Ὺ·
189 5105 249 5163 hoc
261 5101 383 5162 nomine
393 5105 494 5162 turcis
505 5103 716 5174 formidabilis,
728 5105 865 5178 adeuqm
877 5105 984 5162 milites
1026 5122 1113 5182 pares
1123 5105 1181 5163 sint
1193 5105 1350 5164 hominum
1362 5107 1472 5179 gradus
1485 5109 1513 5163 et
1526 5110 1661 5166 eventus:
1673 5109 1731 5168 hoo
1742 5111 1820 5168 enim

191 5185 249 5245 sah
260 5187 364 5245 carolo
378 5183 490 5258 invicti,
502 5187 796 5261 posteaaFraucisco
809 5203 877 5261 rege
886 5187 985 5246 Gallim
1027 5190 1067 5248 a'd
1075 5188 1204 5246 universi
1212 5189 1382 5248 varietatem
1389 5195 1417 5248 et
1423 5189 1559 5249 decorem
1567 5193 1704 5265 pertinet
1716 5195 1818 5265 Tatio,
1833 5203 1913 5250 acaia

191 5269 347 5342 conducti,
361 5283 431 5329 cum
447 5269 581 5344 principa
594 5269 744 5329 fortunam
763 5274 931 5343 mutarum,
945 5269 985 5332 ait
1026 5276 1060 5331 ut
1072 5270 1208 5332 homiues
1220 5288 1255 5330 ex
1270 5273 1350 5333 hisce
1363 5276 1454 5333 baum
1464 5280 1636 5349 agnoscant,
1651 5293 1745 5352 caque
1760 5295 1819 5337 nou
