4018 5976
268 285 322 350 w!
756 281 998 342 connumerata
1016 282 1050 338 ΙΝ
1067 279 1222 349 arabba,
1239 291 1303 340 w.
1322 277 1410 340 xm.

266 391 352 465 quud
366 391 459 460 bem,
477 385 532 462 qui
544 385 629 450 elteri
643 389 883 460 representatur,
901 385 982 446 bano
994 401 1063 444 san·
1108 399 1215 446 nrcmn
1226 399 1344 444 ιιιτιι
1353 389 1468 454 tenor,
1481 399 1518 442 ιι
1530 397 1660 446 ramur
1671 392 1762 454 tran,
1775 393 1813 440 nr
1824 393 1898 444 urm

265 473 387 546 guinem
408 469 524 548 pecoris
545 487 601 544 pro
620 473 741 543 peccato
760 469 891 529 hominia
911 469 1061 544 suscipiat,
1106 481 1239 528 rorrrcns
1251 482 1344 528 rernm
1359 481 1471 539 cornu,
1491 481 1528 527 ar.
1543 481 1623 526 rame
1640 481 1760 527 nexam.
1781 495 1819 512 ·-
1832 466 1898 526 nm
1920 484 1963 534 re,

266 569 363 630 eoque
375 553 518 627 placetur.
1105 551 1185 612 isaim
1196 551 1390 610 vaticinatura
1399 567 1465 624 cap.
1477 565 1519 620 rr,
1532 567 1567 608 os
1575 555 1654 610 taotu
1668 551 1819 610 narbonia
1826 551 1896 622 igniti
1906 547 1964 650 aar

146 647 204 695 ver
217 651 249 692 ra.
301 641 346 698 ¹8.
361 640 486 696 occurro
497 652 547 698 ιιι
562 637 883 698 borram-nooman
894 615 994 708 ribbi
1005 639 1059 704 olo,
1104 649 1159 706 per
1172 634 1312 706 angelum
1323 635 1572 704 mundatumest,
1587 635 1673 708 quasi
1686 633 1897 710 demmpsspi-

264 721 297 780 id
309 726 353 780 est
365 721 573 780 holocaustum
585 726 628 780 est
642 722 784 793 Domin03
795 722 1002 780 holocaustum
1015 720 1060 780 di·
1104 717 1162 776 ritu
1174 719 1280 778 Sancto
1299 718 1450 776 assistente
1466 720 1709 778 mundissimam
1722 719 1897 779 mammae

264 803 340 864 citur
352 805 407 872 olo,
423 804 508 865 idest
518 806 662 874 ascensio,
674 821 710 863 eo
721 805 805 879 quod
821 805 852 864 tn
864 805 917 864 illo
928 809 990 864 tota
1000 802 1061 860 rie·
1104 797 1255 860 locuturo:
1267 801 1308 860 ita
1317 801 1367 862 bio
1377 803 1580 861 sacerdotibus
1589 819 1684 872 aures,
1698 807 1848 862 mammet
1854 819 1897 876 pe·

264 889 337 946 tima
348 903 402 962 per
415 889 515 960 ignom
529 893 557 947 et
571 887 688 946 lamam
702 889 741 946 ad
756 890 848 946 Deum
859 888 1008 946 ascendat.
1104 884 1156 943 dee
1174 886 1318 958 sauguine
1335 888 1507 958 tinguntur,
1526 893 1560 946 ut
1579 889 1723 946 innuatur
1744 888 1810 946 hnc
1821 887 1851 945 iu
1862 889 1896 946 eis

300 973 380 1032 Onon
398 986 576 1032 surrrssruue
595 985 715 1030 rrermn
733 973 844 1028 bonam.
864 1000 896 1014 -·
920 969 1059 1030 Hebraico
1102 969 1895 1045 purissima,etoptimecompoeitaessedebere‚eique

264 1061 321 1123 eet,
334 1055 401 1112 odor
413 1058 529 1127 quietis,
546 1055 577 1110 in
588 1069 650 1127 quo
665 1053 774 1112 scilicet
788 1052 961 1112 suavissime
973 1058 1001 1111 et
1011 1053 1059 1123 ju·
1102 1053 1142 1112 ad
1154 1053 1186 1114 id
1198 1069 1217 1110 a
1231 1057 1288 1112 beo
1302 1059 1426 1112 vocante
1442 1071 1494 1114 eos
1513 1057 1637 1125 gratiam
1654 1059 1776 1130 petere,
1795 1059 1824 1112 ot
1839 1070 1894 1113 ore

264 1139 444 1198 candissimo
463 1138 606 1196 odoratus
622 1136 818 1210 conquiescit;
840 1137 926 1210 quod
939 1139 997 1194 beo
1010 1137 1059 1194 bic
1101 1135 1234 1193 tionibus
1246 1137 1455 1210 sacrificiisque
1467 1138 1599 1196 obtinere
1614 1144 1769 1212 oportere.

264 1221 400 1282 tribuitur
409 1221 618 1295 metaphorice,
631 1221 703 1294 quia
712 1221 889 1280 sacrificium
899 1222 956 1278 boe
966 1223 1057 1280 ileum
1139 1220 1229 1278 Porro
1239 1224 1405 1278 extremum
1420 1222 1560 1280 auricula
1573 1223 1684 1278 dextrae
1697 1221 1826 1294 tingitur
1838 1237 1894 1280 aaa·

262 1305 412 1380 placatum
425 1304 568 1364 reddebat
583 1305 673 1377 (uude
687 1304 841 1362 Chaldaeus
850 1305 944 1372 vertit,
957 1311 989 1362 ut
998 1320 1058 1360 sus·
1102 1303 1201 1375 guina,
1213 1306 1247 1360 ut
1257 1307 1371 1361 teneras
1380 1304 1510 1363 habeant
1523 1321 1618 1376 aures,
1629 1307 1893 1381 promptissimam·

263 1391 384 1460 optatur
397 1405 457 1444 oum
469 1388 658 1458 beneplacito),
673 1390 701 1444 et
714 1391 833 1460 peccata
849 1386 989 1460 expiabat
1003 1401 1058 1460 per
1101 1401 1160 1459 que
1174 1385 1373 1444 obedientiam
1386 1388 1426 1445 nd
1438 1387 1534 1458 legem
1545 1391 1574 1444 et
1585 1389 1758 1446 doctrinam
1774 1391 1893 1462 (tumre

262 1469 354 1532 fidem
375 1471 406 1530 in
428 1470 589 1540 Christurm
610 1471 694 1541 euJ'us
708 1469 894 1542 ‚sacrificium
912 1469 971 1526 boo
989 1485 1055 1539 suo,
1101 1473 1207 1536 terem,
1223 1473 1286 1526 tum
1297 1484 1407 1526 novam
1421 1475 1449 1527 et
1462 1471 1685 1542 Evangelicam,
1699 1487 1774 1546 qum
1786 1475 1892 1546 sangui·

263 1555 382 1628 suisque
396 1555 536 1624 victimis,
550 1558 623 1628 puta
636 1553 770 1610 vituloot
784 1554 882 1622 ariete,
897 1553 1057 1610 adumbra-
1101 1567 1170 1610 nem
1183 1551 1301 1618 (bristi,
1318 1553 1405 1626 quasi
1415 1552 1567 1610 lustralem
1581 1553 1669 1612 nobis
1681 1555 1837 1629 propinat)
1849 1574 1891 1616 au

262 1635 345 1696 baar.
366 1640 433 1696 Erat
450 1653 522 1708 ergo
536 1637 593 1694 boc
605 1651 711 1694 eorum
725 1635 902 1694 sacrificium
917 1638 973 1694 Deo
991 1652 1057 1708 gra·
1101 1637 1241 1694 dieudam
1255 1640 1283 1695 ct
1296 1635 1490 1709 implendam.
1510 1641 1653 1709 Rursum,
1670 1644 1707 1697 ut
1719 1640 1892 1714 significetur

262 1723 327 1778 tam
339 1724 369 1778 et
377 1719 560 1792 jucundum,
574 1734 636 1776 non
650 1733 687 1776 ex
701 1734 790 1791 opere
804 1723 941 1791 operato,
959 1719 1000 1775 uti
1013 1721 1058 1776 est
1100 1718 1300 1778 obedientiam
1312 1719 1390 1776 banc
1403 1724 1578 1794 perpetuam
1599 1737 1679 1792 esse,
1698 1727 1731 1781 et
1751 1723 1794 1781 ad
1809 1723 1891 1782 finem

194 1867 200 1880 ¹
263 1802 439 1860 sacrificium
457 1802 532 1874 legis
548 1817 648 1871 norm,
667 1803 720 1859 sed
737 1817 775 1860 ox
789 1817 878 1874 opere
892 1803 1054 1875 operantis3
1100 1817 1195 1875 usque
1204 1803 1317 1877 porrigi
1327 1803 1446 1860 debere
1459 1806 1519 1862 lico
1527 1803 1608 1862 enim
1617 1804 1769 1877 significat
1778 1810 1891 1866 mentre

262 1888 325 1946 arat
339 1887 418 1944 enim
432 1891 514 1944 actus
527 1886 618 1946 latriae
632 1888 660 1942 et
670 1885 856 1943 obedientiae.
1099 1901 1187 1955 raum,
1200 1886 1241 1944 ait
1258 1889 1285 1944 S.
1301 1887 1446 1959 cyrillus,
1460 1887 1514 1946 lib.
1527 1889 1560 1946 lll
1572 1891 1612 1944 lte
1624 1889 1746 1948 Aderat.
1762 1892 1796 1946 r’n
1804 1893 1888 1962 spirit.

297 1971 422 2028 vrorum
431 1971 546 2028 bonrnr.
556 1997 591 2012 ·-
600 1967 749 2039 Hebraico,
760 1971 871 2038 iqrrr'tr'o,
882 1967 913 2024 id
922 1972 965 2024 est
974 1967 1057 2028 obla·
1099 1969 1286 2028 arvernici.
1300 1972 1364 2028 229.

261 2049 304 2110 tio
315 2051 407 2124 ignita
413 2094 423 2124 ‚
441 2059 481 2110 eet
496 2055 624 2118 Domino,
642 2055 716 2126 puta
732 2056 775 2108 est
786 2051 1010 2122 holocaustum,
1025 2052 1056 2110 in
1137 2052 1237 2108 Pollex
1249 2067 1320 2109 vero
1336 2069 1443 2112 manus
1458 2055 1586 2114 dexterae
1602 2057 1743 2129 (singulis
1756 2057 1836 2116 eninr
1847 2059 1888 2118 rlle

262 2149 325 2212 quo
336 2137 438 2194 omnia
451 2133 667 2194 comburuntur
682 2139 711 2192 et
723 2139 949 2192 consumuntur.
1101 2135 1183 2194 solus
1201 2135 1414 2210 aspergebatur
1433 2139 1592 2210 sanguine)
1612 2141 1758 2212 sanguine
1777 2141 1889 2214 tingitm

297 2219 371 2278 Nota
384 2237 392 2276 r
405 2221 436 2276 ln
449 2219 667 2278 consecratione
681 2219 737 2276 bae
752 2218 873 2277 aaronis
884 2225 913 2276 et
925 2217 1057 2278 filiorum
1099 2219 1139 2276 nd
1152 2217 1270 2277 firmam
1280 2219 1456 2279 obedientiae
1467 2222 1541 2292 legis
1552 2224 1761 2282 executionem
1770 2241 1781 2295 ς
1791 2225 1887 2285 itemet

261 2303 294 2362 in
306 2302 486 2371 sacerdotes,
506 2301 642 2360 oblatum
661 2300 716 2358 iuit
733 2317 822 2359 ornae
838 2317 932 2372 genus
946 2301 1056 2362 sacrib·
1098 2301 1199 2376 pollex
1208 2303 1294 2377 pedis
1303 2303 1411 2374 dextri,
1419 2305 1460 2363 ad
1467 2306 1591 2363 celerem
1602 2310 1721 2364 motam
1731 2311 1886 2383 exequendi

261 2385 393 2452 olorum,
407 2385 516 2442 scilicet
527 2385 749 2452 holocaustum,
766 2385 941 2457 pacificum,
959 2391 988 2442 et
998 2400 1055 2459 pro
1098 2399 1176 2456 eam,
1190 2384 1222 2442 iu
1235 2399 1330 2459 caque
1343 2386 1530 2460 ambulandi,
1543 2389 1585 2446 ait
1598 2389 1778 2466 liudulphus
1788 2393 1884 2469 ineap.

260 2473 381 2546 peccato
397 2485 404 2524 r
421 2467 461 2524 ad
474 2467 525 2525 illa
537 2467 617 2524 enim
632 2466 786 2524 offerenda
799 2465 1014 2526 ordinabantur
1027 2471 1055 2526 ol
1098 2483 1147 2528 rru
1159 2470 1284 2528 levitica

261 2549 509 2612 consecrabantur
529 2549 595 2622 ipsi.
619 2552 691 2606 Nam
714 2549 789 2606 aries
812 2565 890 2606 nnus
911 2550 1054 2622 primario
1133 2551 1256 2606 Dextera
1275 2553 1375 2609 autem
1387 2551 1468 2610 auris
1485 2553 1629 2626 etpollex
1641 2557 1813 2628 unguntur,
1831 2571 1884 2615 non

261 2635 379 2695 oblatus
398 2637 440 2690 est
457 2633 488 2690 in
505 2632 711 2688 holocaustum
721 2671 732 2701 ‚
750 2631 818 2689 licet
834 2635 863 2690 et
881 2634 1054 2694 comitanter
1097 2628 1882 2710 sinistraztumquiadexternproestantiorestsinistrar

260 2735 316 2796 pro
329 2717 454 2794 peccatis
473 2716 627 2774 offerretur
634 2734 644 2786 5
659 2717 732 2774 alter
745 2717 820 2774 aries
834 2713 952 2774 oblatus
965 2726 1009 2776 est
1022 2720 1053 2778 in
1096 2718 1162 2772 tum
1175 2719 1209 2772 ut
1220 2715 1279 2775 hoo
1291 2716 1432 2790 symbolo
1448 2717 1533 2776 tacito
1546 2723 1677 2794 petatur,
1696 2726 1732 2780 ut
1747 2723 1812 2782 bac
1823 2740 1883 2782 une»

259 2803 387 2863 hostiam
407 2801 577 2876 pacificam3
596 2800 706 2858 vitulus
725 2800 854 2874 denique
872 2800 990 2860 oblatus
1011 2808 1054 2864 cst
1096 2798 1154 2869 tio,
1167 2799 1327 2873 omniaque
1342 2802 1384 2858 eis
1397 2800 1456 2859 sint
1468 2803 1586 2873 dextra,
1599 2803 1698 2862 fausta
1709 2810 1740 2863 et
1753 2807 1852 2865 felicia.

259 2901 315 2963 pro
329 2889 459 2960 peccato.
473 2883 564 2941 Simili
578 2883 690 2942 ratione
704 2883 736 2940 ia
749 2883 814 2954 lege
828 2899 917 2955 nova,
931 2885 961 2942 in
974 2887 1053 2946 ordi·
1131 2883 1297 2952 Funnnsoue
1316 2898 1475 2944 sensuram
1493 2900 1582 2944 surra
1600 2901 1710 2948 ιιιιιι
1723 2904 1779 2948 ren
1792 2905 1882 2950 errror-
1978 2883 1980 2906 ¹

259 2968 379 3028 natione
397 2973 426 3024 et
443 2967 662 3025 consecratione
679 2969 866 3026 sacerdotum
885 2973 914 3026 et
930 2970 1053 3042 pontifi·
1096 2980 1166 3038 rua,
1178 2995 1214 3010 ·-
1226 2971 1310 3040 puta,
1324 2983 1378 3040 per
1391 2967 1515 3042 parietes
1528 2969 1631 3028 altaris
1643 2971 1882 3044 circumciroa,ab

259 3066 328 3112 oum
340 3050 504 3110 celebratur
517 3055 545 3106 et
556 3049 678 3108 offertur
688 3051 864 3110 sacrificium
876 3052 977 3120 Missa,
990 3057 1055 3112 tan·
1095 3049 1237 3110 omnibus
1250 3056 1379 3124 quatuor
1398 3053 1463 3123 ejus
1483 3053 1642 3128 lateribus3
1661 3070 1725 3115 non
1742 3059 1881 3131 argoiun

259 3153 351 3211 quam
364 3140 447 3196 actus
457 3139 486 3194 et
497 3133 609 3194 oblatio
622 3135 763 3210 adquam
774 3137 951 3196 ordinantur
960 3151 1054 3200 sacer·
1095 3133 1222 3192 debatur
1235 3134 1355 3206 megaris
1364 3135 1413 3192 bie
1422 3151 1512 3212 super
1522 3153 1636 3198 cornua
1644 3141 1746 3198 altaris
1756 3155 1880 3217 superne,

260 3221 354 3280 dotes.
1070 3215 1487 3300 'quiahocinnulbsflebat
1496 3221 1600 3280 hostiis
1613 3223 1880 3300 pacificis,atpetet

141 3315 248 3380 armen
294 3303 454 3378 allegorice
472 3301 790 3378 Radulphusiuleor't.
808 3317 874 3377 cap.
886 3307 1052 3378 rxrllosoa,
1094 3300 1880 3382 levit.cap.nr;nonciiamsuperparimeutumjmta

141 3389 173 3426 ⁶⁸·
260 3387 372 3464 inquit,
388 3385 533 3460 significat
548 3385 658 3470 legem,
677 3385 787 3446 vitulus
801 3387 947 3458 significat
958 3391 1054 3448 cbris-
1094 3383 1202 3455 altare;
1217 3385 1270 3442 sed
1280 3400 1334 3459 per
1351 3391 1480 3460 quotuor
1492 3388 1556 3460 eius
1572 3391 1698 3464 parietes
1711 3411 1719 3448 ε
1734 3394 1797 3451 lroc
1811 3395 1878 3452 enim

258 3479 338 3544 tum,
364 3479 461 3530 Aaron
478 3476 507 3529 et
525 3470 578 3528 filii
597 3471 661 3542 ejirs
680 3469 846 3541 significant
868 3471 1003 3530 doctores
1024 3474 1054 3531 ot
1094 3468 1242 3542 peculiare
1253 3468 1383 3526 habebat
1395 3470 1458 3530 brec
1471 3471 1722 3546 barbarinorum,
1736 3481 1771 3534 ut
1782 3477 1877 3551 signifi·

257 3553 464 3630 predicatores
478 3553 677 3624 Evangelioos.
693 3555 785 3610 liores
798 3567 880 3624 ergo,
894 3553 926 3612 id
936 3559 980 3610 est
992 3554 1051 3625 lex,
1093 3556 1209 3610 caretur
1218 3553 1277 3610 hoe
1286 3551 1429 3611 sacrificio
1441 3555 1513 3629 peti,
1523 3559 1825 3619 utooutaotusaltaris
1833 3576 1878 3619 no·

258 3654 359 3696 coram
372 3643 485 3696 narone
498 3637 620 3708 ejusque
635 3635 714 3704 tiliis,
727 3635 853 3692 vitulum
863 3651 920 3709 pro
930 3641 1052 3707 peccato
1093 3635 1178 3692 vellis
1199 3635 1279 3694 hisce
1299 3637 1503 3698 sacerdotibus
1522 3637 1598 3699 foret
1618 3655 1745 3716 prosper
1762 3647 1793 3703 at
1809 3644 1876 3703 erlu-

256 3725 381 3788 maotat‚
395 3735 465 3776 cunr
478 3717 635 3776 doctorum
653 3717 803 3774 scientiam
817 3718 854 3774 do
868 3717 971 3776 Christi
984 3733 1053 3792 pas·
1092 3720 1174 3778 teris.
1395 3731 1398 3738 ’

257 3803 342 3864 sione
361 3799 511 3860 informat.
532 3799 621 3859 dilect
639 3800 765 3864 secundo,
783 3800 903 3858 arietem
918 3802 949 3858 irr
966 3799 1052 3860 bolo-
1127 3806 1173 3860 21.
1192 3805 1232 3860 be
1249 3817 1323 3863 oreo
1342 3819 1488 3866 oncrrorns
1507 3807 1559 3880 (de
1573 3808 1658 3881 cnjus
1674 3811 1875 3886 compositione
1885 3825 1952 3872 rau

257 3889 407 3956 caustum,
427 3884 500 3958 quia
518 3884 605 3942 docet
622 3883 742 3940 eosdem
756 3881 862 3940 ollerre
876 3899 907 3939 se
921 3883 952 3940 in
965 3882 1051 3942 bolo·
1093 3887 1206 3946 dicetur
1224 3905 1290 3962 cap.
1311 3905 1387 3960 ιιι,
1406 3905 1482 3950 vers.
1502 3894 1553 3965 23>
1575 3898 1715 3954 bsecrans
1733 3902 1831 3956 Aaron
1845 3911 1875 3954 rr

256 3975 391 4030 caustum
402 3968 536 4046 perlectae
549 3966 795 4034 conversationis,
811 3971 844 4024 ut
860 3966 925 4024 aliis
940 3967 1009 4024 fidoi
1022 3972 1051 4026 et
1092 3983 1193 4030 rnsres
1208 3987 1282 4028 erus.
1298 4001 1333 4016 -·
1346 3975 1493 4044 Sanguine
1506 3989 1578 4047 ergo
1591 3981 1621 4034 et
1633 3977 1717 4049 oleo,
1737 3980 1874 4040 eiresoor·

256 4052 408 4114 bonorum
421 4067 547 4128 operum
559 4049 618 4106 sint
638 4049 737 4108 ducos.
761 4049 851 4106 Ollart
865 4054 960 4114 terrio,
977 4051 1050 4108 arie·
1092 4055 1874 4136 sirnquolibeteorum,sive,quodvarisimiliuaest,ia·

256 4131 692 4212 teminrictimampaoiiicam,
708 4133 1050 4206 quindecercosuhristi
1091 4139 1874 4224 tersoeorrrnrixtislustrabanturtamsacerdotesquam

255 4221 347 4280 vitam
357 4219 497 4280 fidelibus
510 4217 621 4294 passim
633 4215 807 4274 imitandam
820 4232 995 4292 proponere.
1091 4237 1195 4279 eorum
1205 4229 1310 4293 vestes,
1321 4225 1419 4296 imque
1430 4226 1515 4298 quasi
1529 4229 1789 4304 consecrabantur,
1799 4237 1873 4292 utan-

139 4326 242 4378 rma.
291 4314 336 4370 19.
351 4313 458 4370 Tarans
469 4323 580 4382 pronun
592 4322 713 4366 aarernu
726 4321 865 4366 arrnnun.
879 4337 912 4350 -
927 4309 975 4364 Est
987 4308 1050 4366 baec
1090 4311 1155 4360 sent
1164 4308 1395 4366 accommodatur
1405 4324 1509 4366 eorum
1523 4310 1777 4386 functionibus‚et
1786 4317 1873 4390 expia·

255 4392 374 4454 victima
387 4393 490 4450 ordine
505 4391 597 4448 tertia.
620 4393 715 4448 Primo
732 4391 811 4448 euim
824 4395 887 4448 erat
905 4405 962 4462 pro
983 4407 1048 4462 pec·
1089 4388 1163 4445 tioni
1177 4395 1364 4462 peccatorum
1372 4409 1381 4462 ;
1396 4393 1480 4450 sicuti
1494 4395 1628 4454 almodo
1642 4402 1738 4456 vestes
1750 4401 1872 4458 sacerdo-

255 4480 338 4546 oato,
353 4480 426 4548 puta
439 4474 559 4532 vitulus.
574 4474 696 4532 Secunda
709 4478 771 4530 erat
783 4473 814 4532 in
829 4473 1047 4542 holocaustum,
1089 4473 1161 4530 tales
1184 4472 1224 4530 ab
1246 4474 1390 4547 Episcopo
1409 4476 1634 4538 benedicuntur.
1655 4481 1721 4539 Fuit
1738 4499 1810 4556 ergo
1825 4485 1872 4541 boo

253 4563 328 4634 puta
340 4557 426 4620 aries.
444 4559 537 4618 retra
550 4557 598 4614 hic
612 4562 655 4616 est
668 4557 743 4614 aries
757 4555 847 4626 alter,
860 4557 914 4630 qui
927 4557 1049 4614 oilertur
1089 4555 1188 4610 oleum
1202 4573 1270 4612 carn
1283 4558 1427 4624 sananim
1440 4561 1572 4620 vestibus
1584 4563 1770 4638 inspersum,
1783 4568 1870 4642 itaque

253 4643 286 4702 in
298 4642 448 4702 victimam
460 4641 626 4716 pacificam,
636 4644 670 4697 ut
681 4639 790 4698 scilicet
802 4655 943 4712 prospere
954 4655 1048 4696 sacen·
1089 4638 1161 4695 loris
1174 4640 1292 4698 macula
1301 4641 1432 4700 restibus
1445 4657 1565 4716 aspersa
1577 4645 1644 4717 luit,
1658 4651 1692 4705 ut
1703 4649 1871 4720 signiticare-

254 4727 370 4786 dotium
379 4724 660 4783 novellisacerdotos
670 4723 862 4796 susciperent,
872 4727 962 4795 utque
972 4723 1048 4779 illud
1088 4726 1136 4778 tur
1145 4724 1326 4780 sacerdotem
1339 4725 1541 4783 istisvestibus
1552 4729 1692 4788 indutum
1703 4735 1871 4793 amaedeu-

254 4812 296 4868 eis
308 4814 337 4868 et
349 4809 464 4886 populo
477 4807 650 4882 pacificum,
669 4806 702 4867 id
718 4813 761 4864 est
773 4804 902 4864 inustum
915 4809 944 4864 et
956 4805 1047 4865 fortu—
1087 4821 1156 4864 rum
1171 4811 1200 4864 ot
1213 4811 1444 4880 expurgaturum
1460 4810 1564 4870 sordes
1583 4817 1613 4870 et
1629 4819 1751 4886 peccata
1764 4817 1868 4892 populi.

253 4896 375 4961 natum,
387 4891 472 4950 ieret.
1087 4890 1195 4948 Eadem
1211 4891 1311 4948 unctio
1325 4891 1494 4950 adhibenda
1503 4893 1571 4966 fuit,
1585 4897 1710 4969 quando
1721 4899 1869 4960 alianora

136 4988 197 5038 rm.
206 4994 240 5036 ro.
288 4978 334 5034 20.
348 4977 429 5043 Quen
441 4989 498 5034 aun
511 4988 712 5042 renumerare,
724 4999 761 5016 -
774 4986 865 5045 quern
878 4987 946 5030 oum
957 4973 1046 5045 iuga·
1086 4978 1181 5030 vestes
1191 4975 1397 5046 sacerdotales,
1404 4975 1553 5036 veteribus
1559 4977 1639 5038 hisce
1647 4980 1768 5056 detritis,
1777 4989 1869 5058 postea

253 5058 345 5118 lando
357 5057 565 5114 sacrificaveris
579 5059 647 5114 Deo.
661 5059 733 5114 Nam
747 5058 850 5128 postea
859 5054 934 5111 aries
945 5055 993 5112 bic
1006 5057 1046 5112 ad
1086 5056 1225 5116 coniecta
1236 5057 1363 5114 luerunt.

31 5109 36 5238 1
253 5139 372 5214 plenam
384 5139 518 5198 sacrificii
528 5139 814 5198 consummationem
825 5137 1045 5198 comburendus
1120 5142 1166 5197 22.
1180 5143 1287 5198 Terras
1300 5157 1404 5200 curren
1419 5158 1456 5202 ne
1469 5159 1569 5203 aalma
1584 5161 1620 5204 m
1633 5163 1756 5209 munau.
1766 5179 1803 5194 -
1815 5153 1868 5210 liro
1880 5157 1949 5210 rma

253 5226 324 5280 arat.
1084 5223 1241 5284 enimeuat
1250 5225 1447 5298 pinguioraet
1456 5227 1804 5294 delicatiorainnnimali.
1813 5235 1870 5296 vuit

32 5241 37 5390 ι
288 5307 326 5362 Er
336 5319 423 5364 ronne
433 5305 616 5379 (sanquinem
624 5301 731 5380 arietis)
742 5319 986 5366 eurenurruorun
996 5323 1045 5367 ru·
1062 5307 1225 5412 “arnobi-c-
1232 5311 1307 5422 licus
1320 5309 1421 5370 omnia
1434 5310 1566 5386 pinguia,
1579 5318 1609 5374 et
1621 5315 1771 5394 quidquid
1783 5320 1871 5394 operit
