<?xml version="1.0" encoding="UTF-8"?>
<!DOCTYPE html PUBLIC "-//W3C//DTD XHTML 1.0 Transitional//EN"
    "http://www.w3.org/TR/xhtml1/DTD/xhtml1-transitional.dtd">
<html xmlns="http://www.w3.org/1999/xhtml" xml:lang="en" lang="en">
 <head>
  <title>
</title>
<meta http-equiv="Content-Type" content="text/html;charset=utf-8" />
  <meta name='ocr-system' content='tesseract 3.04.00' />
  <meta name='ocr-capabilities' content='ocr_page ocr_carea ocr_par ocr_line ocrx_word'/>
</head>
<body>
  <div class='ocr_page' id='page_1' title='image "./commentariainsc00lapigoog/commentariainsc00lapigoog_0820.png"; bbox 0 0 4118 6042; ppageno 0'>
   <div class='ocr_carea' id='block_1_1' title="bbox 624 361 1804 461">
    <p class='ocr_par' dir='ltr' id='par_1_1' title="bbox 624 361 1804 461">
     <span class='ocr_line' id='line_1_1' title="bbox 624 361 1804 461; baseline -0.003 -9"><span class='ocrx_word' id='word_1_1' title='bbox 624 361 625 366; x_wconf 61' lang='lat'>&#39;</span> <span class='ocrx_word' id='word_1_2' title='bbox 673 387 1308 461; x_wconf 61' lang='lat' dir='ltr'><strong>commanducandum.</strong></span> <span class='ocrx_word' id='word_1_3' title='bbox 1751 387 1804 449; x_wconf 78' lang='lat' dir='ltr'><strong>ece</strong></span> 
     </span>
    </p>
   </div>
   <div class='ocr_carea' id='block_1_2' title="bbox 0 491 1937 5325">
    <p class='ocr_par' dir='ltr' id='par_1_2' title="bbox 160 491 1806 819">
     <span class='ocr_line' id='line_1_2' title="bbox 172 491 1805 568; baseline -0.004 -11"><span class='ocrx_word' id='word_1_4' title='bbox 172 514 245 562; x_wconf 86' lang='lat' dir='ltr'><strong>nare</strong></span> <span class='ocrx_word' id='word_1_5' title='bbox 257 497 374 557; x_wconf 61' lang='lat' dir='ltr'><strong>dicim</strong></span> <span class='ocrx_word' id='word_1_6' title='bbox 388 491 517 564; x_wconf 79' lang='lat' dir='ltr'><strong>Angelus</strong></span> <span class='ocrx_word' id='word_1_7' title='bbox 527 507 598 564; x_wconf 87' lang='lat' dir='ltr'><strong>ergo</strong></span> <span class='ocrx_word' id='word_1_8' title='bbox 610 491 750 564; x_wconf 79' lang='lat' dir='ltr'><strong>clangens</strong></span> <span class='ocrx_word' id='word_1_9' title='bbox 763 491 801 550; x_wconf 91' lang='lat' dir='ltr'><strong>de</strong></span> <span class='ocrx_word' id='word_1_10' title='bbox 814 495 915 552; x_wconf 86' lang='lat' dir='ltr'><strong>monte</strong></span> <span class='ocrx_word' id='word_1_11' title='bbox 928 491 969 549; x_wconf 88' lang='lat' dir='ltr'><strong>Si·</strong></span> <span class='ocrx_word' id='word_1_12' title='bbox 1011 494 1036 558; x_wconf 82' lang='lat' dir='ltr'><strong>si</strong></span> <span class='ocrx_word' id='word_1_13' title='bbox 1048 494 1145 568; x_wconf 86' lang='lat' dir='ltr'><strong>legem</strong></span> <span class='ocrx_word' id='word_1_14' title='bbox 1158 497 1210 554; x_wconf 83' lang='lat' dir='ltr'><strong>liei</strong></span> <span class='ocrx_word' id='word_1_15' title='bbox 1220 496 1381 568; x_wconf 75' lang='lat' dir='ltr'><strong>dolarent,</strong></span> <span class='ocrx_word' id='word_1_16' title='bbox 1401 495 1444 554; x_wconf 88' lang='lat' dir='ltr'><strong>uti</strong></span> <span class='ocrx_word' id='word_1_17' title='bbox 1459 495 1590 554; x_wconf 59' lang='lat' dir='ltr'><strong>dezane</strong></span> <span class='ocrx_word' id='word_1_18' title='bbox 1601 492 1646 564; x_wconf 81' lang='lat' dir='ltr'><strong>pb</strong></span> <span class='ocrx_word' id='word_1_19' title='bbox 1657 493 1805 567; x_wconf 77' lang='lat' dir='ltr'><strong>legievio-¹</strong></span> 
     </span>
     <span class='ocr_line' id='line_1_3' title="bbox 173 575 1805 655; baseline -0.005 -13"><span class='ocrx_word' id='word_1_20' title='bbox 173 577 569 655; x_wconf 66' lang='lat' dir='ltr'><strong>mathabentaaalaeus,</strong></span> <span class='ocrx_word' id='word_1_21' title='bbox 584 576 970 650; x_wconf 63' lang='lat' dir='ltr'><strong>septuagensimum</strong></span> <span class='ocrx_word' id='word_1_22' title='bbox 1010 575 1166 650; x_wconf 87' lang='lat' dir='ltr'><strong>lationem,</strong></span> <span class='ocrx_word' id='word_1_23' title='bbox 1186 579 1260 638; x_wconf 85' lang='lat' dir='ltr'><strong>urbs</strong></span> <span class='ocrx_word' id='word_1_24' title='bbox 1280 584 1309 636; x_wconf 87' lang='lat' dir='ltr'><strong>et</strong></span> <span class='ocrx_word' id='word_1_25' title='bbox 1327 579 1473 654; x_wconf 86' lang='lat' dir='ltr'><strong>templum</strong></span> <span class='ocrx_word' id='word_1_26' title='bbox 1490 579 1592 653; x_wconf 88' lang='lat' dir='ltr'><strong>primo</strong></span> <span class='ocrx_word' id='word_1_27' title='bbox 1610 595 1632 636; x_wconf 86' lang='lat' dir='ltr'><strong>a</strong></span> <span class='ocrx_word' id='word_1_28' title='bbox 1648 576 1805 648; x_wconf 74' lang='lat' dir='ltr'><strong>Gbalduia,</strong></span> 
     </span>
     <span class='ocr_line' id='line_1_4' title="bbox 160 659 1806 740; baseline -0.005 -14"><span class='ocrx_word' id='word_1_29' title='bbox 160 664 336 740; x_wconf 71' lang='lat' dir='ltr'><strong>&#39;sequentia</strong></span> <span class='ocrx_word' id='word_1_30' title='bbox 358 663 416 720; x_wconf 88' lang='lat' dir='ltr'><strong>hoc</strong></span> <span class='ocrx_word' id='word_1_31' title='bbox 439 661 577 732; x_wconf 89' lang='lat' dir='ltr'><strong>clangore</strong></span> <span class='ocrx_word' id='word_1_32' title='bbox 598 659 748 733; x_wconf 89' lang='lat' dir='ltr'><strong>populum</strong></span> <span class='ocrx_word' id='word_1_33' title='bbox 770 659 913 716; x_wconf 76' lang='lat' dir='ltr'><strong>evocabat</strong></span> <span class='ocrx_word' id='word_1_34' title='bbox 932 673 969 714; x_wconf 84' lang='lat' dir='ltr'><strong>ex</strong></span> <span class='ocrx_word' id='word_1_35' title='bbox 1012 659 1119 720; x_wconf 89' lang='lat' dir='ltr'><strong>deinde</strong></span> <span class='ocrx_word' id='word_1_36' title='bbox 1133 677 1151 720; x_wconf 90' lang='lat' dir='ltr'><strong>a</strong></span> <span class='ocrx_word' id='word_1_37' title='bbox 1163 663 1226 720; x_wconf 83' lang='lat' dir='ltr'><strong>Tito</strong></span> <span class='ocrx_word' id='word_1_38' title='bbox 1242 663 1424 720; x_wconf 55' lang='lat' dir='ltr'><strong>&amp;Romanis</strong></span> <span class='ocrx_word' id='word_1_39' title='bbox 1435 663 1568 734; x_wconf 88' lang='lat' dir='ltr'><strong>incensa,</strong></span> <span class='ocrx_word' id='word_1_40' title='bbox 1589 664 1619 718; x_wconf 86' lang='lat' dir='ltr'><strong>et</strong></span> <span class='ocrx_word' id='word_1_41' title='bbox 1638 660 1806 718; x_wconf 81' lang='lat' dir='ltr'><strong>intumum</strong></span> 
     </span>
     <span class='ocr_line' id='line_1_5' title="bbox 175 740 1407 819; baseline -0.004 -11"><span class='ocrx_word' id='word_1_42' title='bbox 175 749 276 808; x_wconf 88' lang='lat' dir='ltr'><strong>castris</strong></span> <span class='ocrx_word' id='word_1_43' title='bbox 298 764 316 804; x_wconf 89' lang='lat' dir='ltr'><strong>a</strong></span> <span class='ocrx_word' id='word_1_44' title='bbox 336 748 436 804; x_wconf 90' lang='lat' dir='ltr'><strong>monte</strong></span> <span class='ocrx_word' id='word_1_45' title='bbox 456 743 575 814; x_wconf 90' lang='lat' dir='ltr'><strong>dissitis,</strong></span> <span class='ocrx_word' id='word_1_46' title='bbox 596 747 629 798; x_wconf 93' lang='lat' dir='ltr'><strong>ut</strong></span> <span class='ocrx_word' id='word_1_47' title='bbox 647 743 760 800; x_wconf 89' lang='lat' dir='ltr'><strong>veniret</strong></span> <span class='ocrx_word' id='word_1_48' title='bbox 777 741 819 799; x_wconf 90' lang='lat' dir='ltr'><strong>ad</strong></span> <span class='ocrx_word' id='word_1_49' title='bbox 837 740 969 800; x_wconf 89' lang='lat' dir='ltr'><strong>radicem</strong></span> <span class='ocrx_word' id='word_1_50' title='bbox 1012 741 1183 819; x_wconf 82' lang='lat' dir='ltr'>cineresque</span> <span class='ocrx_word' id='word_1_51' title='bbox 1197 745 1316 803; x_wconf 86' lang='lat' dir='ltr'><strong>redacta</strong></span> <span class='ocrx_word' id='word_1_52' title='bbox 1328 749 1407 802; x_wconf 82' lang='lat' dir='ltr'><strong>sunt.</strong></span> 
     </span>
    </p>

    <p class='ocr_par' dir='ltr' id='par_1_3' title="bbox 176 823 1807 903">
     <span class='ocr_line' id='line_1_6' title="bbox 176 823 1807 903; baseline -0.002 -11"><span class='ocrx_word' id='word_1_53' title='bbox 176 832 296 901; x_wconf 89' lang='lat' dir='ltr'><strong>montis,</strong></span> <span class='ocrx_word' id='word_1_54' title='bbox 304 831 406 903; x_wconf 87' lang='lat' dir='ltr'><strong>ibique</strong></span> <span class='ocrx_word' id='word_1_55' title='bbox 413 828 509 899; x_wconf 87' lang='lat' dir='ltr'><strong>legem</strong></span> <span class='ocrx_word' id='word_1_56' title='bbox 519 825 667 896; x_wconf 80' lang='lat' dir='ltr'><strong>beoalogi,</strong></span> <span class='ocrx_word' id='word_1_57' title='bbox 680 825 787 896; x_wconf 90' lang='lat' dir='ltr'><strong>angelo</strong></span> <span class='ocrx_word' id='word_1_58' title='bbox 800 823 969 898; x_wconf 85' lang='lat' dir='ltr'><strong>quesiprre·</strong></span> <span class='ocrx_word' id='word_1_59' title='bbox 1045 830 1179 897; x_wconf 75' lang='lat' dir='ltr'><strong>[terrane</strong></span> <span class='ocrx_word' id='word_1_60' title='bbox 1192 843 1279 888; x_wconf 79' lang='lat' dir='ltr'><strong>onais</strong></span> <span class='ocrx_word' id='word_1_61' title='bbox 1295 844 1372 887; x_wconf 80' lang='lat' dir='ltr'><strong>noas</strong></span> <span class='ocrx_word' id='word_1_62' title='bbox 1387 842 1553 886; x_wconf 79' lang='lat' dir='ltr'><strong>meamea.</strong></span> <span class='ocrx_word' id='word_1_63' title='bbox 1573 857 1611 880; x_wconf 80' lang='lat'><strong>-.-</strong></span> <span class='ocrx_word' id='word_1_64' title='bbox 1626 830 1702 885; x_wconf 85' lang='lat' dir='ltr'><strong>Bene</strong></span> <span class='ocrx_word' id='word_1_65' title='bbox 1720 828 1807 888; x_wconf 81' lang='lat' dir='ltr'><strong>vertit</strong></span> 
     </span>
    </p>

    <p class='ocr_par' dir='ltr' id='par_1_4' title="bbox 0 909 1808 988">
     <span class='ocr_line' id='line_1_7' title="bbox 0 909 1808 988; baseline 0 -18"><span class='ocrx_word' id='word_1_66' title='bbox 0 959 1 970; x_wconf 71' lang='grc'><strong>.</strong></span> <span class='ocrx_word' id='word_1_67' title='bbox 176 931 250 976; x_wconf 89' lang='lat' dir='ltr'><strong>cone</strong></span> <span class='ocrx_word' id='word_1_68' title='bbox 264 915 315 974; x_wconf 83' lang='lat' dir='ltr'><strong>bei</strong></span> <span class='ocrx_word' id='word_1_69' title='bbox 326 913 537 988; x_wconf 90' lang='lat' dir='ltr'><strong>proclamante,</strong></span> <span class='ocrx_word' id='word_1_70' title='bbox 551 909 677 966; x_wconf 89' lang='lat' dir='ltr'><strong>audiret.</strong></span> <span class='ocrx_word' id='word_1_71' title='bbox 1011 911 1127 982; x_wconf 79' lang='lat' dir='ltr'><strong>Noster,</strong></span> <span class='ocrx_word' id='word_1_72' title='bbox 1144 913 1170 970; x_wconf 90' lang='lat' dir='ltr'><strong>si</strong></span> <span class='ocrx_word' id='word_1_73' title='bbox 1189 913 1430 986; x_wconf 80' lang='lat' dir='ltr'><strong>aliiapuactisin</strong></span> <span class='ocrx_word' id='word_1_74' title='bbox 1444 911 1808 984; x_wconf 75' lang='lat' dir='ltr'><strong>Hebraeolagasinlo&#39;pba&#39;t</strong></span> 
     </span>
    </p>

    <p class='ocr_par' dir='ltr' id='par_1_5' title="bbox 65 990 1808 1074">
     <span class='ocr_line' id='line_1_8' title="bbox 65 990 1808 1074; baseline 0.001 -20"><span class='ocrx_word' id='word_1_75' title='bbox 65 1009 153 1066; x_wconf 69' lang='lat' dir='ltr'><strong>sagar-</strong></span> <span class='ocrx_word' id='word_1_76' title='bbox 211 999 345 1074; x_wconf 79' lang='lat' dir='ltr'><strong>nystice‚</strong></span> <span class='ocrx_word' id='word_1_77' title='bbox 364 996 477 1055; x_wconf 88' lang='lat' dir='ltr'><strong>sonitus</strong></span> <span class='ocrx_word' id='word_1_78' title='bbox 494 994 627 1052; x_wconf 79' lang='lat' dir='ltr'><strong>buccinae</strong></span> <span class='ocrx_word' id='word_1_79' title='bbox 647 990 970 1064; x_wconf 83' lang='lat' dir='ltr'><strong>significabatgravita·</strong></span> <span class='ocrx_word' id='word_1_80' title='bbox 1011 997 1290 1064; x_wconf 69' lang='lat' dir='ltr'><strong>nanta‘aetaeaared,</strong></span> <span class='ocrx_word' id='word_1_81' title='bbox 1307 998 1339 1054; x_wconf 88' lang='lat' dir='ltr'><strong>id</strong></span> <span class='ocrx_word' id='word_1_82' title='bbox 1352 1000 1405 1068; x_wconf 85' lang='lat' dir='ltr'><strong>est,</strong></span> <span class='ocrx_word' id='word_1_83' title='bbox 1418 996 1578 1066; x_wconf 82' lang='lat' dir='ltr'><strong>etterruit,</strong></span> <span class='ocrx_word' id='word_1_84' title='bbox 1591 995 1808 1068; x_wconf 84' lang='lat' dir='ltr'><strong>sivsperterre·</strong></span> 
     </span>
    </p>

    <p class='ocr_par' dir='ltr' id='par_1_6' title="bbox 53 1074 1809 1175">
     <span class='ocr_line' id='line_1_9' title="bbox 53 1074 1809 1175; baseline -0.004 -32"><span class='ocrx_word' id='word_1_85' title='bbox 53 1081 163 1175; x_wconf 49' lang='lat' dir='ltr'><strong>‘affl&#39;</strong></span> <span class='ocrx_word' id='word_1_86' title='bbox 177 1091 236 1143; x_wconf 89' lang='lat' dir='ltr'><strong>tem</strong></span> <span class='ocrx_word' id='word_1_87' title='bbox 254 1085 470 1157; x_wconf 79' lang='lat' dir='ltr'><strong>praceptorum</strong></span> <span class='ocrx_word' id='word_1_88' title='bbox 492 1079 553 1149; x_wconf 84' lang='lat' dir='ltr'><strong>Dei,</strong></span> <span class='ocrx_word' id='word_1_89' title='bbox 574 1093 642 1150; x_wconf 76' lang='lat' dir='ltr'><strong>quae</strong></span> <span class='ocrx_word' id='word_1_90' title='bbox 663 1075 902 1148; x_wconf 84' lang='lat' dir='ltr'><strong>utimpleantur„</strong></span> <span class='ocrx_word' id='word_1_91' title='bbox 916 1074 971 1132; x_wconf 84' lang='lat' dir='ltr'><strong>ho·</strong></span> <span class='ocrx_word' id='word_1_92' title='bbox 1011 1077 1230 1139; x_wconf 79' lang='lat' dir='ltr'><strong>iecitllabraeos</strong></span> <span class='ocrx_word' id='word_1_93' title='bbox 1246 1081 1406 1140; x_wconf 88' lang='lat' dir='ltr'><strong>hiemans.</strong></span> <span class='ocrx_word' id='word_1_94' title='bbox 1424 1082 1490 1138; x_wconf 79' lang='lat' dir='ltr'><strong>lam</strong></span> <span class='ocrx_word' id='word_1_95' title='bbox 1510 1079 1704 1154; x_wconf 88' lang='lat' dir='ltr'><strong>aliispunetis</strong></span> <span class='ocrx_word' id='word_1_96' title='bbox 1721 1079 1809 1136; x_wconf 86' lang='lat' dir='ltr'><strong>ineat</strong></span> 
     </span>
    </p>

    <p class='ocr_par' dir='ltr' id='par_1_7' title="bbox 55 1145 1808 1322">
     <span class='ocr_line' id='line_1_10' title="bbox 55 1145 1808 1250; baseline -0.003 -25"><span class='ocrx_word' id='word_1_97' title='bbox 55 1145 162 1250; x_wconf 53' lang='lat' dir='ltr'><strong>ffggpg,</strong></span> <span class='ocrx_word' id='word_1_98' title='bbox 177 1167 250 1226; x_wconf 90' lang='lat' dir='ltr'><strong>mini</strong></span> <span class='ocrx_word' id='word_1_99' title='bbox 277 1164 416 1222; x_wconf 89' lang='lat' dir='ltr'><strong>indicitur</strong></span> <span class='ocrx_word' id='word_1_100' title='bbox 440 1161 555 1218; x_wconf 88' lang='lat' dir='ltr'><strong>ballum</strong></span> <span class='ocrx_word' id='word_1_101' title='bbox 576 1163 680 1216; x_wconf 91' lang='lat' dir='ltr'><strong>contra</strong></span> <span class='ocrx_word' id='word_1_102' title='bbox 706 1158 852 1231; x_wconf 88' lang='lat' dir='ltr'><strong>seipsum,</strong></span> <span class='ocrx_word' id='word_1_103' title='bbox 874 1157 971 1231; x_wconf 79' lang='lat' dir='ltr'><strong>inqut</strong></span> <span class='ocrx_word' id='word_1_104' title='bbox 1011 1161 1808 1236; x_wconf 80' lang='lat' dir='ltr'><strong>leguntuoieoliercd,idest,utChaldaeus,etcoatremuit</strong></span> 
     </span>
     <span class='ocr_line' id='line_1_11' title="bbox 175 1243 1688 1322; baseline -0.003 -13"><span class='ocrx_word' id='word_1_105' title='bbox 175 1253 203 1309; x_wconf 88' lang='lat' dir='ltr'><strong>S.</strong></span> <span class='ocrx_word' id='word_1_106' title='bbox 217 1250 342 1308; x_wconf 79' lang='lat' dir='ltr'>Thomas</span> <span class='ocrx_word' id='word_1_107' title='bbox 356 1248 386 1304; x_wconf 94' lang='lat' dir='ltr'><strong>in</strong></span> <span class='ocrx_word' id='word_1_108' title='bbox 398 1261 464 1318; x_wconf 89' lang='lat' dir='ltr'><strong>cap.</strong></span> <span class='ocrx_word' id='word_1_109' title='bbox 476 1260 518 1302; x_wconf 86' lang='lat' dir='ltr'><strong>xu</strong></span> <span class='ocrx_word' id='word_1_110' title='bbox 532 1245 570 1300; x_wconf 88' lang='lat' dir='ltr'><strong>od</strong></span> <span class='ocrx_word' id='word_1_111' title='bbox 583 1245 664 1300; x_wconf 79' lang='lat' dir='ltr'><strong>Hebe.</strong></span> <span class='ocrx_word' id='word_1_112' title='bbox 678 1243 743 1298; x_wconf 89' lang='lat' dir='ltr'><strong>leet.</strong></span> <span class='ocrx_word' id='word_1_113' title='bbox 758 1246 786 1300; x_wconf 77' lang='grc' dir='ltr'><strong>ι.</strong></span> <span class='ocrx_word' id='word_1_114' title='bbox 1013 1252 1087 1304; x_wconf 83' lang='grc' dir='ltr'>ιοιεε</span> <span class='ocrx_word' id='word_1_115' title='bbox 1098 1265 1188 1314; x_wconf 84' lang='lat' dir='ltr'><strong>mons,</strong></span> <span class='ocrx_word' id='word_1_116' title='bbox 1203 1249 1331 1322; x_wconf 89' lang='lat' dir='ltr'><strong>ideoque</strong></span> <span class='ocrx_word' id='word_1_117' title='bbox 1344 1247 1453 1320; x_wconf 89' lang='lat' dir='ltr'><strong>pariter</strong></span> <span class='ocrx_word' id='word_1_118' title='bbox 1466 1249 1528 1304; x_wconf 90' lang='lat' dir='ltr'><strong>erat</strong></span> <span class='ocrx_word' id='word_1_119' title='bbox 1541 1245 1688 1304; x_wconf 86' lang='lat' dir='ltr'><strong>terribilis.</strong></span> 
     </span>
    </p>

    <p class='ocr_par' dir='ltr' id='par_1_8' title="bbox 175 1327 1927 1737">
     <span class='ocr_line' id='line_1_12' title="bbox 209 1327 1926 1400; baseline -0.005 -8"><span class='ocrx_word' id='word_1_120' title='bbox 209 1327 971 1400; x_wconf 69' lang='lat' dir='ltr'><strong>Asmaaiarreaoarsa-aseendentversasmon-</strong></span> <span class='ocrx_word' id='word_1_121' title='bbox 1047 1333 1139 1388; x_wconf 83' lang='lat' dir='ltr'><strong>Terrae</strong></span> <span class='ocrx_word' id='word_1_122' title='bbox 1152 1330 1587 1388; x_wconf 84' lang='lat' dir='ltr'><strong>motutuisseliicconcussum</strong></span> <span class='ocrx_word' id='word_1_123' title='bbox 1598 1333 1731 1387; x_wconf 89' lang='lat' dir='ltr'><strong>montem</strong></span> <span class='ocrx_word' id='word_1_124' title='bbox 1741 1331 1808 1389; x_wconf 87' lang='lat' dir='ltr'><strong>Sina</strong></span> <span class='ocrx_word' id='word_1_125' title='bbox 1856 1341 1926 1384; x_wconf 62' lang='lat' dir='ltr'><strong>veras</strong></span> 
     </span>
     <span class='ocr_line' id='line_1_13' title="bbox 176 1401 1927 1488; baseline -0.002 -14"><span class='ocrx_word' id='word_1_126' title='bbox 176 1423 245 1487; x_wconf 67' lang='lat' dir='ltr'><strong>mm,</strong></span> <span class='ocrx_word' id='word_1_127' title='bbox 258 1431 354 1488; x_wconf 89' lang='lat' dir='ltr'><strong>usque</strong></span> <span class='ocrx_word' id='word_1_128' title='bbox 368 1414 407 1471; x_wconf 90' lang='lat' dir='ltr'><strong>ad</strong></span> <span class='ocrx_word' id='word_1_129' title='bbox 421 1411 563 1472; x_wconf 86' lang='lat' dir='ltr'><strong>terminos</strong></span> <span class='ocrx_word' id='word_1_130' title='bbox 577 1428 595 1469; x_wconf 91' lang='lat' dir='ltr'><strong>a</strong></span> <span class='ocrx_word' id='word_1_131' title='bbox 610 1413 687 1467; x_wconf 87' lang='lat' dir='ltr'><strong>llose</strong></span> <span class='ocrx_word' id='word_1_132' title='bbox 702 1411 789 1481; x_wconf 88' lang='lat' dir='ltr'><strong>jussu</strong></span> <span class='ocrx_word' id='word_1_133' title='bbox 808 1409 857 1467; x_wconf 85' lang='lat' dir='ltr'><strong>Dei</strong></span> <span class='ocrx_word' id='word_1_134' title='bbox 874 1406 970 1481; x_wconf 82' lang='lat' dir='ltr'><strong>praefi·</strong></span> <span class='ocrx_word' id='word_1_135' title='bbox 1012 1418 1092 1487; x_wconf 77' lang='lat' dir='ltr'><strong>patet</strong></span> <span class='ocrx_word' id='word_1_136' title='bbox 1104 1430 1228 1488; x_wconf 81' lang='lat' dir='ltr'><strong>quoque</strong></span> <span class='ocrx_word' id='word_1_137' title='bbox 1240 1417 1317 1472; x_wconf 83' lang='lat' dir='ltr'><strong>Peal.</strong></span> <span class='ocrx_word' id='word_1_138' title='bbox 1332 1429 1427 1483; x_wconf 79' lang='lat' dir='ltr'><strong>uvir,</strong></span> <span class='ocrx_word' id='word_1_139' title='bbox 1446 1429 1523 1470; x_wconf 87' lang='lat' dir='ltr'><strong>vers.</strong></span> <span class='ocrx_word' id='word_1_140' title='bbox 1545 1415 1562 1469; x_wconf 87' lang='lat' dir='ltr'><strong>a</strong></span> <span class='ocrx_word' id='word_1_141' title='bbox 1578 1431 1585 1469; x_wconf 89' lang='lat'>:</span> <span class='ocrx_word' id='word_1_142' title='bbox 1604 1417 1715 1470; x_wconf 75' lang='lat' dir='ltr'><strong>«Terra</strong></span> <span class='ocrx_word' id='word_1_143' title='bbox 1727 1420 1809 1472; x_wconf 89' lang='lat' dir='ltr'><strong>mota</strong></span> <span class='ocrx_word' id='word_1_144' title='bbox 1823 1401 1927 1448; x_wconf 65' lang='lat' dir='ltr'><strong>¹⁰⁰⁸l⁸⁵³⁰</strong></span> 
     </span>
     <span class='ocr_line' id='line_1_14' title="bbox 175 1474 1857 1571; baseline -0.001 -15"><span class='ocrx_word' id='word_1_145' title='bbox 175 1516 240 1569; x_wconf 81' lang='lat' dir='ltr'><strong>nos,</strong></span> <span class='ocrx_word' id='word_1_146' title='bbox 257 1499 288 1557; x_wconf 86' lang='lat' dir='ltr'><strong>ia</strong></span> <span class='ocrx_word' id='word_1_147' title='bbox 310 1499 375 1571; x_wconf 89' lang='lat' dir='ltr'><strong>ipsa</strong></span> <span class='ocrx_word' id='word_1_148' title='bbox 391 1496 501 1555; x_wconf 90' lang='lat' dir='ltr'><strong>montis</strong></span> <span class='ocrx_word' id='word_1_149' title='bbox 520 1493 630 1552; x_wconf 88' lang='lat' dir='ltr'><strong>radice.</strong></span> <span class='ocrx_word' id='word_1_150' title='bbox 647 1493 719 1549; x_wconf 84' lang='lat' dir='ltr'>Vide</span> <span class='ocrx_word' id='word_1_151' title='bbox 738 1508 814 1549; x_wconf 89' lang='lat' dir='ltr'><strong>vers.</strong></span> <span class='ocrx_word' id='word_1_152' title='bbox 834 1495 869 1550; x_wconf 85' lang='grc'><strong>17</strong></span> <span class='ocrx_word' id='word_1_153' title='bbox 878 1509 888 1561; x_wconf 79' lang='lat'><em>3</em></span> <span class='ocrx_word' id='word_1_154' title='bbox 901 1506 971 1548; x_wconf 88' lang='lat' dir='ltr'><strong>nam</strong></span> <span class='ocrx_word' id='word_1_155' title='bbox 1013 1502 1069 1567; x_wconf 90' lang='lat' dir='ltr'><strong>est;</strong></span> <span class='ocrx_word' id='word_1_156' title='bbox 1084 1499 1193 1556; x_wconf 89' lang='lat' dir='ltr'><strong>etenim</strong></span> <span class='ocrx_word' id='word_1_157' title='bbox 1204 1498 1269 1555; x_wconf 76' lang='lat' dir='ltr'><strong>cccli</strong></span> <span class='ocrx_word' id='word_1_158' title='bbox 1282 1497 1498 1555; x_wconf 70' lang='lat' dir='ltr'><strong>distillaverunt</strong></span> <span class='ocrx_word' id='word_1_159' title='bbox 1508 1511 1527 1553; x_wconf 91' lang='lat' dir='ltr'><strong>a</strong></span> <span class='ocrx_word' id='word_1_160' title='bbox 1539 1493 1613 1552; x_wconf 86' lang='lat' dir='ltr'><strong>iacis</strong></span> <span class='ocrx_word' id='word_1_161' title='bbox 1626 1494 1678 1552; x_wconf 80' lang='lat' dir='ltr'><strong>liei</strong></span> <span class='ocrx_word' id='word_1_162' title='bbox 1688 1496 1778 1568; x_wconf 82' lang='lat' dir='ltr'><strong>Sinai,</strong></span> <span class='ocrx_word' id='word_1_163' title='bbox 1791 1513 1810 1555; x_wconf 88' lang='lat' dir='ltr'><strong>a</strong></span> <span class='ocrx_word' id='word_1_164' title='bbox 1822 1474 1857 1508; x_wconf 51' lang='grc' dir='ltr'><strong>ω’</strong></span> 
     </span>
     <span class='ocr_line' id='line_1_15' title="bbox 175 1575 1810 1658; baseline -0.001 -17"><span class='ocrx_word' id='word_1_165' title='bbox 175 1599 251 1642; x_wconf 88' lang='lat' dir='ltr'><strong>vers.</strong></span> <span class='ocrx_word' id='word_1_166' title='bbox 267 1584 302 1640; x_wconf 76' lang='grc'><strong>11</strong></span> <span class='ocrx_word' id='word_1_167' title='bbox 313 1580 387 1653; x_wconf 88' lang='lat' dir='ltr'><strong>jussi</strong></span> <span class='ocrx_word' id='word_1_168' title='bbox 400 1583 469 1636; x_wconf 90' lang='lat' dir='ltr'><strong>sunt</strong></span> <span class='ocrx_word' id='word_1_169' title='bbox 485 1575 542 1658; x_wconf 86' lang='lat' dir='ltr'><strong>sub</strong></span> <span class='ocrx_word' id='word_1_170' title='bbox 556 1592 647 1650; x_wconf 87' lang='lat' dir='ltr'><strong>poena</strong></span> <span class='ocrx_word' id='word_1_171' title='bbox 663 1576 767 1632; x_wconf 86' lang='lat' dir='ltr'><strong>mortis</strong></span> <span class='ocrx_word' id='word_1_172' title='bbox 781 1579 914 1634; x_wconf 87' lang='lat' dir='ltr'><strong>montem</strong></span> <span class='ocrx_word' id='word_1_173' title='bbox 927 1575 972 1647; x_wconf 90' lang='lat' dir='ltr'><strong>ip-</strong></span> <span class='ocrx_word' id='word_1_174' title='bbox 1012 1579 1086 1637; x_wconf 84' lang='lat' dir='ltr'><strong>faeie</strong></span> <span class='ocrx_word' id='word_1_175' title='bbox 1107 1582 1157 1638; x_wconf 83' lang='lat' dir='ltr'><strong>bei</strong></span> <span class='ocrx_word' id='word_1_176' title='bbox 1177 1581 1301 1640; x_wconf 73' lang='lat' dir='ltr'><strong>lsrael.»</strong></span> <span class='ocrx_word' id='word_1_177' title='bbox 1326 1580 1406 1637; x_wconf 86' lang='lat' dir='ltr'><strong>Unde</strong></span> <span class='ocrx_word' id='word_1_178' title='bbox 1424 1584 1520 1653; x_wconf 88' lang='lat' dir='ltr'><strong>patet,</strong></span> <span class='ocrx_word' id='word_1_179' title='bbox 1534 1579 1625 1636; x_wconf 90' lang='lat' dir='ltr'><strong>simul</strong></span> <span class='ocrx_word' id='word_1_180' title='bbox 1638 1595 1708 1637; x_wconf 91' lang='lat' dir='ltr'><strong>cum</strong></span> <span class='ocrx_word' id='word_1_181' title='bbox 1725 1583 1810 1639; x_wconf 78' lang='lat' dir='ltr'><strong>terra</strong></span> 
     </span>
     <span class='ocr_line' id='line_1_16' title="bbox 176 1659 1810 1737; baseline -0.002 -12"><span class='ocrx_word' id='word_1_182' title='bbox 176 1683 243 1726; x_wconf 88' lang='lat' dir='ltr'><strong>sum</strong></span> <span class='ocrx_word' id='word_1_183' title='bbox 256 1670 459 1734; x_wconf 84' lang='lat' dir='ltr'><strong>contangere.</strong></span> <span class='ocrx_word' id='word_1_184' title='bbox 475 1661 618 1719; x_wconf 80' lang='lat' dir='ltr'><strong>sanentur·</strong></span> <span class='ocrx_word' id='word_1_185' title='bbox 631 1675 702 1730; x_wconf 87' lang='lat' dir='ltr'><strong>ergo</strong></span> <span class='ocrx_word' id='word_1_186' title='bbox 716 1659 764 1716; x_wconf 85' lang='lat' dir='ltr'><strong>hic</strong></span> <span class='ocrx_word' id='word_1_187' title='bbox 782 1664 897 1715; x_wconf 89' lang='lat' dir='ltr'><strong>tantum</strong></span> <span class='ocrx_word' id='word_1_188' title='bbox 910 1673 973 1714; x_wconf 84' lang='lat' dir='ltr'><strong>oas-</strong></span> <span class='ocrx_word' id='word_1_189' title='bbox 1013 1665 1108 1734; x_wconf 90' lang='lat' dir='ltr'><strong>m&#39;otu,</strong></span> <span class='ocrx_word' id='word_1_190' title='bbox 1121 1667 1196 1721; x_wconf 89' lang='lat' dir='ltr'><strong>inter</strong></span> <span class='ocrx_word' id='word_1_191' title='bbox 1209 1666 1292 1737; x_wconf 86' lang='lat' dir='ltr'><strong>ignes</strong></span> <span class='ocrx_word' id='word_1_192' title='bbox 1303 1667 1333 1721; x_wconf 92' lang='lat' dir='ltr'><strong>et</strong></span> <span class='ocrx_word' id='word_1_193' title='bbox 1344 1663 1482 1735; x_wconf 79' lang='lat' dir='ltr'><strong>fulgetra,</strong></span> <span class='ocrx_word' id='word_1_194' title='bbox 1497 1664 1535 1721; x_wconf 90' lang='lat' dir='ltr'><strong>de</strong></span> <span class='ocrx_word' id='word_1_195' title='bbox 1548 1662 1659 1736; x_wconf 89' lang='lat' dir='ltr'><strong>quibus</strong></span> <span class='ocrx_word' id='word_1_196' title='bbox 1671 1679 1749 1721; x_wconf 88' lang='lat' dir='ltr'><strong>vers.</strong></span> <span class='ocrx_word' id='word_1_197' title='bbox 1764 1667 1810 1736; x_wconf 85' lang='grc'><strong>16,</strong></span> 
     </span>
    </p>

    <p class='ocr_par' dir='ltr' id='par_1_9' title="bbox 0 1743 1809 1826">
     <span class='ocr_line' id='line_1_17' title="bbox 0 1743 1809 1826; baseline -0.002 -14"><span class='ocrx_word' id='word_1_198' title='bbox 0 1809 2 1826; x_wconf 77' lang='grc'><strong>,</strong></span> <span class='ocrx_word' id='word_1_199' title='bbox 176 1755 227 1812; x_wconf 90' lang='lat' dir='ltr'><strong>tris</strong></span> <span class='ocrx_word' id='word_1_200' title='bbox 239 1751 349 1823; x_wconf 86' lang='lat' dir='ltr'><strong>egredi,</strong></span> <span class='ocrx_word' id='word_1_201' title='bbox 363 1754 391 1807; x_wconf 90' lang='lat' dir='ltr'><strong>et</strong></span> <span class='ocrx_word' id='word_1_202' title='bbox 404 1748 443 1808; x_wconf 89' lang='lat' dir='ltr'><strong>ad</strong></span> <span class='ocrx_word' id='word_1_203' title='bbox 455 1747 568 1806; x_wconf 77' lang='lat' dir='ltr'><strong>radices</strong></span> <span class='ocrx_word' id='word_1_204' title='bbox 580 1745 689 1802; x_wconf 91' lang='lat' dir='ltr'><strong>montis</strong></span> <span class='ocrx_word' id='word_1_205' title='bbox 703 1745 771 1804; x_wconf 84' lang='lat' dir='ltr'><strong>Sina</strong></span> <span class='ocrx_word' id='word_1_206' title='bbox 785 1743 910 1818; x_wconf 91' lang='lat' dir='ltr'><strong>propius</strong></span> <span class='ocrx_word' id='word_1_207' title='bbox 925 1757 973 1800; x_wconf 90' lang='lat' dir='ltr'><strong>ac·</strong></span> <span class='ocrx_word' id='word_1_208' title='bbox 1012 1746 1061 1803; x_wconf 89' lang='lat' dir='ltr'><strong>hio</strong></span> <span class='ocrx_word' id='word_1_209' title='bbox 1075 1748 1201 1806; x_wconf 81' lang='lat' dir='ltr'><strong>extitisse</strong></span> <span class='ocrx_word' id='word_1_210' title='bbox 1214 1748 1364 1822; x_wconf 90' lang='lat' dir='ltr'><strong>pluviam,</strong></span> <span class='ocrx_word' id='word_1_211' title='bbox 1380 1748 1464 1821; x_wconf 88' lang='lat' dir='ltr'><strong>quod</strong></span> <span class='ocrx_word' id='word_1_212' title='bbox 1481 1751 1509 1804; x_wconf 92' lang='lat' dir='ltr'><strong>et</strong></span> <span class='ocrx_word' id='word_1_213' title='bbox 1521 1747 1667 1820; x_wconf 84' lang='lat' dir='ltr'><strong>losephus</strong></span> <span class='ocrx_word' id='word_1_214' title='bbox 1677 1751 1809 1810; x_wconf 85' lang='lat' dir='ltr'><strong>testetur.</strong></span> 
     </span>
    </p>

    <p class='ocr_par' dir='ltr' id='par_1_10' title="bbox 70 1826 1931 2078">
     <span class='ocr_line' id='line_1_18' title="bbox 70 1826 1921 1908; baseline -0.005 -12"><span class='ocrx_word' id='word_1_215' title='bbox 70 1839 75 1846; x_wconf 90' lang='lat'>&#39;</span> <span class='ocrx_word' id='word_1_216' title='bbox 176 1826 346 1896; x_wconf 63' lang='lat' dir='ltr'><strong>eederejlta</strong></span> <span class='ocrx_word' id='word_1_217' title='bbox 364 1837 527 1908; x_wconf 79' lang='lat' dir='ltr'><strong>Repertus,</strong></span> <span class='ocrx_word' id='word_1_218' title='bbox 547 1833 631 1902; x_wconf 87' lang='lat' dir='ltr'><strong>llugo</strong></span> <span class='ocrx_word' id='word_1_219' title='bbox 654 1830 761 1888; x_wconf 88' lang='lat' dir='ltr'><strong>etalii.</strong></span> <span class='ocrx_word' id='word_1_220' title='bbox 780 1830 972 1900; x_wconf 87' lang='lat' dir='ltr'><strong>Adde,totus</strong></span> <span class='ocrx_word' id='word_1_221' title='bbox 1014 1832 1130 1904; x_wconf 87' lang='lat' dir='ltr'><strong>Septem</strong></span> <span class='ocrx_word' id='word_1_222' title='bbox 1150 1847 1221 1903; x_wconf 91' lang='lat' dir='ltr'><strong>ergo</strong></span> <span class='ocrx_word' id='word_1_223' title='bbox 1239 1831 1359 1890; x_wconf 81' lang='lat' dir='ltr'><strong>fuerunt</strong></span> <span class='ocrx_word' id='word_1_224' title='bbox 1379 1831 1522 1891; x_wconf 90' lang='lat' dir='ltr'><strong>terribilia</strong></span> <span class='ocrx_word' id='word_1_225' title='bbox 1539 1831 1572 1888; x_wconf 88' lang='lat' dir='ltr'><strong>in</strong></span> <span class='ocrx_word' id='word_1_226' title='bbox 1586 1833 1669 1902; x_wconf 89' lang='lat' dir='ltr'><strong>Sina,</strong></span> <span class='ocrx_word' id='word_1_227' title='bbox 1684 1832 1810 1890; x_wconf 88' lang='lat' dir='ltr'><strong>cumibi</strong></span> <span class='ocrx_word' id='word_1_228' title='bbox 1833 1841 1921 1900; x_wconf 65' lang='lat' dir='ltr'><strong>spen</strong></span> 
     </span>
     <span class='ocr_line' id='line_1_19' title="bbox 176 1905 1922 2012; baseline -0.002 -32"><span class='ocrx_word' id='word_1_229' title='bbox 176 1922 224 1980; x_wconf 86' lang='lat' dir='ltr'><strong>liic</strong></span> <span class='ocrx_word' id='word_1_230' title='bbox 234 1936 322 1992; x_wconf 87' lang='lat' dir='ltr'><strong>mons</strong></span> <span class='ocrx_word' id='word_1_231' title='bbox 334 1920 402 1991; x_wconf 85' lang='lat' dir='ltr'><strong>igne</strong></span> <span class='ocrx_word' id='word_1_232' title='bbox 414 1917 561 1985; x_wconf 76' lang='lat' dir='ltr'><strong>fumabat,</strong></span> <span class='ocrx_word' id='word_1_233' title='bbox 571 1921 604 1972; x_wconf 89' lang='lat' dir='ltr'><strong>ut</strong></span> <span class='ocrx_word' id='word_1_234' title='bbox 617 1920 697 1990; x_wconf 90' lang='lat' dir='ltr'><strong>patet</strong></span> <span class='ocrx_word' id='word_1_235' title='bbox 710 1918 791 1972; x_wconf 81' lang='lat' dir='ltr'><strong>fleat.</strong></span> <span class='ocrx_word' id='word_1_236' title='bbox 806 1931 835 1985; x_wconf 94' lang='lat' dir='ltr'><strong>v,</strong></span> <span class='ocrx_word' id='word_1_237' title='bbox 850 1917 868 1970; x_wconf 83' lang='grc'><strong>1</strong></span> <span class='ocrx_word' id='word_1_238' title='bbox 876 1931 886 1982; x_wconf 89' lang='lat'>;</span> <span class='ocrx_word' id='word_1_239' title='bbox 901 1928 972 1983; x_wconf 90' lang='lat' dir='ltr'><strong>ergo</strong></span> <span class='ocrx_word' id='word_1_240' title='bbox 1014 1913 1132 1972; x_wconf 88' lang='lat' dir='ltr'><strong>daretur</strong></span> <span class='ocrx_word' id='word_1_241' title='bbox 1143 1916 1202 1972; x_wconf 85' lang='lat' dir='ltr'><strong>lex.</strong></span> <span class='ocrx_word' id='word_1_242' title='bbox 1216 1919 1314 1983; x_wconf 74' lang='lat' dir='ltr'><strong>Petam,</strong></span> <span class='ocrx_word' id='word_1_243' title='bbox 1326 1919 1406 1974; x_wconf 88' lang='lat' dir='ltr'><strong>totus</strong></span> <span class='ocrx_word' id='word_1_244' title='bbox 1415 1931 1504 1974; x_wconf 89' lang='lat' dir='ltr'><strong>mons</strong></span> <span class='ocrx_word' id='word_1_245' title='bbox 1513 1915 1666 1972; x_wconf 61' lang='lat' dir='ltr'><strong>merebat.</strong></span> <span class='ocrx_word' id='word_1_246' title='bbox 1678 1915 1809 1989; x_wconf 65' lang='lat' dir='ltr'><strong>&amp;caede</strong></span> <span class='ocrx_word' id='word_1_247' title='bbox 1824 1905 1922 2012; x_wconf 56' lang='grc' dir='ltr'><strong>,Ἥ</strong></span> 
     </span>
     <span class='ocr_line' id='line_1_20' title="bbox 178 1977 1931 2078; baseline -0.002 -16"><span class='ocrx_word' id='word_1_248' title='bbox 178 2003 437 2078; x_wconf 88' lang='lat' dir='ltr'><strong>noapotcrautad</strong></span> <span class='ocrx_word' id='word_1_249' title='bbox 450 1999 655 2072; x_wconf 88' lang='lat' dir='ltr'><strong>eumpropius</strong></span> <span class='ocrx_word' id='word_1_250' title='bbox 669 1998 807 2056; x_wconf 85' lang='lat' dir='ltr'><strong>accedere</strong></span> <span class='ocrx_word' id='word_1_251' title='bbox 821 1995 943 2054; x_wconf 75' lang='lat' dir='ltr'><strong>Hebraei.</strong></span> <span class='ocrx_word' id='word_1_252' title='bbox 1014 2001 1093 2056; x_wconf 88' lang='lat' dir='ltr'><strong>totus</strong></span> <span class='ocrx_word' id='word_1_253' title='bbox 1115 2015 1203 2056; x_wconf 91' lang='lat' dir='ltr'><strong>mons</strong></span> <span class='ocrx_word' id='word_1_254' title='bbox 1220 1999 1289 2072; x_wconf 88' lang='lat' dir='ltr'><strong>igne</strong></span> <span class='ocrx_word' id='word_1_255' title='bbox 1309 2003 1336 2056; x_wconf 91' lang='grc' dir='ltr'>ει</span> <span class='ocrx_word' id='word_1_256' title='bbox 1353 1999 1438 2056; x_wconf 85' lang='lat' dir='ltr'><strong>fumo</strong></span> <span class='ocrx_word' id='word_1_257' title='bbox 1459 1998 1592 2057; x_wconf 86' lang='lat' dir='ltr'><strong>ardebat.</strong></span> <span class='ocrx_word' id='word_1_258' title='bbox 1612 2002 1713 2066; x_wconf 78' lang='lat' dir='ltr'><strong>Tertio,</strong></span> <span class='ocrx_word' id='word_1_259' title='bbox 1738 1977 1855 2070; x_wconf 61' lang='lat' dir='ltr'><strong>lior-2¹:</strong></span> <span class='ocrx_word' id='word_1_260' title='bbox 1873 1979 1931 2078; x_wconf 53' lang='lat' dir='ltr'><strong>”mi</strong></span> 
     </span>
    </p>

    <p class='ocr_par' dir='ltr' id='par_1_11' title="bbox 57 2078 1922 2155">
     <span class='ocr_line' id='line_1_21' title="bbox 57 2078 1922 2155; baseline -0.003 -9"><span class='ocrx_word' id='word_1_261' title='bbox 57 2097 164 2141; x_wconf 72' lang='lat' dir='ltr'><strong>vasae.</strong></span> <span class='ocrx_word' id='word_1_262' title='bbox 213 2092 259 2146; x_wconf 78' lang='lat' dir='ltr'><strong>tl.</strong></span> <span class='ocrx_word' id='word_1_263' title='bbox 273 2089 485 2145; x_wconf 58' lang='lat' dir='ltr'><strong>&amp;ucriarcavir</strong></span> <span class='ocrx_word' id='word_1_264' title='bbox 497 2099 608 2153; x_wconf 59' lang='lat' dir='ltr'><strong>aum·</strong></span> <span class='ocrx_word' id='word_1_265' title='bbox 621 2098 657 2138; x_wconf 90' lang='lat' dir='ltr'><strong>eo</strong></span> <span class='ocrx_word' id='word_1_266' title='bbox 668 2081 772 2150; x_wconf 92' lang='lat' dir='ltr'><strong>modo,</strong></span> <span class='ocrx_word' id='word_1_267' title='bbox 783 2081 836 2154; x_wconf 91' lang='lat' dir='ltr'><strong>qui</strong></span> <span class='ocrx_word' id='word_1_268' title='bbox 843 2078 974 2152; x_wconf 74' lang='lat' dir='ltr'><strong>iamdic-</strong></span> <span class='ocrx_word' id='word_1_269' title='bbox 1014 2082 1111 2138; x_wconf 85' lang='lat' dir='ltr'><strong>rende</strong></span> <span class='ocrx_word' id='word_1_270' title='bbox 1121 2087 1205 2139; x_wconf 85' lang='lat' dir='ltr'><strong>erant</strong></span> <span class='ocrx_word' id='word_1_271' title='bbox 1218 2084 1349 2142; x_wconf 88' lang='lat' dir='ltr'><strong>tonitrua</strong></span> <span class='ocrx_word' id='word_1_272' title='bbox 1361 2087 1390 2140; x_wconf 88' lang='lat' dir='ltr'><strong>et</strong></span> <span class='ocrx_word' id='word_1_273' title='bbox 1402 2082 1531 2155; x_wconf 82' lang='lat' dir='ltr'><strong>fulgura.</strong></span> <span class='ocrx_word' id='word_1_274' title='bbox 1553 2084 1657 2150; x_wconf 81' lang='lat' dir='ltr'><strong>Quarto</strong></span> <span class='ocrx_word' id='word_1_275' title='bbox 1664 2125 1673 2154; x_wconf 91' lang='lat'><strong>,</strong></span> <span class='ocrx_word' id='word_1_276' title='bbox 1688 2089 1750 2142; x_wconf 86' lang='lat' dir='ltr'><strong>erat</strong></span> <span class='ocrx_word' id='word_1_277' title='bbox 1764 2100 1812 2143; x_wconf 88' lang='lat' dir='ltr'><strong>oa-</strong></span> <span class='ocrx_word' id='word_1_278' title='bbox 1833 2088 1922 2135; x_wconf 67' lang='lat' dir='ltr'><strong>ansam</strong></span> 
     </span>
    </p>

    <p class='ocr_par' dir='ltr' id='par_1_12' title="bbox 59 2151 1899 3083">
     <span class='ocr_line' id='line_1_22' title="bbox 135 2151 1899 2244; baseline 0 -18"><span class='ocrx_word' id='word_1_279' title='bbox 135 2219 137 2226; x_wconf 82' lang='grc'>,</span> <span class='ocrx_word' id='word_1_280' title='bbox 178 2175 298 2242; x_wconf 89' lang='lat' dir='ltr'><strong>tus-est,</strong></span> <span class='ocrx_word' id='word_1_281' title='bbox 314 2170 428 2244; x_wconf 86' lang='lat' dir='ltr'><strong>quiquo</strong></span> <span class='ocrx_word' id='word_1_282' title='bbox 443 2167 586 2240; x_wconf 86' lang='lat' dir='ltr'><strong>sequitur,</strong></span> <span class='ocrx_word' id='word_1_283' title='bbox 605 2165 715 2224; x_wconf 88' lang='lat' dir='ltr'><strong>scilicet</strong></span> <span class='ocrx_word' id='word_1_284' title='bbox 727 2165 863 2236; x_wconf 86' lang='lat' dir='ltr'><strong>jubendo</strong></span> <span class='ocrx_word' id='word_1_285' title='bbox 880 2163 974 2221; x_wconf 90' lang='lat' dir='ltr'><strong>lavari</strong></span> <span class='ocrx_word' id='word_1_286' title='bbox 1015 2163 1076 2235; x_wconf 88' lang='lat' dir='ltr'><strong>ligo</strong></span> <span class='ocrx_word' id='word_1_287' title='bbox 1094 2165 1279 2225; x_wconf 87' lang='lat' dir='ltr'><strong>densissima.</strong></span> <span class='ocrx_word' id='word_1_288' title='bbox 1300 2167 1417 2234; x_wconf 78' lang='lat' dir='ltr'><strong>Quinto,</strong></span> <span class='ocrx_word' id='word_1_289' title='bbox 1434 2170 1496 2224; x_wconf 87' lang='lat' dir='ltr'><strong>erat</strong></span> <span class='ocrx_word' id='word_1_290' title='bbox 1512 2165 1616 2242; x_wconf 86' lang='lat' dir='ltr'><strong>pluvie</strong></span> <span class='ocrx_word' id='word_1_291' title='bbox 1629 2168 1812 2241; x_wconf 88' lang='lat' dir='ltr'><strong>etprocella,</strong></span> <span class='ocrx_word' id='word_1_292' title='bbox 1857 2151 1899 2198; x_wconf 81' lang='lat'>¹⁰¹·</span> 
     </span>
     <span class='ocr_line' id='line_1_23' title="bbox 178 2247 1811 2324; baseline -0.003 -10"><span class='ocrx_word' id='word_1_293' title='bbox 178 2256 360 2322; x_wconf 88' lang='lat' dir='ltr'><strong>vestimenta,</strong></span> <span class='ocrx_word' id='word_1_294' title='bbox 371 2257 399 2310; x_wconf 91' lang='lat' dir='ltr'><strong>et</strong></span> <span class='ocrx_word' id='word_1_295' title='bbox 411 2251 557 2310; x_wconf 87' lang='lat' dir='ltr'><strong>abstinere</strong></span> <span class='ocrx_word' id='word_1_296' title='bbox 571 2250 611 2308; x_wconf 88' lang='lat' dir='ltr'><strong>ab</strong></span> <span class='ocrx_word' id='word_1_297' title='bbox 621 2247 777 2319; x_wconf 86' lang='lat' dir='ltr'><strong>uxoribus,</strong></span> <span class='ocrx_word' id='word_1_298' title='bbox 789 2252 879 2322; x_wconf 87' lang='lat' dir='ltr'><strong>atque</strong></span> <span class='ocrx_word' id='word_1_299' title='bbox 893 2263 974 2306; x_wconf 88' lang='lat' dir='ltr'><strong>com·</strong></span> <span class='ocrx_word' id='word_1_300' title='bbox 1015 2252 1049 2306; x_wconf 91' lang='lat' dir='ltr'><strong>ut</strong></span> <span class='ocrx_word' id='word_1_301' title='bbox 1066 2249 1107 2306; x_wconf 89' lang='lat' dir='ltr'><strong>ait</strong></span> <span class='ocrx_word' id='word_1_302' title='bbox 1119 2250 1294 2323; x_wconf 77' lang='lat' dir='ltr'><strong>Apostolus,</strong></span> <span class='ocrx_word' id='word_1_303' title='bbox 1309 2251 1390 2306; x_wconf 82' lang='lat' dir='ltr'><strong>Hetr.</strong></span> <span class='ocrx_word' id='word_1_304' title='bbox 1406 2265 1475 2324; x_wconf 86' lang='lat' dir='ltr'><strong>cap..</strong></span> <span class='ocrx_word' id='word_1_305' title='bbox 1487 2265 1542 2320; x_wconf 83' lang='lat' dir='ltr'><strong>xri,</strong></span> <span class='ocrx_word' id='word_1_306' title='bbox 1561 2265 1638 2308; x_wconf 90' lang='lat' dir='ltr'><strong>vers.</strong></span> <span class='ocrx_word' id='word_1_307' title='bbox 1654 2253 1699 2309; x_wconf 90' lang='grc'><strong>18.</strong></span> <span class='ocrx_word' id='word_1_308' title='bbox 1720 2251 1811 2319; x_wconf 83' lang='lat' dir='ltr'><strong>Secta,</strong></span> 
     </span>
     <span class='ocr_line' id='line_1_24' title="bbox 178 2331 1814 2415; baseline -0.003 -17"><span class='ocrx_word' id='word_1_309' title='bbox 178 2355 282 2415; x_wconf 88' lang='lat' dir='ltr'><strong>parare</strong></span> <span class='ocrx_word' id='word_1_310' title='bbox 292 2354 323 2395; x_wconf 91' lang='lat' dir='ltr'><strong>se</strong></span> <span class='ocrx_word' id='word_1_311' title='bbox 335 2353 388 2411; x_wconf 85' lang='lat' dir='ltr'><strong>per</strong></span> <span class='ocrx_word' id='word_1_312' title='bbox 401 2332 588 2404; x_wconf 88' lang='lat' dir='ltr'><strong>munditiem,</strong></span> <span class='ocrx_word' id='word_1_313' title='bbox 598 2338 626 2391; x_wconf 91' lang='lat' dir='ltr'><strong>et</strong></span> <span class='ocrx_word' id='word_1_314' title='bbox 636 2335 818 2390; x_wconf 84' lang='lat' dir='ltr'><strong>reverentem</strong></span> <span class='ocrx_word' id='word_1_315' title='bbox 827 2335 974 2406; x_wconf 84' lang='lat' dir='ltr'><strong>exspecta·</strong></span> <span class='ocrx_word' id='word_1_316' title='bbox 1016 2348 1108 2390; x_wconf 89' lang='lat' dir='ltr'><strong>sonus</strong></span> <span class='ocrx_word' id='word_1_317' title='bbox 1122 2331 1255 2390; x_wconf 78' lang='lat' dir='ltr'><strong>buccinae</strong></span> <span class='ocrx_word' id='word_1_318' title='bbox 1269 2333 1482 2406; x_wconf 85' lang='lat' dir='ltr'><strong>perstrepebat.</strong></span> <span class='ocrx_word' id='word_1_319' title='bbox 1504 2333 1639 2405; x_wconf 81' lang='lat' dir='ltr'><strong>Septimo,</strong></span> <span class='ocrx_word' id='word_1_320' title='bbox 1660 2335 1814 2409; x_wconf 80' lang='lat' dir='ltr'><strong>mgetase</strong></span> 
     </span>
     <span class='ocr_line' id='line_1_25' title="bbox 177 2415 1815 2494; baseline -0.002 -12"><span class='ocrx_word' id='word_1_321' title='bbox 177 2425 291 2482; x_wconf 88' lang='lat' dir='ltr'><strong>tionem</strong></span> <span class='ocrx_word' id='word_1_322' title='bbox 305 2422 354 2478; x_wconf 78' lang='lat' dir='ltr'><strong>liei</strong></span> <span class='ocrx_word' id='word_1_323' title='bbox 375 2421 498 2494; x_wconf 79' lang='lat' dir='ltr'><strong>ejusque</strong></span> <span class='ocrx_word' id='word_1_324' title='bbox 517 2417 602 2490; x_wconf 89' lang='lat' dir='ltr'><strong>legis,</strong></span> <span class='ocrx_word' id='word_1_325' title='bbox 616 2417 647 2473; x_wconf 91' lang='lat' dir='ltr'><strong>in</strong></span> <span class='ocrx_word' id='word_1_326' title='bbox 661 2415 741 2474; x_wconf 89' lang='lat' dir='ltr'><strong>diem</strong></span> <span class='ocrx_word' id='word_1_327' title='bbox 758 2415 892 2488; x_wconf 87' lang='lat' dir='ltr'><strong>tertium,</strong></span> <span class='ocrx_word' id='word_1_328' title='bbox 913 2431 974 2489; x_wconf 88' lang='lat' dir='ltr'><strong>quo</strong></span> <span class='ocrx_word' id='word_1_329' title='bbox 1016 2415 1085 2472; x_wconf 89' lang='lat' dir='ltr'><strong>Sina</strong></span> <span class='ocrx_word' id='word_1_330' title='bbox 1092 2431 1166 2473; x_wconf 92' lang='lat' dir='ltr'><strong>voce</strong></span> <span class='ocrx_word' id='word_1_331' title='bbox 1175 2415 1271 2473; x_wconf 85' lang='lat' dir='ltr'><strong>tubali</strong></span> <span class='ocrx_word' id='word_1_332' title='bbox 1279 2420 1308 2474; x_wconf 89' lang='lat' dir='ltr'><strong>et</strong></span> <span class='ocrx_word' id='word_1_333' title='bbox 1317 2416 1453 2475; x_wconf 89' lang='lat' dir='ltr'><strong>horribili</strong></span> <span class='ocrx_word' id='word_1_334' title='bbox 1463 2417 1641 2488; x_wconf 77' lang='lat' dir='ltr'><strong>decalogum</strong></span> <span class='ocrx_word' id='word_1_335' title='bbox 1649 2419 1815 2492; x_wconf 70' lang='lat' dir='ltr'><strong>proclama</strong></span> 
     </span>
     <span class='ocr_line' id='line_1_26' title="bbox 178 2499 1815 2574; baseline -0.002 -7"><span class='ocrx_word' id='word_1_336' title='bbox 178 2509 278 2568; x_wconf 81' lang='lat' dir='ltr'><strong>tratura</strong></span> <span class='ocrx_word' id='word_1_337' title='bbox 290 2509 353 2564; x_wconf 88' lang='lat' dir='ltr'><strong>erat</strong></span> <span class='ocrx_word' id='word_1_338' title='bbox 365 2502 500 2574; x_wconf 82' lang='lat' dir='ltr'><strong>Deealcgi</strong></span> <span class='ocrx_word' id='word_1_339' title='bbox 509 2500 721 2574; x_wconf 79' lang='lat' dir='ltr'><strong>promulgatio.</strong></span> <span class='ocrx_word' id='word_1_340' title='bbox 1016 2499 1079 2556; x_wconf 89' lang='lat' dir='ltr'><strong>bat.</strong></span> <span class='ocrx_word' id='word_1_341' title='bbox 1094 2501 1201 2558; x_wconf 86' lang='lat' dir='ltr'><strong>Omnia</strong></span> <span class='ocrx_word' id='word_1_342' title='bbox 1211 2501 1276 2557; x_wconf 77' lang='lat' dir='ltr'><strong>haec</strong></span> <span class='ocrx_word' id='word_1_343' title='bbox 1288 2516 1325 2558; x_wconf 90' lang='lat' dir='ltr'><strong>eo</strong></span> <span class='ocrx_word' id='word_1_344' title='bbox 1338 2499 1527 2574; x_wconf 88' lang='lat' dir='ltr'><strong>spectabant,</strong></span> <span class='ocrx_word' id='word_1_345' title='bbox 1541 2505 1575 2558; x_wconf 93' lang='lat' dir='ltr'><strong>ut</strong></span> <span class='ocrx_word' id='word_1_346' title='bbox 1584 2501 1719 2561; x_wconf 81' lang='lat' dir='ltr'><strong>llebroeos</strong></span> <span class='ocrx_word' id='word_1_347' title='bbox 1731 2519 1815 2563; x_wconf 89' lang='lat' dir='ltr'><strong>sacro</strong></span> 
     </span>
     <span class='ocr_line' id='line_1_27' title="bbox 59 2583 1816 2657; baseline -0.001 -11"><span class='ocrx_word' id='word_1_348' title='bbox 59 2599 165 2646; x_wconf 67' lang='lat' dir='ltr'><strong>vnis.</strong></span> <span class='ocrx_word' id='word_1_349' title='bbox 215 2593 260 2649; x_wconf 83' lang='grc'><strong>18.</strong></span> <span class='ocrx_word' id='word_1_350' title='bbox 273 2593 365 2648; x_wconf 78' lang='lat' dir='ltr'><strong>Taras</strong></span> <span class='ocrx_word' id='word_1_351' title='bbox 382 2601 477 2646; x_wconf 77' lang='lat' dir='ltr'><strong>romu</strong></span> <span class='ocrx_word' id='word_1_352' title='bbox 488 2599 564 2643; x_wconf 75' lang='lat' dir='ltr'><strong>noas</strong></span> <span class='ocrx_word' id='word_1_353' title='bbox 583 2585 660 2644; x_wconf 75' lang='lat' dir='ltr'><strong>Smer</strong></span> <span class='ocrx_word' id='word_1_354' title='bbox 682 2597 829 2653; x_wconf 78' lang='lat' dir='ltr'><strong>sumar,</strong></span> <span class='ocrx_word' id='word_1_355' title='bbox 847 2597 884 2642; x_wconf 85' lang='lat' dir='ltr'><strong>so</strong></span> <span class='ocrx_word' id='word_1_356' title='bbox 897 2597 975 2652; x_wconf 78' lang='lat' dir='ltr'><strong>caca</strong></span> <span class='ocrx_word' id='word_1_357' title='bbox 1018 2583 1153 2657; x_wconf 86' lang='lat' dir='ltr'><strong>quodam</strong></span> <span class='ocrx_word' id='word_1_358' title='bbox 1165 2585 1305 2655; x_wconf 87' lang='lat' dir='ltr'><strong>horrore,</strong></span> <span class='ocrx_word' id='word_1_359' title='bbox 1319 2584 1426 2642; x_wconf 91' lang='lat' dir='ltr'><strong>timore</strong></span> <span class='ocrx_word' id='word_1_360' title='bbox 1437 2586 1816 2644; x_wconf 82' lang='lat' dir='ltr'><strong>straverentiatamnami-</strong></span> 
     </span>
     <span class='ocr_line' id='line_1_28' title="bbox 179 2667 1816 2742; baseline -0.001 -12"><span class='ocrx_word' id='word_1_361' title='bbox 179 2687 381 2736; x_wconf 79' lang='lat' dir='ltr'><strong>nascnmnssr</strong></span> <span class='ocrx_word' id='word_1_362' title='bbox 404 2673 532 2730; x_wconf 75' lang='lat' dir='ltr'><strong>Donum</strong></span> <span class='ocrx_word' id='word_1_363' title='bbox 554 2681 642 2726; x_wconf 85' lang='lat' dir='ltr'><strong>saraa</strong></span> <span class='ocrx_word' id='word_1_364' title='bbox 664 2679 858 2738; x_wconf 78' lang='lat' dir='ltr'><strong>ennarrans,</strong></span> <span class='ocrx_word' id='word_1_365' title='bbox 881 2682 917 2724; x_wconf 82' lang='grc' dir='ltr'>ετ</span> <span class='ocrx_word' id='word_1_366' title='bbox 929 2682 975 2724; x_wconf 81' lang='lat' dir='ltr'><strong>as·</strong></span> <span class='ocrx_word' id='word_1_367' title='bbox 1017 2667 1243 2742; x_wconf 67' lang='lat' dir='ltr'><strong>niatumlegis,</strong></span> <span class='ocrx_word' id='word_1_368' title='bbox 1257 2668 1608 2742; x_wconf 88' lang='lat' dir='ltr'><strong>quamaccepturierant,</strong></span> <span class='ocrx_word' id='word_1_369' title='bbox 1622 2668 1816 2729; x_wconf 79' lang='lat' dir='ltr'><strong>observandis</strong></span> 
     </span>
     <span class='ocr_line' id='line_1_29' title="bbox 180 2751 1817 2828; baseline -0.003 -11"><span class='ocrx_word' id='word_1_370' title='bbox 180 2769 477 2818; x_wconf 71' lang='lat' dir='ltr'><strong>massmannum</strong></span> <span class='ocrx_word' id='word_1_371' title='bbox 491 2767 688 2823; x_wconf 81' lang='lat' dir='ltr'><strong>a0‚ouas1aa</strong></span> <span class='ocrx_word' id='word_1_372' title='bbox 702 2765 841 2810; x_wconf 78' lang='lat' dir='ltr'><strong>renasca.</strong></span> <span class='ocrx_word' id='word_1_373' title='bbox 855 2779 891 2794; x_wconf 89' lang='lat'><em>-</em></span> <span class='ocrx_word' id='word_1_374' title='bbox 907 2753 976 2808; x_wconf 80' lang='lat' dir='ltr'><strong>bea·</strong></span> <span class='ocrx_word' id='word_1_375' title='bbox 1017 2751 1219 2824; x_wconf 85' lang='lat' dir='ltr'><strong>percellerent.</strong></span> <span class='ocrx_word' id='word_1_376' title='bbox 1245 2755 1318 2824; x_wconf 84' lang='lat' dir='ltr'><strong>Apte</strong></span> <span class='ocrx_word' id='word_1_377' title='bbox 1341 2767 1466 2826; x_wconf 83' lang='lat' dir='ltr'><strong>quoque</strong></span> <span class='ocrx_word' id='word_1_378' title='bbox 1487 2752 1591 2825; x_wconf 80' lang='lat' dir='ltr'><strong>pluvia</strong></span> <span class='ocrx_word' id='word_1_379' title='bbox 1611 2751 1709 2825; x_wconf 86' lang='lat' dir='ltr'><strong>legem</strong></span> <span class='ocrx_word' id='word_1_380' title='bbox 1729 2756 1817 2828; x_wconf 86' lang='lat' dir='ltr'><strong>quasi</strong></span> 
     </span>
     <span class='ocr_line' id='line_1_30' title="bbox 181 2833 1816 2913; baseline -0.002 -11"><span class='ocrx_word' id='word_1_381' title='bbox 181 2851 231 2902; x_wconf 82' lang='lat' dir='ltr'><strong>ter.</strong></span> <span class='ocrx_word' id='word_1_382' title='bbox 245 2857 289 2913; x_wconf 81' lang='lat' dir='ltr'><strong>iv,</strong></span> <span class='ocrx_word' id='word_1_383' title='bbox 312 2843 361 2909; x_wconf 91' lang='grc'><strong>11,</strong></span> <span class='ocrx_word' id='word_1_384' title='bbox 383 2838 489 2896; x_wconf 88' lang='lat' dir='ltr'><strong>dicitur</strong></span> <span class='ocrx_word' id='word_1_385' title='bbox 506 2851 594 2896; x_wconf 84' lang='lat' dir='ltr'><strong>mons</strong></span> <span class='ocrx_word' id='word_1_386' title='bbox 611 2835 679 2892; x_wconf 89' lang='lat' dir='ltr'><strong>Sina</strong></span> <span class='ocrx_word' id='word_1_387' title='bbox 697 2835 802 2892; x_wconf 89' lang='lat' dir='ltr'><strong>arsisse</strong></span> <span class='ocrx_word' id='word_1_388' title='bbox 819 2849 915 2908; x_wconf 89' lang='lat' dir='ltr'><strong>usque</strong></span> <span class='ocrx_word' id='word_1_389' title='bbox 937 2833 977 2892; x_wconf 90' lang='lat' dir='ltr'><strong>ad</strong></span> <span class='ocrx_word' id='word_1_390' title='bbox 1019 2834 1185 2892; x_wconf 87' lang='lat' dir='ltr'><strong>doctrinam</strong></span> <span class='ocrx_word' id='word_1_391' title='bbox 1209 2851 1227 2892; x_wconf 91' lang='grc' dir='ltr'>ε</span> <span class='ocrx_word' id='word_1_392' title='bbox 1256 2835 1337 2892; x_wconf 89' lang='lat' dir='ltr'><strong>coelis</strong></span> <span class='ocrx_word' id='word_1_393' title='bbox 1365 2835 1594 2894; x_wconf 89' lang='lat' dir='ltr'><strong>descendentem</strong></span> <span class='ocrx_word' id='word_1_394' title='bbox 1619 2835 1816 2908; x_wconf 79' lang='lat' dir='ltr'><strong>significabat.</strong></span> 
     </span>
     <span class='ocr_line' id='line_1_31' title="bbox 180 2915 1817 2994; baseline -0.004 -10"><span class='ocrx_word' id='word_1_395' title='bbox 180 2927 298 2984; x_wconf 78' lang='lat' dir='ltr'><strong>castum.</strong></span> <span class='ocrx_word' id='word_1_396' title='bbox 312 2924 390 2982; x_wconf 90' lang='lat' dir='ltr'><strong>Sicut</strong></span> <span class='ocrx_word' id='word_1_397' title='bbox 408 2937 479 2994; x_wconf 87' lang='lat' dir='ltr'><strong>ergo</strong></span> <span class='ocrx_word' id='word_1_398' title='bbox 493 2920 525 2978; x_wconf 90' lang='lat' dir='ltr'><strong>in</strong></span> <span class='ocrx_word' id='word_1_399' title='bbox 544 2918 665 2977; x_wconf 84' lang='lat' dir='ltr'><strong>tornaco</strong></span> <span class='ocrx_word' id='word_1_400' title='bbox 681 2918 791 2990; x_wconf 86' lang='lat' dir='ltr'><strong>partim</strong></span> <span class='ocrx_word' id='word_1_401' title='bbox 809 2915 932 2976; x_wconf 89' lang='lat' dir='ltr'><strong>flamma</strong></span> <span class='ocrx_word' id='word_1_402' title='bbox 948 2919 977 2973; x_wconf 90' lang='lat' dir='ltr'><strong>et</strong></span> <span class='ocrx_word' id='word_1_403' title='bbox 1019 2917 1100 2975; x_wconf 89' lang='lat' dir='ltr'><strong>Unde</strong></span> <span class='ocrx_word' id='word_1_404' title='bbox 1113 2918 1190 2975; x_wconf 91' lang='lat' dir='ltr'><strong>illud</strong></span> <span class='ocrx_word' id='word_1_405' title='bbox 1199 2918 1298 2988; x_wconf 83' lang='lat' dir='ltr'><strong>liceis,</strong></span> <span class='ocrx_word' id='word_1_406' title='bbox 1309 2921 1391 2976; x_wconf 79' lang='lat' dir='ltr'><strong>beat.</strong></span> <span class='ocrx_word' id='word_1_407' title='bbox 1402 2935 1468 2992; x_wconf 85' lang='lat' dir='ltr'><strong>cap.</strong></span> <span class='ocrx_word' id='word_1_408' title='bbox 1480 2934 1570 2988; x_wconf 81' lang='lat' dir='ltr'><strong>amr,</strong></span> <span class='ocrx_word' id='word_1_409' title='bbox 1581 2935 1659 2977; x_wconf 88' lang='lat' dir='ltr'><strong>vers.</strong></span> <span class='ocrx_word' id='word_1_410' title='bbox 1670 2923 1689 2976; x_wconf 76' lang='lat'>2</span> <span class='ocrx_word' id='word_1_411' title='bbox 1700 2938 1708 2977; x_wconf 93' lang='lat'><strong>:</strong></span> <span class='ocrx_word' id='word_1_412' title='bbox 1721 2922 1817 2978; x_wconf 80' lang='lat' dir='ltr'><strong>acon·</strong></span> 
     </span>
     <span class='ocr_line' id='line_1_32' title="bbox 179 3000 1817 3083; baseline -0.003 -16"><span class='ocrx_word' id='word_1_413' title='bbox 179 3010 268 3083; x_wconf 87' lang='lat' dir='ltr'><strong>ignis,</strong></span> <span class='ocrx_word' id='word_1_414' title='bbox 280 3007 391 3082; x_wconf 88' lang='lat' dir='ltr'><strong>partim</strong></span> <span class='ocrx_word' id='word_1_415' title='bbox 406 3005 507 3065; x_wconf 86' lang='lat' dir='ltr'><strong>tumus</strong></span> <span class='ocrx_word' id='word_1_416' title='bbox 522 3003 653 3060; x_wconf 87' lang='lat' dir='ltr'><strong>necdum</strong></span> <span class='ocrx_word' id='word_1_417' title='bbox 670 3013 822 3071; x_wconf 89' lang='lat' dir='ltr'><strong>accensus,</strong></span> <span class='ocrx_word' id='word_1_418' title='bbox 840 3000 893 3058; x_wconf 86' lang='lat' dir='ltr'><strong>sed</strong></span> <span class='ocrx_word' id='word_1_419' title='bbox 908 3015 977 3058; x_wconf 90' lang='lat' dir='ltr'><strong>cum</strong></span> <span class='ocrx_word' id='word_1_420' title='bbox 1019 3005 1130 3060; x_wconf 81' lang='lat' dir='ltr'><strong>oreseau</strong></span> <span class='ocrx_word' id='word_1_421' title='bbox 1141 3005 1174 3057; x_wconf 91' lang='lat' dir='ltr'><strong>ut</strong></span> <span class='ocrx_word' id='word_1_422' title='bbox 1186 3000 1321 3074; x_wconf 88' lang='lat' dir='ltr'><strong>pluviam</strong></span> <span class='ocrx_word' id='word_1_423' title='bbox 1335 3001 1472 3060; x_wconf 80' lang='lat' dir='ltr'><strong>uocatae</strong></span> <span class='ocrx_word' id='word_1_424' title='bbox 1482 3017 1562 3072; x_wconf 89' lang='lat' dir='ltr'><strong>mea,</strong></span> <span class='ocrx_word' id='word_1_425' title='bbox 1573 3001 1645 3059; x_wconf 80' lang='lat' dir='ltr'><strong>duat</strong></span> <span class='ocrx_word' id='word_1_426' title='bbox 1654 3005 1688 3060; x_wconf 95' lang='lat' dir='ltr'><strong>ut</strong></span> <span class='ocrx_word' id='word_1_427' title='bbox 1695 3019 1747 3061; x_wconf 91' lang='lat' dir='ltr'><strong>ros</strong></span> <span class='ocrx_word' id='word_1_428' title='bbox 1755 3004 1817 3062; x_wconf 90' lang='lat' dir='ltr'><strong>elo-</strong></span> 
     </span>
    </p>

    <p class='ocr_par' dir='ltr' id='par_1_13' title="bbox 0 3083 1743 3165">
     <span class='ocr_line' id='line_1_33' title="bbox 0 3083 1743 3165; baseline -0.003 -17"><span class='ocrx_word' id='word_1_429' title='bbox 0 3157 1 3160; x_wconf 8' lang='grc' dir='ltr'><strong>Ἴ</strong></span> <span class='ocrx_word' id='word_1_430' title='bbox 83 3103 168 3148; x_wconf 75' lang='lat' dir='ltr'><strong>raam</strong></span> <span class='ocrx_word' id='word_1_431' title='bbox 180 3093 250 3165; x_wconf 90' lang='lat' dir='ltr'><strong>igne</strong></span> <span class='ocrx_word' id='word_1_432' title='bbox 260 3090 446 3149; x_wconf 83' lang='lat' dir='ltr'><strong>convolutus</strong></span> <span class='ocrx_word' id='word_1_433' title='bbox 463 3086 641 3160; x_wconf 88' lang='lat' dir='ltr'><strong>conspicitur</strong></span> <span class='ocrx_word' id='word_1_434' title='bbox 662 3102 669 3142; x_wconf 74' lang='grc' dir='ltr'>ε</span> <span class='ocrx_word' id='word_1_435' title='bbox 688 3083 729 3142; x_wconf 93' lang='lat' dir='ltr'><strong>ita</strong></span> <span class='ocrx_word' id='word_1_436' title='bbox 747 3083 856 3157; x_wconf 91' lang='lat' dir='ltr'><strong>pariter</strong></span> <span class='ocrx_word' id='word_1_437' title='bbox 877 3083 978 3154; x_wconf 87' lang='lat' dir='ltr'><strong>ignem</strong></span> <span class='ocrx_word' id='word_1_438' title='bbox 1020 3084 1126 3158; x_wconf 81' lang='lat' dir='ltr'><strong>qarium</strong></span> <span class='ocrx_word' id='word_1_439' title='bbox 1140 3099 1256 3154; x_wconf 92' lang='lat' dir='ltr'><strong>meum,</strong></span> <span class='ocrx_word' id='word_1_440' title='bbox 1270 3083 1357 3158; x_wconf 89' lang='lat' dir='ltr'><strong>quasi</strong></span> <span class='ocrx_word' id='word_1_441' title='bbox 1369 3084 1466 3142; x_wconf 85' lang='lat' dir='ltr'><strong>imber</strong></span> <span class='ocrx_word' id='word_1_442' title='bbox 1476 3101 1567 3158; x_wconf 87' lang='lat' dir='ltr'><strong>super</strong></span> <span class='ocrx_word' id='word_1_443' title='bbox 1577 3085 1743 3144; x_wconf 79' lang='lat' dir='ltr'><strong>herbam.»</strong></span> 
     </span>
    </p>

    <p class='ocr_par' dir='ltr' id='par_1_14' title="bbox 60 3163 1927 3246">
     <span class='ocr_line' id='line_1_34' title="bbox 60 3163 1927 3246; baseline -0.003 -9"><span class='ocrx_word' id='word_1_444' title='bbox 60 3163 115 3208; x_wconf 68' lang='lat'><strong>⁵³⁰¹</strong></span> <span class='ocrx_word' id='word_1_445' title='bbox 124 3175 168 3208; x_wconf 68' lang='lat'><strong>¹¹⁰·</strong></span> <span class='ocrx_word' id='word_1_446' title='bbox 181 3176 265 3237; x_wconf 86' lang='lat' dir='ltr'><strong>tamo</strong></span> <span class='ocrx_word' id='word_1_447' title='bbox 279 3171 452 3232; x_wconf 83' lang='lat' dir='ltr'><strong>mixtumiu</strong></span> <span class='ocrx_word' id='word_1_448' title='bbox 465 3171 533 3230; x_wconf 88' lang='lat' dir='ltr'><strong>Sina</strong></span> <span class='ocrx_word' id='word_1_449' title='bbox 546 3167 671 3241; x_wconf 86' lang='lat' dir='ltr'><strong>augelus</strong></span> <span class='ocrx_word' id='word_1_450' title='bbox 683 3168 746 3228; x_wconf 89' lang='lat' dir='ltr'><strong>vice</strong></span> <span class='ocrx_word' id='word_1_451' title='bbox 760 3167 811 3224; x_wconf 86' lang='lat' dir='ltr'><strong>Dei</strong></span> <span class='ocrx_word' id='word_1_452' title='bbox 823 3166 977 3241; x_wconf 83' lang='lat' dir='ltr'><strong>produxit,</strong></span> <span class='ocrx_word' id='word_1_453' title='bbox 1055 3167 1227 3242; x_wconf 88' lang='lat' dir='ltr'><strong>Allegorice,</strong></span> <span class='ocrx_word' id='word_1_454' title='bbox 1241 3168 1352 3225; x_wconf 89' lang='lat' dir='ltr'><strong>tonitru</strong></span> <span class='ocrx_word' id='word_1_455' title='bbox 1363 3167 1549 3240; x_wconf 85' lang='lat' dir='ltr'><strong>significabat</strong></span> <span class='ocrx_word' id='word_1_456' title='bbox 1559 3173 1701 3228; x_wconf 89' lang='lat' dir='ltr'><strong>terrorem</strong></span> <span class='ocrx_word' id='word_1_457' title='bbox 1710 3173 1817 3246; x_wconf 81' lang='lat' dir='ltr'><strong>praedi·</strong></span> <span class='ocrx_word' id='word_1_458' title='bbox 1839 3185 1927 3244; x_wconf 76' lang='lat' dir='ltr'><strong>nuge-</strong></span> 
     </span>
    </p>

    <p class='ocr_par' dir='ltr' id='par_1_15' title="bbox 1 3224 1936 3351">
     <span class='ocr_line' id='line_1_35' title="bbox 1 3224 1936 3351; baseline -0.003 -31"><span class='ocrx_word' id='word_1_459' title='bbox 1 3244 3 3283; x_wconf 66' lang='lat'>⁵</span> <span class='ocrx_word' id='word_1_460' title='bbox 60 3224 105 3272; x_wconf 58' lang='grc' dir='ltr'>ω</span> <span class='ocrx_word' id='word_1_461' title='bbox 181 3261 272 3334; x_wconf 88' lang='lat' dir='ltr'><strong>idque</strong></span> <span class='ocrx_word' id='word_1_462' title='bbox 286 3259 347 3316; x_wconf 88' lang='lat' dir='ltr'><strong>sive</strong></span> <span class='ocrx_word' id='word_1_463' title='bbox 361 3273 398 3316; x_wconf 82' lang='lat' dir='ltr'><strong>ex</strong></span> <span class='ocrx_word' id='word_1_464' title='bbox 411 3272 489 3326; x_wconf 88' lang='lat' dir='ltr'><strong>aere,</strong></span> <span class='ocrx_word' id='word_1_465' title='bbox 503 3255 564 3314; x_wconf 89' lang='lat' dir='ltr'><strong>siva</strong></span> <span class='ocrx_word' id='word_1_466' title='bbox 577 3269 615 3310; x_wconf 83' lang='lat' dir='ltr'><strong>ex</strong></span> <span class='ocrx_word' id='word_1_467' title='bbox 630 3251 749 3312; x_wconf 78' lang='lat' dir='ltr'><strong>fumosa</strong></span> <span class='ocrx_word' id='word_1_468' title='bbox 763 3252 905 3326; x_wconf 87' lang='lat' dir='ltr'><strong>quapiam</strong></span> <span class='ocrx_word' id='word_1_469' title='bbox 916 3267 980 3308; x_wconf 81' lang='lat' dir='ltr'><strong>nra·</strong></span> <span class='ocrx_word' id='word_1_470' title='bbox 1020 3251 1144 3312; x_wconf 89' lang='lat' dir='ltr'><strong>cationis</strong></span> <span class='ocrx_word' id='word_1_471' title='bbox 1156 3251 1327 3324; x_wconf 82' lang='lat' dir='ltr'><strong>Everagelii:</strong></span> <span class='ocrx_word' id='word_1_472' title='bbox 1343 3251 1544 3310; x_wconf 85' lang='lat' dir='ltr'><strong>undaPaulus</strong></span> <span class='ocrx_word' id='word_1_473' title='bbox 1559 3271 1577 3311; x_wconf 90' lang='lat' dir='ltr'><strong>a</strong></span> <span class='ocrx_word' id='word_1_474' title='bbox 1590 3255 1618 3312; x_wconf 86' lang='lat' dir='ltr'><strong>S.</strong></span> <span class='ocrx_word' id='word_1_475' title='bbox 1638 3255 1816 3330; x_wconf 83' lang='lat' dir='ltr'><strong>Hieronymo</strong></span> <span class='ocrx_word' id='word_1_476' title='bbox 1830 3249 1936 3351; x_wconf 42' lang='lat'><strong>¹¹23*</strong></span> 
     </span>
    </p>

    <p class='ocr_par' dir='ltr' id='par_1_16' title="bbox 181 3309 1935 3742">
     <span class='ocr_line' id='line_1_36' title="bbox 181 3309 1935 3427; baseline -0.001 -27"><span class='ocrx_word' id='word_1_477' title='bbox 181 3345 266 3414; x_wconf 82' lang='lat' dir='ltr'><strong>teria,</strong></span> <span class='ocrx_word' id='word_1_478' title='bbox 277 3358 346 3418; x_wconf 90' lang='lat' dir='ltr'><strong>quae</strong></span> <span class='ocrx_word' id='word_1_479' title='bbox 362 3339 447 3398; x_wconf 81' lang='lat' dir='ltr'><strong>facile</strong></span> <span class='ocrx_word' id='word_1_480' title='bbox 463 3340 565 3411; x_wconf 85' lang='lat' dir='ltr'><strong>ignem</strong></span> <span class='ocrx_word' id='word_1_481' title='bbox 583 3337 725 3410; x_wconf 86' lang='lat' dir='ltr'><strong>concipit,</strong></span> <span class='ocrx_word' id='word_1_482' title='bbox 740 3339 814 3409; x_wconf 89' lang='lat' dir='ltr'><strong>puta</strong></span> <span class='ocrx_word' id='word_1_483' title='bbox 826 3351 863 3392; x_wconf 87' lang='lat' dir='ltr'><strong>ex</strong></span> <span class='ocrx_word' id='word_1_484' title='bbox 882 3333 978 3405; x_wconf 80' lang='lat' dir='ltr'><strong>thure,</strong></span> <span class='ocrx_word' id='word_1_485' title='bbox 1020 3339 1143 3394; x_wconf 77' lang='lat' dir='ltr'><strong>vocabar</strong></span> <span class='ocrx_word' id='word_1_486' title='bbox 1164 3335 1276 3393; x_wconf 89' lang='lat' dir='ltr'><strong>tonitru</strong></span> <span class='ocrx_word' id='word_1_487' title='bbox 1294 3335 1445 3406; x_wconf 81' lang='lat' dir='ltr'><strong>Gentium3</strong></span> <span class='ocrx_word' id='word_1_488' title='bbox 1467 3335 1588 3408; x_wconf 76' lang='lat' dir='ltr'><strong>fulgura</strong></span> <span class='ocrx_word' id='word_1_489' title='bbox 1611 3337 1818 3408; x_wconf 78' lang='lat' dir='ltr'><strong>significabant</strong></span> <span class='ocrx_word' id='word_1_490' title='bbox 1830 3309 1935 3427; x_wconf 53' lang='lat' dir='ltr'><strong>ffiff]</strong></span> 
     </span>
     <span class='ocr_line' id='line_1_37' title="bbox 182 3418 1935 3500; baseline -0.006 -14"><span class='ocrx_word' id='word_1_491' title='bbox 182 3427 451 3500; x_wconf 87' lang='lat' dir='ltr'><strong>rasina,snlphure,</strong></span> <span class='ocrx_word' id='word_1_492' title='bbox 464 3427 519 3482; x_wconf 90' lang='lat' dir='ltr'><strong>etc.</strong></span> <span class='ocrx_word' id='word_1_493' title='bbox 1021 3420 1183 3478; x_wconf 89' lang='lat' dir='ltr'><strong>claritatem</strong></span> <span class='ocrx_word' id='word_1_494' title='bbox 1209 3418 1437 3490; x_wconf 70' lang='lat' dir='ltr'><strong>miraculorum</strong></span> <span class='ocrx_word' id='word_1_495' title='bbox 1465 3435 1526 3478; x_wconf 83' lang='lat' dir='ltr'><strong>vox</strong></span> <span class='ocrx_word' id='word_1_496' title='bbox 1552 3419 1686 3478; x_wconf 76' lang='lat' dir='ltr'><strong>buccina</strong></span> <span class='ocrx_word' id='word_1_497' title='bbox 1711 3421 1935 3486; x_wconf 69' lang='lat' dir='ltr'><strong>tortonensis,</strong></span> 
     </span>
     <span class='ocr_line' id='line_1_38' title="bbox 216 3499 1903 3579; baseline -0.001 -13"><span class='ocrx_word' id='word_1_498' title='bbox 216 3509 291 3566; x_wconf 83' lang='lat' dir='ltr'><strong>Nota</strong></span> <span class='ocrx_word' id='word_1_499' title='bbox 304 3525 313 3562; x_wconf 73' lang='grc' dir='ltr'>ε</span> <span class='ocrx_word' id='word_1_500' title='bbox 328 3505 406 3578; x_wconf 90' lang='lat' dir='ltr'><strong>lgnis</strong></span> <span class='ocrx_word' id='word_1_501' title='bbox 420 3507 464 3560; x_wconf 89' lang='lat' dir='ltr'><strong>est</strong></span> <span class='ocrx_word' id='word_1_502' title='bbox 476 3501 592 3573; x_wconf 80' lang='lat' dir='ltr'><strong>insigne</strong></span> <span class='ocrx_word' id='word_1_503' title='bbox 604 3501 711 3560; x_wconf 79' lang='lat' dir='ltr'><strong>divium</strong></span> <span class='ocrx_word' id='word_1_504' title='bbox 725 3517 759 3559; x_wconf 86' lang='lat' dir='ltr'><strong>ac</strong></span> <span class='ocrx_word' id='word_1_505' title='bbox 773 3501 861 3572; x_wconf 79' lang='lat' dir='ltr'><strong>regie</strong></span> <span class='ocrx_word' id='word_1_506' title='bbox 875 3499 980 3572; x_wconf 84' lang='lat' dir='ltr'><strong>majas·</strong></span> <span class='ocrx_word' id='word_1_507' title='bbox 1022 3503 1262 3579; x_wconf 72' lang='lat' dir='ltr'><strong>predicationem</strong></span> <span class='ocrx_word' id='word_1_508' title='bbox 1277 3503 1498 3576; x_wconf 76' lang='lat' dir='ltr'><strong>Apostolorum.</strong></span> <span class='ocrx_word' id='word_1_509' title='bbox 1514 3503 1655 3562; x_wconf 85' lang='lat' dir='ltr'><strong>Dominus</strong></span> <span class='ocrx_word' id='word_1_510' title='bbox 1667 3506 1820 3565; x_wconf 88' lang='lat' dir='ltr'><strong>descendit</strong></span> <span class='ocrx_word' id='word_1_511' title='bbox 1864 3499 1903 3538; x_wconf 69' lang='lat'><strong>²⁸⁶·</strong></span> 
     </span>
     <span class='ocr_line' id='line_1_39' title="bbox 181 3582 1819 3660; baseline 0.001 -14"><span class='ocrx_word' id='word_1_512' title='bbox 181 3589 248 3652; x_wconf 87' lang='lat' dir='ltr'><strong>tatis</strong></span> <span class='ocrx_word' id='word_1_513' title='bbox 265 3607 275 3646; x_wconf 73' lang='grc' dir='ltr'>ε</span> <span class='ocrx_word' id='word_1_514' title='bbox 295 3589 364 3651; x_wconf 84' lang='lat' dir='ltr'><strong>hinc</strong></span> <span class='ocrx_word' id='word_1_515' title='bbox 381 3589 456 3646; x_wconf 82' lang='lat' dir='ltr'><strong>Deus</strong></span> <span class='ocrx_word' id='word_1_516' title='bbox 474 3585 505 3644; x_wconf 88' lang='lat' dir='ltr'><strong>in</strong></span> <span class='ocrx_word' id='word_1_517' title='bbox 519 3584 597 3645; x_wconf 91' lang='lat' dir='ltr'><strong>rubo</strong></span> <span class='ocrx_word' id='word_1_518' title='bbox 611 3584 712 3650; x_wconf 81' lang='lat' dir='ltr'><strong>Masis.</strong></span> <span class='ocrx_word' id='word_1_519' title='bbox 727 3585 759 3644; x_wconf 92' lang='lat' dir='ltr'><strong>iu</strong></span> <span class='ocrx_word' id='word_1_520' title='bbox 778 3585 934 3653; x_wconf 88' lang='lat' dir='ltr'><strong>columna,</strong></span> <span class='ocrx_word' id='word_1_521' title='bbox 948 3582 980 3641; x_wconf 87' lang='lat' dir='ltr'><strong>in</strong></span> <span class='ocrx_word' id='word_1_522' title='bbox 1022 3589 1054 3645; x_wconf 90' lang='lat' dir='ltr'><strong>in</strong></span> <span class='ocrx_word' id='word_1_523' title='bbox 1070 3587 1138 3658; x_wconf 84' lang='lat' dir='ltr'><strong>igne</strong></span> <span class='ocrx_word' id='word_1_524' title='bbox 1158 3590 1186 3644; x_wconf 89' lang='lat' dir='ltr'><strong>et</strong></span> <span class='ocrx_word' id='word_1_525' title='bbox 1207 3585 1310 3657; x_wconf 81' lang='lat' dir='ltr'><strong>fumo,</strong></span> <span class='ocrx_word' id='word_1_526' title='bbox 1333 3586 1406 3660; x_wconf 88' lang='lat' dir='ltr'><strong>quia</strong></span> <span class='ocrx_word' id='word_1_527' title='bbox 1427 3585 1531 3647; x_wconf 82' lang='lat' dir='ltr'><strong>fideles</strong></span> <span class='ocrx_word' id='word_1_528' title='bbox 1551 3601 1612 3644; x_wconf 82' lang='lat' dir='ltr'><strong>suae</strong></span> <span class='ocrx_word' id='word_1_529' title='bbox 1634 3588 1772 3648; x_wconf 85' lang='lat' dir='ltr'><strong>claritatis</strong></span> <span class='ocrx_word' id='word_1_530' title='bbox 1791 3595 1819 3650; x_wconf 89' lang='lat' dir='ltr'><strong>at</strong></span> 
     </span>
     <span class='ocr_line' id='line_1_40' title="bbox 182 3666 1820 3742; baseline -0.001 -8"><span class='ocrx_word' id='word_1_531' title='bbox 182 3675 283 3734; x_wconf 87' lang='lat' dir='ltr'><strong>monte</strong></span> <span class='ocrx_word' id='word_1_532' title='bbox 294 3672 379 3742; x_wconf 77' lang='grc' dir='ltr'>ὃίεε,</span> <span class='ocrx_word' id='word_1_533' title='bbox 396 3672 429 3728; x_wconf 92' lang='lat' dir='ltr'><strong>in</strong></span> <span class='ocrx_word' id='word_1_534' title='bbox 445 3669 572 3742; x_wconf 88' lang='lat' dir='ltr'><strong>templo,</strong></span> <span class='ocrx_word' id='word_1_535' title='bbox 591 3674 619 3726; x_wconf 94' lang='grc' dir='ltr'>ει</span> <span class='ocrx_word' id='word_1_536' title='bbox 633 3668 722 3738; x_wconf 86' lang='lat' dir='ltr'><strong>alibi,</strong></span> <span class='ocrx_word' id='word_1_537' title='bbox 740 3684 809 3726; x_wconf 90' lang='lat' dir='ltr'><strong>cum</strong></span> <span class='ocrx_word' id='word_1_538' title='bbox 823 3669 886 3739; x_wconf 85' lang='lat' dir='ltr'><strong>ejus</strong></span> <span class='ocrx_word' id='word_1_539' title='bbox 899 3666 981 3737; x_wconf 87' lang='lat' dir='ltr'><strong>regia</strong></span> <span class='ocrx_word' id='word_1_540' title='bbox 1022 3669 1172 3741; x_wconf 77' lang='lat' dir='ltr'><strong>Evangelii</strong></span> <span class='ocrx_word' id='word_1_541' title='bbox 1184 3667 1351 3727; x_wconf 85' lang='lat' dir='ltr'><strong>ostensione</strong></span> <span class='ocrx_word' id='word_1_542' title='bbox 1361 3669 1521 3740; x_wconf 90' lang='lat' dir='ltr'><strong>illuminat,</strong></span> <span class='ocrx_word' id='word_1_543' title='bbox 1532 3675 1561 3728; x_wconf 89' lang='lat' dir='ltr'><strong>et</strong></span> <span class='ocrx_word' id='word_1_544' title='bbox 1572 3670 1739 3730; x_wconf 89' lang='lat' dir='ltr'><strong>infidelium</strong></span> <span class='ocrx_word' id='word_1_545' title='bbox 1750 3689 1820 3734; x_wconf 86' lang='lat' dir='ltr'><strong>ocu·</strong></span> 
     </span>
    </p>

    <p class='ocr_par' dir='ltr' id='par_1_17' title="bbox 182 3751 1894 3830">
     <span class='ocr_line' id='line_1_41' title="bbox 182 3751 1894 3830; baseline 0.001 -17"><span class='ocrx_word' id='word_1_546' title='bbox 182 3759 235 3814; x_wconf 88' lang='lat' dir='ltr'><strong>aut</strong></span> <span class='ocrx_word' id='word_1_547' title='bbox 244 3754 399 3827; x_wconf 85' lang='lat' dir='ltr'><strong>jndiciaria</strong></span> <span class='ocrx_word' id='word_1_548' title='bbox 411 3757 542 3827; x_wconf 89' lang='lat' dir='ltr'><strong>potestas</strong></span> <span class='ocrx_word' id='word_1_549' title='bbox 557 3751 748 3826; x_wconf 81' lang='lat' dir='ltr'><strong>exprimitur,</strong></span> <span class='ocrx_word' id='word_1_550' title='bbox 760 3751 793 3808; x_wconf 94' lang='lat' dir='ltr'><strong>in</strong></span> <span class='ocrx_word' id='word_1_551' title='bbox 806 3751 875 3822; x_wconf 89' lang='lat' dir='ltr'><strong>igne</strong></span> <span class='ocrx_word' id='word_1_552' title='bbox 888 3765 981 3823; x_wconf 83' lang='lat' dir='ltr'><strong>appa·</strong></span> <span class='ocrx_word' id='word_1_553' title='bbox 1022 3755 1069 3812; x_wconf 92' lang='lat' dir='ltr'><strong>los</strong></span> <span class='ocrx_word' id='word_1_554' title='bbox 1083 3754 1167 3810; x_wconf 85' lang='lat' dir='ltr'><strong>fumo</strong></span> <span class='ocrx_word' id='word_1_555' title='bbox 1181 3756 1209 3810; x_wconf 89' lang='lat' dir='ltr'><strong>et</strong></span> <span class='ocrx_word' id='word_1_556' title='bbox 1223 3751 1348 3823; x_wconf 87' lang='lat' dir='ltr'><strong>caligine</strong></span> <span class='ocrx_word' id='word_1_557' title='bbox 1361 3751 1641 3826; x_wconf 87' lang='lat' dir='ltr'><strong>erroris-obscurat,</strong></span> <span class='ocrx_word' id='word_1_558' title='bbox 1661 3754 1758 3830; x_wconf 85' lang='lat' dir='ltr'><strong>iuquit</strong></span> <span class='ocrx_word' id='word_1_559' title='bbox 1770 3757 1819 3814; x_wconf 92' lang='lat' dir='ltr'><strong>lsi·</strong></span> <span class='ocrx_word' id='word_1_560' title='bbox 1892 3760 1894 3764; x_wconf 81' lang='grc'>’</span> 
     </span>
    </p>

    <p class='ocr_par' dir='ltr' id='par_1_18' title="bbox 181 3836 1402 3909">
     <span class='ocr_line' id='line_1_42' title="bbox 181 3836 1402 3909; baseline -0.003 -11"><span class='ocrx_word' id='word_1_561' title='bbox 181 3838 253 3898; x_wconf 85' lang='lat' dir='ltr'><strong>ruit.</strong></span> <span class='ocrx_word' id='word_1_562' title='bbox 266 3838 345 3909; x_wconf 87' lang='lat' dir='ltr'><strong>ignis</strong></span> <span class='ocrx_word' id='word_1_563' title='bbox 358 3836 645 3909; x_wconf 81' lang='lat' dir='ltr'><strong>eaimpreitillum,</strong></span> <span class='ocrx_word' id='word_1_564' title='bbox 659 3839 803 3908; x_wconf 71' lang='lat' dir='ltr'><strong>unquam</strong></span> <span class='ocrx_word' id='word_1_565' title='bbox 818 3849 922 3894; x_wconf 86' lang='lat' dir='ltr'><strong>verum</strong></span> <span class='ocrx_word' id='word_1_566' title='bbox 935 3849 980 3890; x_wconf 77' lang='lat' dir='ltr'><strong>re-</strong></span> <span class='ocrx_word' id='word_1_567' title='bbox 1024 3838 1127 3896; x_wconf 91' lang='lat' dir='ltr'><strong>doras.</strong></span> <span class='ocrx_word' id='word_1_568' title='bbox 1399 3881 1402 3886; x_wconf 92' lang='lat'><strong>.</strong></span> 
     </span>
    </p>

    <p class='ocr_par' dir='ltr' id='par_1_19' title="bbox 70 3915 1937 4656">
     <span class='ocr_line' id='line_1_43' title="bbox 70 3915 1937 3996; baseline 0.001 -15"><span class='ocrx_word' id='word_1_569' title='bbox 70 3953 76 3964; x_wconf 94' lang='lat'><em>·</em></span> <span class='ocrx_word' id='word_1_570' title='bbox 182 3939 252 3996; x_wconf 88' lang='lat' dir='ltr'><strong>gem</strong></span> <span class='ocrx_word' id='word_1_571' title='bbox 273 3927 302 3980; x_wconf 90' lang='lat' dir='ltr'><strong>et</strong></span> <span class='ocrx_word' id='word_1_572' title='bbox 316 3920 448 3993; x_wconf 84' lang='lat' dir='ltr'><strong>jndicem</strong></span> <span class='ocrx_word' id='word_1_573' title='bbox 468 3921 643 3978; x_wconf 85' lang='lat' dir='ltr'><strong>maximum.</strong></span> <span class='ocrx_word' id='word_1_574' title='bbox 666 3923 740 3978; x_wconf 87' lang='lat' dir='ltr'><strong>Psot.</strong></span> <span class='ocrx_word' id='word_1_575' title='bbox 761 3935 827 3978; x_wconf 76' lang='lat' dir='ltr'><strong>unx</strong></span> <span class='ocrx_word' id='word_1_576' title='bbox 849 3937 856 3976; x_wconf 76' lang='grc' dir='ltr'>ε</span> <span class='ocrx_word' id='word_1_577' title='bbox 881 3923 979 3976; x_wconf 78' lang='lat' dir='ltr'><strong>abeas</strong></span> <span class='ocrx_word' id='word_1_578' title='bbox 1059 3920 1104 3975; x_wconf 88' lang='grc'><strong>19.</strong></span> <span class='ocrx_word' id='word_1_579' title='bbox 1120 3919 1194 3974; x_wconf 83' lang='lat' dir='ltr'><strong>Deus</strong></span> <span class='ocrx_word' id='word_1_580' title='bbox 1212 3931 1408 3974; x_wconf 81' lang='lat' dir='ltr'><strong>arsrcaasaar</strong></span> <span class='ocrx_word' id='word_1_581' title='bbox 1424 3930 1462 3972; x_wconf 80' lang='lat' dir='ltr'><strong>aa·</strong></span> <span class='ocrx_word' id='word_1_582' title='bbox 1485 3944 1522 3957; x_wconf 94' lang='lat'>-</span> <span class='ocrx_word' id='word_1_583' title='bbox 1543 3915 1681 3976; x_wconf 82' lang='lat' dir='ltr'><strong>Hebraice</strong></span> <span class='ocrx_word' id='word_1_584' title='bbox 1700 3919 1821 3979; x_wconf 86' lang='lat' dir='ltr'><strong>additur</strong></span> <span class='ocrx_word' id='word_1_585' title='bbox 1833 3937 1892 3982; x_wconf 73' lang='lat' dir='ltr'><strong>vera</strong></span> <span class='ocrx_word' id='word_1_586' title='bbox 1904 3938 1937 3982; x_wconf 82' lang='grc' dir='ltr'><strong>ιε.</strong></span> 
     </span>
     <span class='ocr_line' id='line_1_44' title="bbox 183 3999 1819 4075; baseline -0.002 -11"><span class='ocrx_word' id='word_1_587' title='bbox 183 4001 981 4075; x_wconf 76' lang='lat' dir='ltr'><strong>mamiesaveniet,etc.;ignisineonspectaejusexar-</strong></span> <span class='ocrx_word' id='word_1_588' title='bbox 1023 4017 1177 4072; x_wconf 81' lang='lat' dir='ltr'><strong>percaeca,</strong></span> <span class='ocrx_word' id='word_1_589' title='bbox 1188 4017 1215 4070; x_wconf 83' lang='lat' dir='ltr'><strong>q.</strong></span> <span class='ocrx_word' id='word_1_590' title='bbox 1226 4001 1256 4054; x_wconf 83' lang='lat' dir='ltr'><strong>d.</strong></span> <span class='ocrx_word' id='word_1_591' title='bbox 1267 4001 1332 4056; x_wconf 89' lang='lat' dir='ltr'><strong>Non</strong></span> <span class='ocrx_word' id='word_1_592' title='bbox 1340 4013 1394 4072; x_wconf 86' lang='lat' dir='ltr'><strong>per</strong></span> <span class='ocrx_word' id='word_1_593' title='bbox 1404 3999 1611 4069; x_wconf 87' lang='lat' dir='ltr'><strong>phantasmata</strong></span> <span class='ocrx_word' id='word_1_594' title='bbox 1619 4005 1672 4057; x_wconf 86' lang='lat' dir='ltr'><strong>aut</strong></span> <span class='ocrx_word' id='word_1_595' title='bbox 1681 3999 1819 4075; x_wconf 89' lang='lat' dir='ltr'><strong>visiones,</strong></span> 
     </span>
     <span class='ocr_line' id='line_1_45' title="bbox 184 4081 1820 4158; baseline -0.001 -13"><span class='ocrx_word' id='word_1_596' title='bbox 184 4087 322 4157; x_wconf 83' lang='lat' dir='ltr'><strong>deseet,»</strong></span> <span class='ocrx_word' id='word_1_597' title='bbox 338 4085 371 4142; x_wconf 91' lang='lat' dir='ltr'><strong>id</strong></span> <span class='ocrx_word' id='word_1_598' title='bbox 385 4088 440 4154; x_wconf 88' lang='lat' dir='ltr'><strong>est,</strong></span> <span class='ocrx_word' id='word_1_599' title='bbox 455 4083 628 4157; x_wconf 84' lang='lat' dir='ltr'><strong>proeluoebit</strong></span> <span class='ocrx_word' id='word_1_600' title='bbox 640 4083 703 4153; x_wconf 90' lang='lat' dir='ltr'><strong>regi</strong></span> <span class='ocrx_word' id='word_1_601' title='bbox 716 4099 799 4140; x_wconf 90' lang='lat' dir='ltr'><strong>vero.</strong></span> <span class='ocrx_word' id='word_1_602' title='bbox 815 4086 889 4140; x_wconf 83' lang='lat' dir='ltr'><strong>Psoi.</strong></span> <span class='ocrx_word' id='word_1_603' title='bbox 905 4098 980 4154; x_wconf 82' lang='lat' dir='ltr'><strong>xcvi,</strong></span> <span class='ocrx_word' id='word_1_604' title='bbox 1024 4083 1077 4139; x_wconf 92' lang='lat' dir='ltr'><strong>sed</strong></span> <span class='ocrx_word' id='word_1_605' title='bbox 1090 4082 1217 4139; x_wconf 78' lang='lat' dir='ltr'><strong>exterius</strong></span> <span class='ocrx_word' id='word_1_606' title='bbox 1236 4081 1316 4138; x_wconf 90' lang='lat' dir='ltr'><strong>clara</strong></span> <span class='ocrx_word' id='word_1_607' title='bbox 1335 4095 1408 4136; x_wconf 91' lang='lat' dir='ltr'><strong>voce</strong></span> <span class='ocrx_word' id='word_1_608' title='bbox 1428 4081 1504 4137; x_wconf 84' lang='lat' dir='ltr'><strong>Deus</strong></span> <span class='ocrx_word' id='word_1_609' title='bbox 1524 4082 1725 4154; x_wconf 86' lang='lat' dir='ltr'><strong>respondebat</strong></span> <span class='ocrx_word' id='word_1_610' title='bbox 1737 4086 1820 4158; x_wconf 87' lang='lat' dir='ltr'><strong>ltosi,</strong></span> 
     </span>
     <span class='ocr_line' id='line_1_46' title="bbox 183 4164 1821 4242; baseline 0 -16"><span class='ocrx_word' id='word_1_611' title='bbox 183 4184 275 4242; x_wconf 79' lang='lat' dir='ltr'><strong>egem</strong></span> <span class='ocrx_word' id='word_1_612' title='bbox 294 4169 333 4227; x_wconf 90' lang='lat' dir='ltr'><strong>de</strong></span> <span class='ocrx_word' id='word_1_613' title='bbox 351 4165 457 4225; x_wconf 83' lang='lat' dir='ltr'><strong>Christi</strong></span> <span class='ocrx_word' id='word_1_614' title='bbox 472 4165 586 4236; x_wconf 82' lang='lat' dir='ltr'><strong>judicio</strong></span> <span class='ocrx_word' id='word_1_615' title='bbox 610 4183 617 4220; x_wconf 77' lang='grc' dir='ltr'>ε</span> <span class='ocrx_word' id='word_1_616' title='bbox 643 4165 760 4235; x_wconf 80' lang='lat' dir='ltr'><strong>algais,</strong></span> <span class='ocrx_word' id='word_1_617' title='bbox 782 4165 893 4238; x_wconf 88' lang='lat' dir='ltr'><strong>inquit,</strong></span> <span class='ocrx_word' id='word_1_618' title='bbox 914 4171 981 4224; x_wconf 89' lang='lat' dir='ltr'><strong>aute</strong></span> <span class='ocrx_word' id='word_1_619' title='bbox 1023 4169 1058 4222; x_wconf 89' lang='lat' dir='ltr'><strong>ut</strong></span> <span class='ocrx_word' id='word_1_620' title='bbox 1078 4164 1191 4221; x_wconf 80' lang='lat' dir='ltr'><strong>ltebrrri</strong></span> <span class='ocrx_word' id='word_1_621' title='bbox 1212 4167 1305 4222; x_wconf 84' lang='lat' dir='ltr'><strong>iteum</strong></span> <span class='ocrx_word' id='word_1_622' title='bbox 1328 4178 1398 4220; x_wconf 90' lang='lat' dir='ltr'><strong>cum</strong></span> <span class='ocrx_word' id='word_1_623' title='bbox 1416 4164 1493 4221; x_wconf 87' lang='lat' dir='ltr'><strong>ltose</strong></span> <span class='ocrx_word' id='word_1_624' title='bbox 1513 4164 1680 4236; x_wconf 79' lang='lat' dir='ltr'><strong>legislatore</strong></span> <span class='ocrx_word' id='word_1_625' title='bbox 1702 4185 1758 4228; x_wconf 90' lang='lat' dir='ltr'><strong>suo</strong></span> <span class='ocrx_word' id='word_1_626' title='bbox 1777 4169 1821 4227; x_wconf 91' lang='lat' dir='ltr'><strong>lo·</strong></span> 
     </span>
     <span class='ocr_line' id='line_1_47' title="bbox 183 4247 1325 4326; baseline -0.004 -16"><span class='ocrx_word' id='word_1_627' title='bbox 183 4253 284 4326; x_wconf 88' lang='lat' dir='ltr'><strong>ipsum</strong></span> <span class='ocrx_word' id='word_1_628' title='bbox 297 4251 478 4326; x_wconf 77' lang='lat' dir='ltr'><strong>praecedet.»</strong></span> <span class='ocrx_word' id='word_1_629' title='bbox 494 4252 536 4308; x_wconf 90' lang='lat' dir='ltr'><strong>lta</strong></span> <span class='ocrx_word' id='word_1_630' title='bbox 548 4247 779 4321; x_wconf 88' lang='lat' dir='ltr'><strong>imperatoribus</strong></span> <span class='ocrx_word' id='word_1_631' title='bbox 793 4249 865 4306; x_wconf 88' lang='lat' dir='ltr'><strong>olim</strong></span> <span class='ocrx_word' id='word_1_632' title='bbox 878 4248 982 4321; x_wconf 79' lang='lat' dir='ltr'><strong>praete</strong></span> <span class='ocrx_word' id='word_1_633' title='bbox 1025 4254 1165 4323; x_wconf 87' lang='lat' dir='ltr'><strong>quantem</strong></span> <span class='ocrx_word' id='word_1_634' title='bbox 1178 4249 1325 4307; x_wconf 86' lang='lat' dir='ltr'><strong>audirent.</strong></span> 
     </span>
     <span class='ocr_line' id='line_1_48' title="bbox 182 4332 1823 4410; baseline 0 -16"><span class='ocrx_word' id='word_1_635' title='bbox 182 4335 304 4394; x_wconf 83' lang='lat' dir='ltr'><strong>rebatur</strong></span> <span class='ocrx_word' id='word_1_636' title='bbox 313 4334 400 4407; x_wconf 88' lang='lat' dir='ltr'><strong>ignis,</strong></span> <span class='ocrx_word' id='word_1_637' title='bbox 409 4336 480 4392; x_wconf 88' lang='lat' dir='ltr'><strong>teste</strong></span> <span class='ocrx_word' id='word_1_638' title='bbox 491 4333 669 4402; x_wconf 85' lang='lat' dir='ltr'><strong>Herodiano,</strong></span> <span class='ocrx_word' id='word_1_639' title='bbox 679 4332 751 4405; x_wconf 90' lang='lat' dir='ltr'><strong>quia</strong></span> <span class='ocrx_word' id='word_1_640' title='bbox 761 4332 838 4403; x_wconf 88' lang='lat' dir='ltr'><strong>ignis</strong></span> <span class='ocrx_word' id='word_1_641' title='bbox 848 4337 891 4390; x_wconf 88' lang='lat' dir='ltr'><strong>est</strong></span> <span class='ocrx_word' id='word_1_642' title='bbox 902 4349 981 4408; x_wconf 87' lang='lat' dir='ltr'><strong>sym·</strong></span> <span class='ocrx_word' id='word_1_643' title='bbox 1060 4335 1132 4390; x_wconf 85' lang='lat' dir='ltr'><strong>Note</strong></span> <span class='ocrx_word' id='word_1_644' title='bbox 1146 4350 1154 4389; x_wconf 91' lang='lat'><strong>:</strong></span> <span class='ocrx_word' id='word_1_645' title='bbox 1170 4333 1227 4401; x_wconf 83' lang='lat' dir='ltr'><strong>Qui</strong></span> <span class='ocrx_word' id='word_1_646' title='bbox 1239 4333 1287 4388; x_wconf 92' lang='lat' dir='ltr'><strong>hic</strong></span> <span class='ocrx_word' id='word_1_647' title='bbox 1301 4333 1413 4406; x_wconf 88' lang='lat' dir='ltr'><strong>passim</strong></span> <span class='ocrx_word' id='word_1_648' title='bbox 1423 4349 1494 4394; x_wconf 89' lang='lat' dir='ltr'><strong>cum</strong></span> <span class='ocrx_word' id='word_1_649' title='bbox 1506 4337 1583 4391; x_wconf 89' lang='lat' dir='ltr'><strong>llose</strong></span> <span class='ocrx_word' id='word_1_650' title='bbox 1599 4334 1742 4409; x_wconf 85' lang='lat' dir='ltr'><strong>loquitur,</strong></span> <span class='ocrx_word' id='word_1_651' title='bbox 1756 4337 1823 4410; x_wconf 88' lang='lat' dir='ltr'><strong>qui·</strong></span> 
     </span>
     <span class='ocr_line' id='line_1_49' title="bbox 182 4415 1823 4490; baseline -0.001 -12"><span class='ocrx_word' id='word_1_652' title='bbox 182 4417 290 4478; x_wconf 84' lang='lat' dir='ltr'><strong>bolum</strong></span> <span class='ocrx_word' id='word_1_653' title='bbox 312 4422 377 4475; x_wconf 89' lang='lat' dir='ltr'><strong>tum</strong></span> <span class='ocrx_word' id='word_1_654' title='bbox 390 4416 592 4490; x_wconf 88' lang='lat' dir='ltr'><strong>principatus,</strong></span> <span class='ocrx_word' id='word_1_655' title='bbox 605 4420 638 4472; x_wconf 92' lang='lat' dir='ltr'><strong>ut</strong></span> <span class='ocrx_word' id='word_1_656' title='bbox 658 4415 711 4488; x_wconf 87' lang='lat' dir='ltr'><strong>qui</strong></span> <span class='ocrx_word' id='word_1_657' title='bbox 724 4415 839 4488; x_wconf 89' lang='lat' dir='ltr'><strong>primus</strong></span> <span class='ocrx_word' id='word_1_658' title='bbox 851 4430 885 4474; x_wconf 87' lang='lat' dir='ltr'><strong>ae</strong></span> <span class='ocrx_word' id='word_1_659' title='bbox 898 4417 981 4490; x_wconf 89' lang='lat' dir='ltr'><strong>prin·</strong></span> <span class='ocrx_word' id='word_1_660' title='bbox 1025 4431 1084 4490; x_wconf 87' lang='lat' dir='ltr'><strong>que</strong></span> <span class='ocrx_word' id='word_1_661' title='bbox 1098 4416 1233 4489; x_wconf 88' lang='lat' dir='ltr'><strong>sequenti</strong></span> <span class='ocrx_word' id='word_1_662' title='bbox 1247 4431 1312 4489; x_wconf 90' lang='lat' dir='ltr'><strong>cap.</strong></span> <span class='ocrx_word' id='word_1_663' title='bbox 1329 4415 1507 4487; x_wconf 85' lang='lat' dir='ltr'><strong>decalogum</strong></span> <span class='ocrx_word' id='word_1_664' title='bbox 1529 4431 1566 4473; x_wconf 87' lang='lat' dir='ltr'><strong>cx</strong></span> <span class='ocrx_word' id='word_1_665' title='bbox 1579 4417 1648 4474; x_wconf 89' lang='lat' dir='ltr'><strong>Sina</strong></span> <span class='ocrx_word' id='word_1_666' title='bbox 1657 4419 1823 4490; x_wconf 88' lang='lat' dir='ltr'><strong>proclama-</strong></span> 
     </span>
     <span class='ocr_line' id='line_1_50' title="bbox 183 4497 1822 4576; baseline 0 -16"><span class='ocrx_word' id='word_1_667' title='bbox 183 4517 253 4575; x_wconf 88' lang='lat' dir='ltr'><strong>ceps</strong></span> <span class='ocrx_word' id='word_1_668' title='bbox 263 4503 338 4560; x_wconf 92' lang='lat' dir='ltr'><strong>inter</strong></span> <span class='ocrx_word' id='word_1_669' title='bbox 348 4502 494 4559; x_wconf 89' lang='lat' dir='ltr'><strong>elementa</strong></span> <span class='ocrx_word' id='word_1_670' title='bbox 503 4499 610 4558; x_wconf 88' lang='lat' dir='ltr'><strong>virtute</strong></span> <span class='ocrx_word' id='word_1_671' title='bbox 622 4513 656 4556; x_wconf 90' lang='lat' dir='ltr'><strong>ac</strong></span> <span class='ocrx_word' id='word_1_672' title='bbox 666 4497 827 4571; x_wconf 91' lang='lat' dir='ltr'><strong>splendore</strong></span> <span class='ocrx_word' id='word_1_673' title='bbox 837 4499 980 4570; x_wconf 80' lang='lat' dir='ltr'><strong>emineat3</strong></span> <span class='ocrx_word' id='word_1_674' title='bbox 1025 4499 1076 4567; x_wconf 84' lang='lat' dir='ltr'><strong>vit,</strong></span> <span class='ocrx_word' id='word_1_675' title='bbox 1091 4498 1146 4556; x_wconf 85' lang='lat' dir='ltr'><strong>luit</strong></span> <span class='ocrx_word' id='word_1_676' title='bbox 1155 4499 1288 4570; x_wconf 87' lang='lat' dir='ltr'><strong>angelus,</strong></span> <span class='ocrx_word' id='word_1_677' title='bbox 1302 4504 1335 4556; x_wconf 93' lang='lat' dir='ltr'><strong>ut</strong></span> <span class='ocrx_word' id='word_1_678' title='bbox 1345 4503 1425 4571; x_wconf 91' lang='lat' dir='ltr'><strong>patet</strong></span> <span class='ocrx_word' id='word_1_679' title='bbox 1436 4501 1529 4556; x_wconf 84' lang='lat' dir='ltr'><strong>Actor.</strong></span> <span class='ocrx_word' id='word_1_680' title='bbox 1545 4515 1611 4573; x_wconf 88' lang='lat' dir='ltr'><strong>cap.</strong></span> <span class='ocrx_word' id='word_1_681' title='bbox 1622 4514 1673 4572; x_wconf 86' lang='lat' dir='ltr'><strong>vn,</strong></span> <span class='ocrx_word' id='word_1_682' title='bbox 1685 4517 1763 4560; x_wconf 86' lang='lat' dir='ltr'><strong>vers.</strong></span> <span class='ocrx_word' id='word_1_683' title='bbox 1775 4505 1822 4576; x_wconf 81' lang='grc'><strong>38,</strong></span> 
     </span>
     <span class='ocr_line' id='line_1_51' title="bbox 183 4581 1824 4656; baseline 0.001 -14"><span class='ocrx_word' id='word_1_684' title='bbox 183 4586 334 4656; x_wconf 79' lang='lat' dir='ltr'><strong>rumvits,</strong></span> <span class='ocrx_word' id='word_1_685' title='bbox 347 4585 499 4654; x_wconf 79' lang='lat' dir='ltr'><strong>doctrinae,</strong></span> <span class='ocrx_word' id='word_1_686' title='bbox 511 4583 666 4654; x_wconf 81' lang='lat' dir='ltr'><strong>felicitatis,</strong></span> <span class='ocrx_word' id='word_1_687' title='bbox 678 4583 816 4656; x_wconf 78' lang='lat' dir='ltr'><strong>potentie</strong></span> <span class='ocrx_word' id='word_1_688' title='bbox 828 4587 856 4641; x_wconf 90' lang='lat' dir='ltr'><strong>et</strong></span> <span class='ocrx_word' id='word_1_689' title='bbox 867 4583 981 4655; x_wconf 75' lang='lat' dir='ltr'><strong>glorie,</strong></span> <span class='ocrx_word' id='word_1_690' title='bbox 1026 4587 1054 4637; x_wconf 90' lang='grc' dir='ltr'>ει</span> <span class='ocrx_word' id='word_1_691' title='bbox 1068 4581 1128 4638; x_wconf 83' lang='lat' dir='ltr'><strong>Gal.</strong></span> <span class='ocrx_word' id='word_1_692' title='bbox 1144 4596 1210 4654; x_wconf 87' lang='lat' dir='ltr'><strong>cap.</strong></span> <span class='ocrx_word' id='word_1_693' title='bbox 1227 4594 1274 4651; x_wconf 85' lang='lat' dir='ltr'><strong>nr,</strong></span> <span class='ocrx_word' id='word_1_694' title='bbox 1297 4595 1375 4638; x_wconf 86' lang='lat' dir='ltr'><strong>vers.</strong></span> <span class='ocrx_word' id='word_1_695' title='bbox 1391 4585 1441 4651; x_wconf 87' lang='grc'><strong>19,</strong></span> <span class='ocrx_word' id='word_1_696' title='bbox 1464 4582 1517 4639; x_wconf 92' lang='lat' dir='ltr'><strong>ubi</strong></span> <span class='ocrx_word' id='word_1_697' title='bbox 1538 4583 1644 4641; x_wconf 89' lang='lat' dir='ltr'><strong>diserte</strong></span> <span class='ocrx_word' id='word_1_698' title='bbox 1662 4585 1768 4643; x_wconf 90' lang='lat' dir='ltr'><strong>dicitur</strong></span> <span class='ocrx_word' id='word_1_699' title='bbox 1781 4588 1824 4644; x_wconf 91' lang='lat' dir='ltr'><strong>le·</strong></span> 
     </span>
    </p>

    <p class='ocr_par' dir='ltr' id='par_1_20' title="bbox 126 4664 1825 4745">
     <span class='ocr_line' id='line_1_52' title="bbox 126 4664 1825 4745; baseline 0.003 -21"><span class='ocrx_word' id='word_1_700' title='bbox 126 4713 131 4724; x_wconf 94' lang='lat'><strong>.</strong></span> <span class='ocrx_word' id='word_1_701' title='bbox 182 4670 295 4745; x_wconf 85' lang='lat' dir='ltr'><strong>quibus</strong></span> <span class='ocrx_word' id='word_1_702' title='bbox 316 4669 406 4728; x_wconf 89' lang='lat' dir='ltr'><strong>rebus</strong></span> <span class='ocrx_word' id='word_1_703' title='bbox 421 4672 496 4726; x_wconf 82' lang='lat' dir='ltr'><strong>Deus</strong></span> <span class='ocrx_word' id='word_1_704' title='bbox 509 4668 632 4741; x_wconf 80' lang='lat' dir='ltr'><strong>Diuique</strong></span> <span class='ocrx_word' id='word_1_705' title='bbox 651 4667 781 4740; x_wconf 90' lang='lat' dir='ltr'><strong>pollent,</strong></span> <span class='ocrx_word' id='word_1_706' title='bbox 800 4671 830 4726; x_wconf 89' lang='lat' dir='ltr'><strong>et</strong></span> <span class='ocrx_word' id='word_1_707' title='bbox 848 4671 918 4740; x_wconf 89' lang='lat' dir='ltr'><strong>post</strong></span> <span class='ocrx_word' id='word_1_708' title='bbox 931 4683 982 4725; x_wconf 88' lang='lat' dir='ltr'><strong>eos</strong></span> <span class='ocrx_word' id='word_1_709' title='bbox 1027 4681 1095 4738; x_wconf 88' lang='lat' dir='ltr'><strong>gem</strong></span> <span class='ocrx_word' id='word_1_710' title='bbox 1109 4665 1210 4720; x_wconf 72' lang='lat' dir='ltr'><strong>damin</strong></span> <span class='ocrx_word' id='word_1_711' title='bbox 1231 4680 1294 4722; x_wconf 89' lang='lat' dir='ltr'><strong>esse</strong></span> <span class='ocrx_word' id='word_1_712' title='bbox 1317 4680 1370 4736; x_wconf 89' lang='lat' dir='ltr'><strong>per</strong></span> <span class='ocrx_word' id='word_1_713' title='bbox 1384 4665 1520 4736; x_wconf 80' lang='lat' dir='ltr'><strong>angelos3</strong></span> <span class='ocrx_word' id='word_1_714' title='bbox 1544 4664 1651 4724; x_wconf 89' lang='lat' dir='ltr'><strong>dicitur</strong></span> <span class='ocrx_word' id='word_1_715' title='bbox 1664 4671 1763 4728; x_wconf 68' lang='lat' dir='ltr'><strong>minen</strong></span> <span class='ocrx_word' id='word_1_716' title='bbox 1776 4671 1825 4728; x_wconf 88' lang='lat' dir='ltr'><strong>bic</strong></span> 
     </span>
    </p>

    <p class='ocr_par' dir='ltr' id='par_1_21' title="bbox 182 4748 1825 4828">
     <span class='ocr_line' id='line_1_53' title="bbox 182 4748 1825 4828; baseline -0.002 -17"><span class='ocrx_word' id='word_1_717' title='bbox 182 4753 330 4828; x_wconf 90' lang='lat' dir='ltr'><strong>principes</strong></span> <span class='ocrx_word' id='word_1_718' title='bbox 334 4793 345 4824; x_wconf 90' lang='lat'><strong>,</strong></span> <span class='ocrx_word' id='word_1_719' title='bbox 369 4766 453 4824; x_wconf 89' lang='lat' dir='ltr'><strong>reges</strong></span> <span class='ocrx_word' id='word_1_720' title='bbox 473 4767 509 4810; x_wconf 88' lang='lat' dir='ltr'><strong>ac</strong></span> <span class='ocrx_word' id='word_1_721' title='bbox 523 4751 648 4822; x_wconf 82' lang='lat' dir='ltr'><strong>judices.</strong></span> <span class='ocrx_word' id='word_1_722' title='bbox 672 4750 744 4808; x_wconf 83' lang='lat' dir='ltr'><strong>ilinc</strong></span> <span class='ocrx_word' id='word_1_723' title='bbox 763 4752 855 4808; x_wconf 82' lang='lat' dir='ltr'><strong>Varro</strong></span> <span class='ocrx_word' id='word_1_724' title='bbox 870 4767 878 4807; x_wconf 79' lang='grc' dir='ltr'>ε</span> <span class='ocrx_word' id='word_1_725' title='bbox 893 4751 982 4823; x_wconf 86' lang='lat' dir='ltr'><strong>ignis,</strong></span> <span class='ocrx_word' id='word_1_726' title='bbox 1026 4749 1252 4821; x_wconf 68' lang='lat' dir='ltr'><strong>ingeramus,</strong></span> <span class='ocrx_word' id='word_1_727' title='bbox 1271 4748 1344 4820; x_wconf 89' lang='lat' dir='ltr'><strong>quia</strong></span> <span class='ocrx_word' id='word_1_728' title='bbox 1357 4748 1407 4820; x_wconf 85' lang='lat' dir='ltr'><strong>ttei</strong></span> <span class='ocrx_word' id='word_1_729' title='bbox 1419 4764 1580 4823; x_wconf 87' lang='lat' dir='ltr'><strong>personam</strong></span> <span class='ocrx_word' id='word_1_730' title='bbox 1593 4750 1731 4821; x_wconf 85' lang='lat' dir='ltr'><strong>gerebat,</strong></span> <span class='ocrx_word' id='word_1_731' title='bbox 1745 4753 1825 4824; x_wconf 75' lang='lat' dir='ltr'><strong>eius·</strong></span> 
     </span>
    </p>

    <p class='ocr_par' dir='ltr' id='par_1_22' title="bbox 182 4831 1825 4909">
     <span class='ocr_line' id='line_1_54' title="bbox 182 4831 1825 4909; baseline -0.002 -13"><span class='ocrx_word' id='word_1_732' title='bbox 182 4837 233 4908; x_wconf 85' lang='lat' dir='ltr'><strong>ait,</strong></span> <span class='ocrx_word' id='word_1_733' title='bbox 243 4838 350 4895; x_wconf 91' lang='lat' dir='ltr'><strong>dicitur</strong></span> <span class='ocrx_word' id='word_1_734' title='bbox 360 4852 380 4894; x_wconf 92' lang='lat' dir='ltr'><strong>a</strong></span> <span class='ocrx_word' id='word_1_735' title='bbox 390 4835 540 4909; x_wconf 88' lang='lat' dir='ltr'><strong>gignendo</strong></span> <span class='ocrx_word' id='word_1_736' title='bbox 553 4840 581 4892; x_wconf 90' lang='lat' dir='ltr'><strong>et</strong></span> <span class='ocrx_word' id='word_1_737' title='bbox 592 4833 754 4903; x_wconf 89' lang='lat' dir='ltr'><strong>nascendo,</strong></span> <span class='ocrx_word' id='word_1_738' title='bbox 769 4834 854 4908; x_wconf 87' lang='lat' dir='ltr'><strong>quod</strong></span> <span class='ocrx_word' id='word_1_739' title='bbox 863 4834 902 4892; x_wconf 90' lang='lat' dir='ltr'><strong>ab</strong></span> <span class='ocrx_word' id='word_1_740' title='bbox 913 4834 983 4906; x_wconf 89' lang='lat' dir='ltr'><strong>igne</strong></span> <span class='ocrx_word' id='word_1_741' title='bbox 1026 4848 1086 4906; x_wconf 87' lang='lat' dir='ltr'><strong>que</strong></span> <span class='ocrx_word' id='word_1_742' title='bbox 1098 4831 1195 4904; x_wconf 87' lang='lat' dir='ltr'><strong>legem</strong></span> <span class='ocrx_word' id='word_1_743' title='bbox 1207 4831 1358 4902; x_wconf 88' lang='lat' dir='ltr'><strong>tradebat,</strong></span> <span class='ocrx_word' id='word_1_744' title='bbox 1376 4836 1521 4905; x_wconf 85' lang='lat' dir='ltr'><strong>tanquam</strong></span> <span class='ocrx_word' id='word_1_745' title='bbox 1533 4832 1583 4889; x_wconf 86' lang='lat' dir='ltr'><strong>uei</strong></span> <span class='ocrx_word' id='word_1_746' title='bbox 1595 4848 1694 4906; x_wconf 83' lang='lat' dir='ltr'><strong>praeco</strong></span> <span class='ocrx_word' id='word_1_747' title='bbox 1705 4838 1733 4892; x_wconf 88' lang='lat' dir='ltr'><strong>et</strong></span> <span class='ocrx_word' id='word_1_748' title='bbox 1745 4834 1825 4907; x_wconf 86' lang='lat' dir='ltr'><strong>lega·</strong></span> 
     </span>
    </p>

    <p class='ocr_par' dir='ltr' id='par_1_23' title="bbox 182 4915 1085 4992">
     <span class='ocr_line' id='line_1_55' title="bbox 182 4915 1085 4992; baseline -0.004 -13"><span class='ocrx_word' id='word_1_749' title='bbox 182 4920 285 4979; x_wconf 90' lang='lat' dir='ltr'><strong>omnia</strong></span> <span class='ocrx_word' id='word_1_750' title='bbox 299 4923 468 4990; x_wconf 90' lang='lat' dir='ltr'><strong>nascantur,</strong></span> <span class='ocrx_word' id='word_1_751' title='bbox 484 4923 512 4976; x_wconf 87' lang='lat' dir='ltr'><strong>et</strong></span> <span class='ocrx_word' id='word_1_752' title='bbox 524 4918 600 4992; x_wconf 89' lang='lat' dir='ltr'><strong>iguis</strong></span> <span class='ocrx_word' id='word_1_753' title='bbox 611 4915 815 4976; x_wconf 86' lang='lat' dir='ltr'><strong>animantibus</strong></span> <span class='ocrx_word' id='word_1_754' title='bbox 827 4917 889 4976; x_wconf 91' lang='lat' dir='ltr'><strong>vim</strong></span> <span class='ocrx_word' id='word_1_755' title='bbox 900 4917 985 4977; x_wconf 90' lang='lat' dir='ltr'><strong>indat</strong></span> <span class='ocrx_word' id='word_1_756' title='bbox 1027 4923 1085 4975; x_wconf 89' lang='lat' dir='ltr'><strong>tus.</strong></span> 
     </span>
    </p>

    <p class='ocr_par' dir='ltr' id='par_1_24' title="bbox 183 5000 1933 5160">
     <span class='ocr_line' id='line_1_56' title="bbox 183 5000 1933 5073; baseline 0.002 -10"><span class='ocrx_word' id='word_1_757' title='bbox 183 5004 352 5064; x_wconf 85' lang='lat' dir='ltr'><strong>mirificam.</strong></span> <span class='ocrx_word' id='word_1_758' title='bbox 839 5067 844 5073; x_wconf 54' lang='grc'><strong>,</strong></span> <span class='ocrx_word' id='word_1_759' title='bbox 1061 5002 1108 5058; x_wconf 77' lang='grc'><strong>10.</strong></span> <span class='ocrx_word' id='word_1_760' title='bbox 1124 5000 1336 5069; x_wconf 82' lang='lat' dir='ltr'><strong>ltascraarrpas</strong></span> <span class='ocrx_word' id='word_1_761' title='bbox 1357 5003 1486 5059; x_wconf 79' lang='lat' dir='ltr'><strong>boninus</strong></span> <span class='ocrx_word' id='word_1_762' title='bbox 1504 5015 1593 5058; x_wconf 83' lang='lat' dir='ltr'><strong>surra</strong></span> <span class='ocrx_word' id='word_1_763' title='bbox 1611 5016 1728 5060; x_wconf 73' lang='lat' dir='ltr'><strong>noerae</strong></span> <span class='ocrx_word' id='word_1_764' title='bbox 1747 5005 1933 5068; x_wconf 68' lang='lat' dir='ltr'><strong>sicumare</strong></span> 
     </span>
     <span class='ocr_line' id='line_1_57' title="bbox 218 5081 1827 5160; baseline 0.001 -16"><span class='ocrx_word' id='word_1_765' title='bbox 218 5083 388 5160; x_wconf 79' lang='lat' dir='ltr'><strong>symbolice</strong></span> <span class='ocrx_word' id='word_1_766' title='bbox 401 5081 576 5156; x_wconf 82' lang='lat' dir='ltr'><strong>cyprianus,</strong></span> <span class='ocrx_word' id='word_1_767' title='bbox 591 5081 645 5138; x_wconf 87' lang='lat' dir='ltr'><strong>lib.</strong></span> <span class='ocrx_word' id='word_1_768' title='bbox 661 5084 694 5139; x_wconf 90' lang='lat' dir='ltr'><strong>lll</strong></span> <span class='ocrx_word' id='word_1_769' title='bbox 707 5083 853 5138; x_wconf 77' lang='lat' dir='ltr'><strong>Testimoa.</strong></span> <span class='ocrx_word' id='word_1_770' title='bbox 866 5082 904 5138; x_wconf 87' lang='lat' dir='ltr'><strong>ad</strong></span> <span class='ocrx_word' id='word_1_771' title='bbox 917 5083 985 5151; x_wconf 81' lang='lat' dir='ltr'><strong>Qui·</strong></span> <span class='ocrx_word' id='word_1_772' title='bbox 1028 5099 1057 5141; x_wconf 83' lang='lat' dir='ltr'><strong>aa</strong></span> <span class='ocrx_word' id='word_1_773' title='bbox 1080 5098 1142 5142; x_wconf 83' lang='lat' dir='ltr'><strong>reso</strong></span> <span class='ocrx_word' id='word_1_774' title='bbox 1165 5098 1268 5141; x_wconf 77' lang='lat' dir='ltr'><strong>nosris</strong></span> <span class='ocrx_word' id='word_1_775' title='bbox 1292 5098 1427 5155; x_wconf 85' lang='lat' dir='ltr'><strong>vaarrcs,</strong></span> <span class='ocrx_word' id='word_1_776' title='bbox 1449 5099 1485 5141; x_wconf 82' lang='lat' dir='ltr'><strong>aa</strong></span> <span class='ocrx_word' id='word_1_777' title='bbox 1507 5098 1628 5143; x_wconf 82' lang='lat' dir='ltr'><strong>vocavrr</strong></span> <span class='ocrx_word' id='word_1_778' title='bbox 1649 5086 1775 5146; x_wconf 69' lang='lat' dir='ltr'><strong>Moesia.</strong></span> <span class='ocrx_word' id='word_1_779' title='bbox 1790 5117 1827 5134; x_wconf 89' lang='lat'><em>-</em></span> 
     </span>
    </p>

    <p class='ocr_par' dir='ltr' id='par_1_25' title="bbox 182 5164 1827 5242">
     <span class='ocr_line' id='line_1_58' title="bbox 182 5164 1827 5242; baseline 0.002 -15"><span class='ocrx_word' id='word_1_780' title='bbox 182 5185 292 5236; x_wconf 77' lang='lat' dir='ltr'><strong>naum,</strong></span> <span class='ocrx_word' id='word_1_781' title='bbox 305 5168 364 5225; x_wconf 91' lang='lat' dir='ltr'><strong>hoc</strong></span> <span class='ocrx_word' id='word_1_782' title='bbox 377 5167 463 5238; x_wconf 89' lang='lat' dir='ltr'><strong>igne,</strong></span> <span class='ocrx_word' id='word_1_783' title='bbox 476 5165 519 5224; x_wconf 90' lang='lat' dir='ltr'><strong>uti</strong></span> <span class='ocrx_word' id='word_1_784' title='bbox 532 5170 560 5223; x_wconf 88' lang='lat' dir='ltr'><strong>et</strong></span> <span class='ocrx_word' id='word_1_785' title='bbox 573 5167 641 5238; x_wconf 88' lang='lat' dir='ltr'><strong>igne</strong></span> <span class='ocrx_word' id='word_1_786' title='bbox 654 5164 739 5237; x_wconf 89' lang='lat' dir='ltr'><strong>rubi,</strong></span> <span class='ocrx_word' id='word_1_787' title='bbox 753 5166 845 5222; x_wconf 73' lang='lat' dir='ltr'><strong>Exodi</strong></span> <span class='ocrx_word' id='word_1_788' title='bbox 858 5183 925 5240; x_wconf 92' lang='lat' dir='ltr'><strong>cap.</strong></span> <span class='ocrx_word' id='word_1_789' title='bbox 939 5183 983 5238; x_wconf 85' lang='lat' dir='ltr'><strong>ui,</strong></span> <span class='ocrx_word' id='word_1_790' title='bbox 1028 5167 1220 5226; x_wconf 85' lang='lat' dir='ltr'><strong>Descenderat</strong></span> <span class='ocrx_word' id='word_1_791' title='bbox 1230 5169 1294 5239; x_wconf 88' lang='lat' dir='ltr'><strong>jam</strong></span> <span class='ocrx_word' id='word_1_792' title='bbox 1308 5169 1384 5224; x_wconf 85' lang='lat' dir='ltr'><strong>lteus</strong></span> <span class='ocrx_word' id='word_1_793' title='bbox 1397 5183 1451 5242; x_wconf 93' lang='lat' dir='ltr'><strong>per</strong></span> <span class='ocrx_word' id='word_1_794' title='bbox 1466 5167 1607 5239; x_wconf 89' lang='lat' dir='ltr'><strong>angelum</strong></span> <span class='ocrx_word' id='word_1_795' title='bbox 1617 5185 1696 5227; x_wconf 85' lang='lat' dir='ltr'><strong>vers.</strong></span> <span class='ocrx_word' id='word_1_796' title='bbox 1712 5174 1762 5242; x_wconf 87' lang='grc'><strong>18,</strong></span> <span class='ocrx_word' id='word_1_797' title='bbox 1778 5189 1827 5230; x_wconf 88' lang='lat' dir='ltr'><strong>su-</strong></span> 
     </span>
    </p>

    <p class='ocr_par' dir='ltr' id='par_1_26' title="bbox 183 5249 1827 5325">
     <span class='ocr_line' id='line_1_59' title="bbox 183 5249 1827 5325; baseline 0.004 -15"><span class='ocrx_word' id='word_1_798' title='bbox 183 5256 213 5310; x_wconf 87' lang='lat' dir='ltr'><strong>et</strong></span> <span class='ocrx_word' id='word_1_799' title='bbox 236 5251 346 5324; x_wconf 88' lang='lat' dir='ltr'><strong>linguis</strong></span> <span class='ocrx_word' id='word_1_800' title='bbox 366 5251 460 5322; x_wconf 87' lang='lat' dir='ltr'><strong>igneis</strong></span> <span class='ocrx_word' id='word_1_801' title='bbox 479 5249 511 5306; x_wconf 93' lang='lat' dir='ltr'><strong>in</strong></span> <span class='ocrx_word' id='word_1_802' title='bbox 534 5252 717 5319; x_wconf 86' lang='lat' dir='ltr'><strong>Pentecoste,</strong></span> <span class='ocrx_word' id='word_1_803' title='bbox 743 5250 838 5306; x_wconf 87' lang='lat' dir='ltr'><strong>Actor.</strong></span> <span class='ocrx_word' id='word_1_804' title='bbox 862 5265 929 5324; x_wconf 89' lang='lat' dir='ltr'><strong>cap.</strong></span> <span class='ocrx_word' id='word_1_805' title='bbox 950 5267 984 5322; x_wconf 87' lang='lat' dir='ltr'><strong>u,</strong></span> <span class='ocrx_word' id='word_1_806' title='bbox 1027 5265 1082 5325; x_wconf 90' lang='lat' dir='ltr'><strong>per</strong></span> <span class='ocrx_word' id='word_1_807' title='bbox 1098 5255 1232 5308; x_wconf 91' lang='lat' dir='ltr'><strong>montem</strong></span> <span class='ocrx_word' id='word_1_808' title='bbox 1252 5250 1283 5307; x_wconf 89' lang='lat' dir='ltr'><strong>in</strong></span> <span class='ocrx_word' id='word_1_809' title='bbox 1307 5250 1392 5322; x_wconf 92' lang='lat' dir='ltr'><strong>igne,</strong></span> <span class='ocrx_word' id='word_1_810' title='bbox 1412 5251 1466 5308; x_wconf 87' lang='lat' dir='ltr'><strong>sed</strong></span> <span class='ocrx_word' id='word_1_811' title='bbox 1485 5252 1571 5325; x_wconf 85' lang='lat' dir='ltr'><strong>quasi</strong></span> <span class='ocrx_word' id='word_1_812' title='bbox 1591 5269 1710 5312; x_wconf 91' lang='lat' dir='ltr'><strong>sursum</strong></span> <span class='ocrx_word' id='word_1_813' title='bbox 1728 5256 1827 5316; x_wconf 86' lang='lat' dir='ltr'><strong>adhuc</strong></span> 
     </span>
    </p>
   </div>
   <div class='ocr_carea' id='block_1_3' title="bbox 184 5332 1824 5410">
    <p class='ocr_par' dir='ltr' id='par_1_27' title="bbox 184 5332 1824 5410">
     <span class='ocr_line' id='line_1_60' title="bbox 184 5332 1824 5410; baseline 0.003 -18"><span class='ocrx_word' id='word_1_814' title='bbox 184 5335 381 5407; x_wconf 85' lang='lat' dir='ltr'><strong>significatum</strong></span> <span class='ocrx_word' id='word_1_815' title='bbox 390 5337 476 5407; x_wconf 87' lang='lat' dir='ltr'><strong>putat</strong></span> <span class='ocrx_word' id='word_1_816' title='bbox 486 5332 626 5409; x_wconf 90' lang='lat' dir='ltr'><strong>Spiritum</strong></span> <span class='ocrx_word' id='word_1_817' title='bbox 637 5334 786 5390; x_wconf 81' lang='lat' dir='ltr'><strong>Sanctum</strong></span> <span class='ocrx_word' id='word_1_818' title='bbox 803 5333 894 5390; x_wconf 81' lang='lat' dir='ltr'><strong>Porro</strong></span> <span class='ocrx_word' id='word_1_819' title='bbox 905 5332 983 5405; x_wconf 88' lang='lat' dir='ltr'><strong>ignis</strong></span> <span class='ocrx_word' id='word_1_820' title='bbox 1028 5334 1157 5393; x_wconf 89' lang='lat' dir='ltr'><strong>elevatus</strong></span> <span class='ocrx_word' id='word_1_821' title='bbox 1175 5349 1266 5410; x_wconf 90' lang='lat' dir='ltr'><strong>super</strong></span> <span class='ocrx_word' id='word_1_822' title='bbox 1284 5337 1435 5406; x_wconf 89' lang='lat' dir='ltr'><strong>montem,</strong></span> <span class='ocrx_word' id='word_1_823' title='bbox 1457 5340 1485 5394; x_wconf 86' lang='lat' dir='ltr'><strong>et</strong></span> <span class='ocrx_word' id='word_1_824' title='bbox 1503 5335 1534 5392; x_wconf 92' lang='lat' dir='ltr'><strong>in</strong></span> <span class='ocrx_word' id='word_1_825' title='bbox 1557 5352 1623 5394; x_wconf 90' lang='lat' dir='ltr'><strong>aere</strong></span> <span class='ocrx_word' id='word_1_826' title='bbox 1646 5337 1824 5396; x_wconf 84' lang='lat' dir='ltr'><strong>consistens:</strong></span> 
     </span>
    </p>
   </div>
   <div class='ocr_carea' id='block_1_4' title="bbox 183 5415 1827 5495">
    <p class='ocr_par' dir='ltr' id='par_1_28' title="bbox 183 5415 1827 5495">
     <span class='ocr_line' id='line_1_61' title="bbox 183 5415 1827 5495; baseline -0.01 -13"><span class='ocrx_word' id='word_1_827' title='bbox 183 5417 233 5482; x_wconf 78' lang='lat' dir='ltr'><strong>lito</strong></span> <span class='ocrx_word' id='word_1_828' title='bbox 245 5418 374 5492; x_wconf 77' lang='lat' dir='ltr'><strong>turpans,</strong></span> <span class='ocrx_word' id='word_1_829' title='bbox 388 5417 635 5495; x_wconf 85' lang='lat' dir='ltr'><strong>ipseqaetamus,</strong></span> <span class='ocrx_word' id='word_1_830' title='bbox 648 5415 751 5477; x_wconf 83' lang='lat' dir='ltr'><strong>minax</strong></span> <span class='ocrx_word' id='word_1_831' title='bbox 764 5421 827 5477; x_wconf 86' lang='lat' dir='ltr'><strong>erat</strong></span> <span class='ocrx_word' id='word_1_832' title='bbox 840 5416 981 5488; x_wconf 85' lang='lat' dir='ltr'><strong>incendii,</strong></span> <span class='ocrx_word' id='word_1_833' title='bbox 1027 5417 1085 5477; x_wconf 84' lang='lat' dir='ltr'><strong>hoc</strong></span> <span class='ocrx_word' id='word_1_834' title='bbox 1105 5417 1185 5476; x_wconf 88' lang='lat' dir='ltr'><strong>enim</strong></span> <span class='ocrx_word' id='word_1_835' title='bbox 1206 5417 1302 5476; x_wconf 89' lang='lat' dir='ltr'><strong>innuit</strong></span> <span class='ocrx_word' id='word_1_836' title='bbox 1316 5420 1341 5472; x_wconf 74' lang='grc' dir='ltr'><strong>τὸ</strong></span> <span class='ocrx_word' id='word_1_837' title='bbox 1355 5434 1452 5490; x_wconf 62' lang='lat' dir='ltr'><strong>rupem</strong></span> <span class='ocrx_word' id='word_1_838' title='bbox 1474 5417 1523 5478; x_wconf 90' lang='lat' dir='ltr'><strong>hic</strong></span> <span class='ocrx_word' id='word_1_839' title='bbox 1544 5429 1614 5474; x_wconf 86' lang='lat' dir='ltr'><strong>vero</strong></span> <span class='ocrx_word' id='word_1_840' title='bbox 1632 5420 1754 5480; x_wconf 87' lang='lat' dir='ltr'><strong>ulterius</strong></span> <span class='ocrx_word' id='word_1_841' title='bbox 1775 5423 1827 5482; x_wconf 90' lang='lat' dir='ltr'><strong>de.</strong></span> 
     </span>
    </p>
   </div>
   <div class='ocr_carea' id='block_1_5' title="bbox 912 5525 998 5540">
    <p class='ocr_par' dir='ltr' id='par_1_29' title="bbox 912 5525 998 5540">
     <span class='ocr_line' id='line_1_62' title="bbox 912 5525 998 5540; baseline 0 -2"><span class='ocrx_word' id='word_1_842' title='bbox 912 5525 998 5540; x_wconf 44' lang='grc' dir='ltr'><strong>,μ’</strong></span> 
     </span>
    </p>
   </div>
   <div class='ocr_carea' id='block_1_6' title="bbox 0 0 2076 6036">
    <p class='ocr_par' dir='ltr' id='par_1_30' title="bbox 0 0 2076 6036">
     <span class='ocr_line' id='line_1_63' title="bbox 0 0 2076 6036; baseline 0 0"><span class='ocrx_word' id='word_1_843' title='bbox 0 0 2076 6036; x_wconf 95' lang='lat' dir='ltr'><strong> </strong></span> 
     </span>
    </p>
   </div>
  </div>
 </body>
</html>
