4134 6056
253 319 291 378 tl!
765 317 1007 377 conmutata
1023 319 1057 376 ht
1075 319 1238 393 cauma,
1255 333 1318 382 ω.
1336 321 1371 383 ΙΙ.

255 423 349 485 vertit.
364 425 444 484 Unde
453 425 523 483 cato
537 423 613 482 dixit
624 423 781 484 mulierem
793 439 857 483 esse
871 424 986 483 mdum
995 438 1047 484 ne·
1089 425 1198 484 vidisse
1212 427 1263 486 hei
1276 428 1450 501 essentim3
1463 427 1524 488 hnc
1538 427 1660 488 inclinet
1676 428 1839 488 tlioherdus
1852 430 1883 488 tn

255 509 424 567 cessarium.
1089 510 1129 582 11,
1144 511 1211 568 dist.
1230 512 1282 582 23,
1294 514 1349 569 ert.
1364 513 1399 584 Ξ,
1414 514 1522 582 Qnaest.
1538 514 1564 584 l,
1577 527 1632 571 neo
1651 511 1745 584 reiicit
1762 515 1794 571 h.
1808 513 1885 572 ‘lho-

135 600 243 647 τωο.
291 597 335 652 19.
351 596 493 652 tonnerre
511 609 607 652 reiron
625 607 662 652 nu
675 608 755 652 nouo
768 609 883 653 canoris
896 608 1048 654 insutum-
1090 607 1166 663 mas,
1179 595 1190 650 l
1204 595 1405 666 port.‚Qoaet.
1421 598 1513 669 xciv,
1527 599 1582 654 art.
1596 595 1884 655 t.Sedoontrarium
1935 606 2013 653 man

254 692 305 736 ros
323 693 434 748 ranan,
453 693 488 735 ar
505 693 650 736 narnensis
667 693 849 737 accurramus
866 694 955 739 coru.
968 707 1004 721 -
1016 679 1048 731 rt
1091 682 1134 736 est
1145 677 1233 749 longe
1246 677 1360 750 verius,
1374 679 1482 738 scilicet
1496 694 1550 738 neo
1566 680 1675 751 Adam,
1690 695 1745 738 neo
1757 683 1882 754 htosem,
1895 668 2014 775 ffi'iffi}

253 762 410 818 volatilibus
426 761 502 819 reier
519 763 558 820 ed
572 765 716 832 immotis,
735 779 798 821 non
811 767 910 821 autem
923 763 962 820 ad
975 765 1001 816 rt
1014 761 1048 819 de
1091 776 1145 819 neo
1162 762 1301 833 Paulum,
1321 763 1457 838 adeoque
1475 763 1625 822 neminem
1640 764 1673 821 in
1689 763 1746 822 hac
1762 765 1823 824 rita
1840 767 1883 824 vi·
1895 792 1996 838 „m

254 845 351 912 horum
365 845 496 904 volatilia
509 844 589 903 enim
603 862 665 904 non
678 863 715 904 cx
729 848 835 919 humo,
850 847 903 905 sed
917 863 954 904 ex
968 859 1047 918 aqua
1091 844 1169 904 disse
1182 845 1232 904 Dei
1244 847 1415 918 essentiam,
1428 846 1473 905 uti
1483 847 1546 904 dixi
1559 849 1582 905 11
1596 847 1718 906 Corinth.
1733 861 1786 920 an,
1798 853 1828 908 t.

253 928 380 986 iormata
402 933 485 1000 sunt,
498 935 531 987 nt
550 929 612 988 dixi
626 931 720 1003 capite
743 947 770 1003 r,
795 947 872 989 vers.
895 933 941 989 20.
954 931 1047 988 bloses
1125 929 1190 988 ruit
1202 945 1274 1003 argo
1286 931 1381 988 Adam
1396 930 1543 1006 prophete
1559 934 1589 988 et
1604 929 1770 990 mandans.
1785 935 1858 993 Nota
1873 954 1882 992 :
1906 944 1996 996 eun·

253 1015 333 1071 enim
346 1014 440 1072 multa
452 1017 555 1089 paucis
567 1032 621 1090 per
632 1017 896 1090 anacephalaeosim
908 1015 1048 1092 perstrin·
1089 1012 1183 1071 Edam
1203 1029 1221 1072 a
1238 1017 1297 1072 Deo
1315 1013 1428 1088 accepit
1438 1012 1590 1072 amentiam
1603 1012 1733 1072 infusam
1746 1017 1882 1076 omnium
1904 1004 1997 1110 'm

254 1097 308 1170 git;
330 1097 422 1156 verba
437 1115 508 1171 ergo
530 1100 594 1173 ejus
609 1101 770 1173 respective
788 1100 898 1174 exponi
913 1099 1045 1157 dehent:
1089 1113 1191 1156 rerum
1202 1099 1384 1158 naturalium
1399 1117 1406 1156 r
1422 1101 1510 1173 atque
1523 1113 1560 1156 ex
1573 1113 1609 1157 ea
1624 1099 1748 1172 singulis
1760 1103 1882 1160 nomina
1894 1126 1948 1172 gr.
1975 1129 2012 1174 ῃ..

254 1197 291 1239 ex
302 1186 369 1240 ante
384 1182 509 1241 narratis
528 1184 607 1242 enim
622 1188 751 1256 constat,
765 1184 839 1259 quid
854 1185 939 1258 quod
952 1181 1047 1257 respi-
1089 1180 1248 1255 imposuit,
1264 1187 1298 1240 ut
1319 1181 1381 1241 dixi
1397 1197 1474 1240 vera.
1500 1185 1551 1255 ¹⁹3
1570 1196 1633 1241 non
1651 1187 1752 1242 tamen
1771 1187 1883 1261 aceepit
1920 1189 1980 1233 ⁶³¹⁸·

254 1264 320 1323 ciat.
1090 1264 1469 1337 cognitionemluturorum
1481 1265 1883 1339 contingentiummerares·

135 1365 243 1418 casamo
291 1356 419 1408 honour
433 1365 468 1409 nu
487 1367 524 1410 un
541 1356 633 1411 Aren.
648 1382 684 1396 -
701 1351 904 1422 «adduxit,»
920 1364 981 1409 non
994 1366 1049 1424 per
1090 1363 1199 1407 norum
1212 1348 1323 1420 cordis,
1337 1365 1391 1410 neo
1405 1348 1522 1408 numeri
1533 1347 1768 1423 indiuiduorum,
1782 1356 1816 1410 ut
1829 1355 1883 1411 sci·

136 1426 245 1532 Ἢ·
256 1433 401 1492 visionem
418 1435 661 1508 intellectualem,
678 1440 712 1493 ut
730 1434 794 1493 vult
809 1436 979 1507 cajetanus,
995 1433 1049 1491 sed
1089 1436 1171 1491 retr.
1182 1447 1211 1505 g.
1226 1439 1301 1508 quot
1310 1438 1406 1492 essent
1416 1449 1496 1504 oves,
1511 1437 1586 1508 quot
1598 1433 1701 1492 leones
1711 1434 1743 1492 in
1755 1438 1881 1509 mundo,

136 1500 201 1594 πύξ
217 1510 380 1595 ⁸{rossilion
401 1519 492 1595 idque
508 1535 563 1594 per
580 1520 715 1593 angelos,
735 1519 782 1578 vel
798 1535 852 1594 per
871 1516 1009 1576 affectum
1020 1520 1049 1574 et
1090 1521 1164 1592 quot
1178 1520 1314 1576 arenecin
1325 1517 1410 1576 mari.
1425 1517 1490 1575 Pari
1502 1517 1595 1576 modo
1608 1519 1720 1593 accepit
1732 1520 1827 1579 edam
1839 1522 1883 1580 in·

136 1609 222 1658 amnt
256 1601 419 1676 impulsum
435 1602 597 1677 phantasia
615 1607 643 1660 et
656 1602 773 1661 affectui
788 1599 1048 1673 singulorumeni·
1089 1599 1187 1658 tusam
1211 1599 1269 1658 sihi
1285 1600 1378 1659 fidem
1393 1604 1421 1658 et
1441 1601 1642 1674 cognitionem
1663 1618 1764 1661 rerum
1782 1619 1884 1680 snper·

255 1681 1046 1760 mariumassimpressom.1taS.nogustinus,1ih.
1090 1684 1270 1742 naturalium
1292 1702 1301 1741 r
1325 1687 1399 1760 puta
1420 1685 1466 1743 SS.
1488 1685 1654 1756 Trinitatis,
1675 1687 1884 1748 incarnationis

255 1773 288 1828 lx
302 1773 342 1825 lle
357 1770 452 1827 Genesi
464 1771 502 1826 od
516 1772 573 1826 titt.
589 1785 656 1843 cap.
671 1784 734 1840 xrs,
746 1768 835 1826 etalii
848 1767 971 1842 passim.
1090 1767 1193 1826 Christi
1203 1769 1274 1840 (non
1284 1773 1384 1827 tauma
1394 1767 1441 1826 sui
1451 1768 1554 1841 lapsus
1565 1766 1679 1844 loturi),
1691 1772 1785 1830 ruinoe
1795 1773 1883 1833 etiam

289 1857 372 1913 lrsuu
390 1869 440 1911 usr
452 1869 548 1912 uonuu
560 1869 645 1925 aros,
658 1884 695 1897 -
707 1853 802 1928 ipsius
814 1858 927 1911 nature
940 1868 1048 1911 conve·
1090 1853 1276 1924 angelorum.
1291 1855 1419 1911 Rursum
1438 1851 1574 1910 omnium
1593 1854 1779 1926 agendorum
1794 1861 1824 1915 et
1839 1857 1885 1916 iu·

253 1939 337 1998 niens
351 1945 393 1996 est
406 1954 526 2010 nomen,
538 1955 566 2010 q.
582 1938 611 1995 d.
625 1938 719 1997 Adam
733 1937 857 2008 siugulis
870 1935 1049 1996 convenien·
1090 1936 1268 2008 giendorum
1279 1937 1468 2010 prudentiam
1479 1935 1609 1994 infusam
1622 1939 1744 2011 accepit.
1755 1941 1884 2015 beniqm

252 2023 292 2084 tia
304 2023 412 2081 indidit
424 2022 557 2092 nomina,
573 2037 641 2096 quae
652 2022 840 2095 singulorum
850 2025 988 2079 naturam
999 2037 1048 2078 ex·
1091 2035 1243 2078 summum
1256 2019 1513 2093 contemplationis
1525 2019 1575 2077 hei
1588 2023 1617 2077 et
1631 2022 1807 2094 angelorum
1819 2039 1885 2097 gra·

252 2107 422 2181 primerent.
436 2109 478 2164 lta
495 2104 653 2177 Eusebius,
668 2104 721 2163 lib.
737 2107 776 2162 De
786 2108 911 2178 Propor.
927 2121 992 2180 cap.
1007 2118 1046 2162 ιν.
1091 2103 1165 2162 dnm
1179 2104 1304 2180 adeptus
1316 2107 1370 2163 est.
1382 2103 1424 2162 lta
1436 2118 1474 2160 ex
1486 2104 1515 2161 S.
1524 2103 1689 2177 Augustino
1702 2110 1732 2164 et
1743 2108 1884 2180 Gregorio

252 2191 341 2247 Porro
363 2189 486 2250 nomina
506 2189 570 2247 haec
592 2194 676 2247 erant
697 2189 839 2247 hebraica
857 2207 865 2246 ε
885 2189 949 2246 haeo
968 2189 1049 2247 enim
1091 2189 1233 2248 Pererius.

251 2271 355 2346 lingue
373 2274 486 2333 Adamo
508 2272 564 2331 luit
584 2273 695 2345 indita,
707 2278 742 2333 ut
760 2277 841 2348 patet
857 2289 934 2331 vers.
955 2275 1048 2344 23,et
1126 2273 1301 2346 ansgerius,
1312 2273 1342 2332 S.
1349 2270 1714 2345 Augasfinusinseatent„
1723 2275 1882 2336 Sentfflti:

252 2371 319 2432 cap.
331 2372 370 2429 av,
384 2373 461 2416 vers.
477 2361 506 2416 t.
1092 2357 1239 2429 «Dormit,
1252 2357 1360 2432 inqiut,
1373 2356 1468 2416 Adam
1477 2359 1511 2413 ut
1523 2355 1653 2428 flattina,
1663 2357 1789 2417 moritur
1802 2361 1882 2418 Chri·

287 2441 359 2499 Vide
371 2441 419 2498 hic
432 2441 607 2515 sapientiem
621 2442 702 2513 Ada,
716 2459 778 2517 qua
787 2443 975 2516 singulorum
985 2443 1049 2501 ani·
1089 2445 1152 2500 stus
1166 2445 1199 2499 ut
1212 2440 1266 2499 fiat
1281 2440 1419 2500 Ecclesia.
1436 2439 1603 2499 dormiente
1616 2439 1712 2498 Adam
1724 2441 1759 2498 flt
1772 2445 1830 2501 Eva
1846 2444 1883 2502 de

252 2525 375 2584 mallum
392 2530 513 2583 naturas
532 2529 631 2596 notat,
653 2526 756 2601 eisque
776 2540 909 2599 congrua
926 2526 1049 2585 indebat
1089 2526 1179 2585 latere
1191 2543 1200 2583 r
1214 2529 1334 2584 mortuo
1354 2523 1468 2584 Christo
1486 2525 1589 2584 lmoea
1608 2524 1775 2600 perforatur
1788 2527 1882 2601 latus,

251 2609 386 2680 nomina;
397 2608 466 2666 ride
480 2613 509 2666 ct
521 2624 611 2666 usum
625 2609 751 2668 dominii
764 2611 828 2683 eius
842 2611 874 2668 in
888 2611 1045 2669 animellas
1089 2615 1124 2669 nt
1136 2610 1320 2685 superfluant
1333 2613 1535 2682 Sacramenta,
1549 2608 1660 2685 quihus
1672 2609 1816 2671 formetur
1833 2616 1885 2672 ltc-

251 2695 294 2752 eis
307 2695 387 2751 enim
406 2693 492 2768 quasi
510 2693 651 2764 subditis,
667 2710 783 2768 suoque
801 2695 919 2769 peculio
936 2711 1047 2753 nomen
1089 2694 1217 2754 olesia.»

252 2777 388 2851 imponit.
404 2779 497 2835 Pisces
507 2793 570 2835 non
580 2778 706 2837 adduxit
718 2781 794 2836 heus
805 2780 844 2838 ad
854 2780 965 2850 Adam,
975 2779 1048 2854 quia
1123 2781 1211 2838 tuom
1224 2793 1301 2838 aas!
1314 2793 1352 2838 nr
1364 2793 1460 2838 cosan
1473 2793 1548 2837 aros.
1562 2806 1599 2822 -
1611 2781 1684 2837 Nota
1696 2784 1799 2852 primo,
1814 2798 1884 2840 oon·

253 2863 347 2937 pisces
361 2861 530 2920 naturaliter
541 2867 624 2921 extra
637 2879 748 2938 aquam
760 2864 859 2922 vivere
873 2876 1045 2939 nequeunt:
1088 2867 1135 2924 tra
1145 2863 1326 2936 cajetanum,
1339 2878 1402 2921 non
1410 2861 1583 2937 parabolice
1596 2862 1736 2936 Inmodici,
1746 2865 1798 2922 sed
1810 2882 1883 2940 pro·

253 2947 334 3004 unde
355 2947 397 3003 eis
415 2947 508 3004 Adam
529 2946 578 3005 hic
599 2949 723 3006 nomina
741 2964 813 3024 non,
820 2950 975 3024 imposuit,
993 2949 1046 3008 sed
1089 2949 1152 3023 prie
1169 2954 1204 3006 ut
1222 2950 1338 3007 sonant.
1361 2947 1404 3006 lta
1424 2946 1532 3006 docent
1548 2948 1646 3006 Patres
1664 2951 1693 3006 et
1709 2950 1883 3024 interpretes

254 3031 796 3105 nominaeisposteainditniuernnt.
1088 3031 1212 3106 passim.

135 3139 240 3184 aaran
289 3121 334 3176 20.
357 3123 423 3178 Ana
442 3133 517 3176 vano
534 3134 592 3177 uon
608 3135 813 3178 minumum
830 3135 957 3180 saturon
976 3136 1047 3179 arur-
1125 3116 1207 3173 Dices
1222 3133 1230 3173 r
1246 3119 1322 3189 Ergo
1339 3115 1435 3174 Adam
1451 3119 1636 3174 monstrosus
1649 3120 1712 3176 erat
1725 3117 2013 3177 antehancttoomodc

254 3219 297 3262 urs
310 3219 388 3276 erus,
400 3235 434 3248 -
448 3220 475 3277 q.
490 3205 519 3260 d.
539 3203 624 3262 Solus
643 3209 705 3263 erat
721 3206 816 3263 Adam
830 3221 900 3263 oum
913 3204 1048 3264 animali·
1090 3205 1202 3258 costam
1215 3200 1379 3270 sublatam,
1390 3199 1601 3273 velcertepost
1613 3215 1681 3258 eam
1694 3199 1825 3259 abirom
1836 3218 1881 3260 re·
1893 3187 2016 3294 {22⁴2

252 3288 328 3359 bus,
351 3289 479 3346 necdum
498 3290 561 3345 erat
583 3289 657 3359 Era,
678 3302 733 3345 nec
754 3289 831 3346 alius
852 3289 963 3360 homo,
977 3306 1045 3348 cum
1089 3285 1198 3342 mansit
1210 3289 1389 3354 mancus,et
1402 3299 1457 3342 sua
1469 3288 1551 3342 coste
1562 3283 1695 3344 mutilus.
1894 3310 1917 3350 n
1976 3313 2016 3357 sn

252 3390 314 3449 quo
331 3373 452 3430 haberet
466 3371 533 3429 vitre
553 3371 806 3430 communionem.
828 3373 909 3430 Unde
930 3372 1047 3432 videtur
1126 3372 1294 3446 Respondet
1316 3371 1489 3429 catherinus
1496 3373 1611 3443 ,heum
1634 3387 1690 3445 pro
1712 3373 1768 3430 hac
1801 3380 1882 3434 costa
1895 3367 1960 3414 ΕΜ

253 3458 336 3532 qnod
348 3456 441 3514 Adam
455 3455 579 3514 nomina
597 3455 772 3529 imposuerit
785 3455 966 3514 animalibus
979 3463 1047 3516 ante
1089 3456 1218 3528 Adamo‚
1234 3470 1303 3513 cum
1316 3469 1404 3512 carne
1417 3454 1507 3512 eliam
1521 3459 1633 3512 costam
1647 3457 1816 3515 restituisse.
1830 3461 1883 3516 Ve-

252 3543 318 3598 Evae
332 3541 519 3599 creationem.
1089 3556 1157 3600 rum
1175 3539 1248 3616 quia
1266 3538 1372 3597 diserte
1391 3539 1462 3597 dicit
1478 3539 1572 3596 hloses
1589 3557 1598 3596 r
1614 3558 1630 3593 ι
1644 3539 1720 3598 nuit
1737 3556 1829 3598 uuam
1844 3541 1882 3600 de

135 3640 193 3686 vie.
204 3645 238 3687 ar.
287 3625 1043 3687 at.reersrrrrronoe1rusnrussororrerrnrm.
1090 3625 1178 3684 costis
1190 3625 1271 3697 ejus,
1283 3627 1311 3681 et
1323 3622 1489 3697 replevit,»
1505 3637 1568 3681 non
1581 3625 1708 3693 costam,
1722 3625 1775 3682 sed
1793 3641 1884 3683 ocar-

252 3711 350 3765 -Pro
368 3723 488 3778 soporem
505 3706 642 3764 hebraice
660 3711 703 3764 est
726 3717 837 3771 nomn
856 3710 996 3778 tardema,
1013 3712 1046 3770 id
1089 3723 1159 3766 nem
1172 3723 1229 3783 pro
1243 3723 1317 3779 ea,r

252 3798 295 3851 est
308 3807 427 3864 gravem
441 3795 469 3847 et
482 3789 667 3863 protundum
688 3807 844 3865 somnum,
859 3809 950 3867 quem
963 3797 1046 3870 Sym-
1125 3793 1196 3849 ilinc
1209 3791 1338 3858 secondo,
1357 3790 1646 3850 meliuslt.‘lhomas
1658 3793 1748 3851 etalii
1761 3810 1884 3869 respon-

251 3877 373 3934 mochus
386 3873 670 3947 sapis,Septuoginta
682 3875 787 3933 melius
802 3880 897 3940 terres
911 3883 1044 3950 vertnm3
1089 3875 1175 3947 dent,
1197 3876 1275 3933 hanc
1294 3879 1407 3932 cesum
1428 3874 1498 3932 Adra
1520 3873 1611 3933 luisse
1632 3875 1724 3934 instar
1742 3879 1882 3952 amine,

251 3960 330 4018 unde
349 3961 445 4032 patet,
460 3973 521 4014 non
541 3961 656 4016 tantum
677 3975 817 4018 somnum
836 3962 885 4019 hic
903 3964 972 4021 hdae
990 3965 1045 4023 im·
1088 3960 1173 4036 qood
1188 3960 1343 4018 individuo
1362 3958 1547 4032 superfluum
1563 3964 1625 4030 est,
1643 3959 1697 4019 sed
1709 3961 1749 4018 ad
1762 3977 1882 4032 genera-

250 4045 374 4102 missum
392 4059 455 4100 esse
473 4043 512 4100 ad
525 4042 596 4112 hoo,
609 4059 646 4100 ne
660 4037 780 4102 sentiret
799 4051 912 4105 costam
924 4047 981 4106 sihi
995 4049 1045 4107 dc·
1088 4045 1199 4102 tionem
1219 4043 1312 4118 prolis
1326 4047 1370 4100 cst
1388 4043 1594 4102 necessarium.
1613 4044 1678 4102 Pari
1692 4045 1772 4102 enim
1790 4048 1883 4104 modo

250 4129 339 4198 habi,
354 4127 454 4201 itaque
468 4127 686 4185 exhorresceret
699 4133 727 4185 et
741 4129 867 4201 doleret3
883 4133 936 4190 sed
954 4135 1044 4190 etiam
1089 4131 1170 4184 00⁸1ss
1190 4127 1252 4184 11oess
1272 4127 1358 4196 Adoe,
1382 4131 1415 4183 11¹
1435 4126 1556 4200 privat&
1577 4141 1712 4201 POPSOB&
1733 4128 1884 4203 superflua

250 4212 339 4270 simul
359 4226 427 4269 cum
440 4227 546 4269 somno
560 4227 629 4268 eum
642 4216 761 4286 ruptum
774 4231 837 4272 esse
855 4215 887 4272 in
906 4218 1044 4275 exstasim
1089 4216 1151 4268 erat
1168 4211 1273 4269 eadem
1284 4215 1383 4268 umen
1401 4210 1446 4268 illi
1460 4211 1625 4270 necessario
1647 4211 1719 4283 fuit,
1736 4219 1883 4288 quotenus

248 4297 439 4370 mentis,qua
448 4309 532 4352 mens
543 4296 606 4366 ejus
616 4311 678 4353 non
687 4300 802 4354 tantum
811 4300 938 4356 naturali
951 4301 1043 4358 modo
1089 4295 1151 4369 ipse
1171 4299 1233 4353 erat
1251 4298 1340 4369 caput
1364 4298 1478 4353 natur&
1495 4300 1524 4353 ei
1542 4296 1733 4355 seminarium
1747 4300 1884 4357 omnium

249 4380 346 4438 soluta
358 4386 387 4438 et
401 4379 495 4438 libera
509 4384 571 4437 erut
584 4396 603 4437 n
615 4381 748 4454 corporis
762 4385 790 4438 et
803 4397 945 4440 sensuum
959 4383 1044 4441 iunc-
1087 4377 1262 4450 hominum,
1277 4395 1388 4454 exque
1403 4381 1464 4437 mm
1483 4381 1556 4451 Eva,
1570 4396 1663 4454 quam
1679 4382 1775 4440 ceteri
1787 4383 1884 4442 homi·

248 4464 394 4537 tionibus,
409 4463 462 4522 sed
476 4467 504 4522 et
517 4463 657 4521 divinitus
670 4463 711 4521 ite
725 4465 905 4536 elevabatur,
918 4470 951 4523 ut
963 4468 1044 4524 vide·
1088 4479 1141 4520 nas
1158 4464 1401 4536 producerentur.
1416 4466 1476 4521 Era
1497 4464 1576 4522 enim
1598 4481 1660 4523 nen
1677 4471 1792 4540 poterat
1813 4483 1883 4542 pro-

247 4554 291 4606 ret
305 4565 340 4607 ea
355 4564 422 4623 quoe
440 4547 629 4620 gerebantur,
645 4551 673 4604 ct
687 4548 791 4622 spiritu
807 4551 980 4623 prophetico
995 4568 1044 4609 co-
1088 4547 1167 4617 dnci‚
1177 4550 1210 4604 ut
1219 4547 1321 4621 proles
1331 4549 1394 4619 jam
1406 4562 1460 4621 per
1471 4563 1585 4619 semem
1600 4552 1676 4607 Deus
1687 4565 1758 4622 ergo
1771 4553 1882 4623 statuit,

248 4637 401 4706 gnosceret
414 4633 588 4706 mysterium
607 4647 660 4706 per
677 4648 712 4690 ea
726 4633 925 4703 significatum
939 4652 946 4690 :
962 4635 1044 4692 vide-
1087 4635 1120 4687 ut
1135 4647 1171 4687 ex
1183 4634 1264 4688 costo
1281 4630 1351 4689 Adra
1368 4632 1598 4706 produceretur,
1613 4633 1654 4692 oh
1672 4650 1792 4693 causam
1810 4651 1882 4694 mox

247 4721 308 4786 ret,
322 4716 447 4790 iuquam
454 4758 464 4787 ‚
478 4715 584 4773 mentis
595 4716 689 4773 oculis
703 4721 815 4774 costam
829 4717 886 4774 sihi
896 4717 1001 4789 eximi,
1015 4724 1043 4776 et
1089 4713 1256 4772 dicendam.

248 4816 285 4857 ex
304 4815 339 4856 ea
362 4803 452 4857 Eram
474 4798 594 4856 formari
604 4817 613 4870 3
628 4804 716 4873 utque
738 4814 793 4873 per
810 4801 867 4856 hoo
884 4800 1043 4871 significari
1123 4797 1192 4855 Dico
1206 4799 1320 4854 secando
1335 4817 1344 4855 r
1359 4800 1434 4856 heus
1453 4815 1522 4857 cum
1542 4803 1623 4858 costa
1643 4801 1760 4860 ridetur
1778 4807 1807 4861 ct
1820 4817 1883 4860 eer-
1921 4801 1927 4810 '

248 4883 481 4953 matrimonium,
491 4887 555 4939 turn
567 4899 656 4941 suum
666 4883 799 4940 naturale
811 4899 880 4939 cum
893 4886 966 4955 Eva,
977 4889 1041 4943 tum
1088 4897 1156 4939 nem
1167 4881 1365 4939 aslhaercntem
1376 4885 1463 4940 costa
1472 4899 1510 4940 ex
1522 4883 1636 4943 adamo
1651 4886 1802 4943 sustulisse
1818 4903 1826 4944 r
1842 4886 1882 4944 ait

247 4968 403 5041 mysticum
418 4965 523 5024 Christi
537 4982 605 5023 cum
619 4967 747 5024 Ecclesia
763 4985 769 5022 :
788 4966 845 5024 hoc
859 4966 937 5023 enim
952 4968 1043 5040 signi·
1087 4967 1167 5024 enim
1180 4966 1360 5040 ipsaniam,
1374 4983 1449 5024 vers.
1464 4969 1518 5025 23:
1533 4969 1616 5027 «Eoo
1625 4985 1705 5027 nunc
1716 4986 1750 5028 os
1760 4986 1798 5028 ex
1809 4971 1883 5030 ossi·

246 5051 337 5110 licont
355 5049 444 5107 verba
465 5050 547 5121 hdae,
563 5066 639 5108 vers.
657 5052 711 5120 23,
726 5053 755 5107 et
774 5051 802 5107 S.
824 5050 922 5117 Pauli,
943 5053 1039 5124 Epiros.
1086 5050 1144 5108 hus
1155 5052 1239 5122 meis,
1255 5057 1284 5110 et
1296 5069 1365 5110 caro
1379 5052 1417 5110 de
1430 5068 1518 5112 earne
1531 5069 1613 5126 mea3
1629 5074 1643 5110 o
1660 5071 1732 5127 ergo
1746 5058 1805 5114 Eva
1819 5073 1883 5116 non

246 5137 330 5207 v,32.
343 5136 385 5191 lta
398 5135 426 5191 S.
442 5134 638 5206 Augustinus,
653 5132 706 5190 lib.
724 5134 757 5190 rx
771 5135 810 5188 lie
825 5133 920 5190 Genesi
932 5136 969 5191 od
981 5138 1038 5193 litt.
1086 5139 1201 5193 unium
1214 5151 1251 5193 ex
1264 5137 1335 5193 Adae
1348 5151 1414 5193 osse
1427 5140 1456 5194 et
1468 5141 1564 5210 coste,
1578 5139 1632 5196 sed
1645 5139 1735 5197 etiam
1744 5155 1782 5197 ex
1794 5157 1882 5200 carne

246 5233 312 5292 cap.
324 5231 383 5287 xix,
397 5220 426 5272 et
438 5215 502 5273 fuse
514 5219 667 5274 tractitia
679 5219 770 5284 loco„
784 5220 814 5275 et
826 5217 854 5274 S.
864 5219 1040 5293 heruardus,
1087 5223 1174 5277 coste
1188 5219 1354 5278 adherente
1367 5220 1496 5279 formata
1507 5226 1562 5280 cst.

246 5316 335 5360 serm.
350 5304 390 5358 lte
402 5301 615 5372 septuagesimo.
1122 5307 1191 5365 Dico
1203 5313 1300 5365 tertio:
1309 5309 1351 5366 Ex
1364 5314 1445 5367 costa
1457 5309 1514 5367 hac
1527 5325 1662 5382 carnosa,
1677 5312 1763 5385 quasi
1775 5311 1883 5370 tunda-

283 5391 345 5448 tmo
366 5393 436 5449 sunt
457 5388 511 5462 qui
531 5392 637 5463 putant
655 5389 803 5456 edanum
821 5389 854 5450 in
865 5390 921 5452 hac
935 5395 1041 5456 exstasi
1087 5401 1201 5465 mento,
1228 5398 1303 5454 heus
1321 5393 1513 5455 admiscendo
1535 5393 1579 5458 illi
1597 5393 1688 5454 aliam
1711 5396 1864 5456 materiam
