4088 6032
241 332 279 392 51
764 327 1225 406 contirarrnrrmaartusm,
1242 301 1306 394 111.
1323 329 1346 390 1.

107 457 227 514 01111111
283 429 365 499 ilices
380 456 388 499 r
404 436 566 514 Quomodo
586 459 658 520 ergo
676 438 782 507 dicitur
800 449 899 507 111111.
918 459 981 516 ern,
997 441 1034 502 a:
1079 435 1217 498 animast
1280 435 1322 495 asi
1341 435 1434 493 mater
1449 423 1613 490 vivendum
1633 423 1662 490 et
1681 427 1837 494 mixtorum:
1958 461 1963 506 i

108 517 229 597 queam
250 515 319 582 «Su
344 542 375 584 er
397 531 516 589 montes
535 529 655 591 stabunt
677 525 818 608 aquati
842 527 1033 606 despondeo:
1078 513 1157 579 ande
1174 513 1234 578 sicu
1274 513 1306 577 iii
1325 505 1460 578 animalis
1479 512 1636 590 omnisque
1656 515 1778 573 bominis
1792 530 1841 577 cor·
1962 517 1966 590 'l

96 585 227 642 ‘ww'
249 539 419 680 «statana,
434 631 449 664 c
466 610 500 672 id
517 621 561 674 est
580 611 695 676 stabant
711 625 812 692 aquae,
832 625 899 674 oum
915 603 1033 680 scilicet,
1077 615 1163 678 pore,
1181 612 1291 676 magna
1310 592 1463 674 sanguinis
1485 596 1571 673 copia
1591 599 1634 656 est
1656 593 1687 655 in
1709 599 1803 674 hepate
1820 601 1843 662 et
1964 633 1969 678 t

242 689 287 746 titi
300 681 355 749 iilo
371 689 491 767 psalmo
503 702 660 774 precessit,
670 717 754 776 cquae
767 701 850 774 quasi
863 696 948 755 vestis
961 692 1033 752 ami·
1077 687 1326 760 cordo,indequa
1345 683 1559 760 perplurimas
1578 689 1668 738 venas
1688 681 1845 756 dispergitur
1967 707 1972 762 1

242 771 336 833 cireni
346 777 374 833 et
384 781 619 852 tegerentiotam
631 791 744 855 terram,
756 785 852 858 primo
864 783 892 838 et
905 771 1031 836 secundo
1076 785 1129 845 per
1143 771 1238 830 totum
1250 775 1373 844 corpus,
1387 771 1448 824 tam
1460 773 1577 822 sursum
1591 775 1683 839 quam
1698 763 1823 825 deorsum
1838 787 1844 828 1

242 857 352 916 mundi
367 858 436 920 die:
453 868 507 924 sed
519 869 604 927 tertio
615 867 670 926 boc
684 862 743 937 dic,
759 867 798 923 ad
811 875 911 922 rocam
926 861 973 917 lici
987 857 1032 914 iu·
1075 854 1128 925 ita,
1142 855 1182 912 ait
1196 853 1322 924 Seneca,
1335 850 1389 909 lib.
1404 845 1438 908 lli
1452 853 1552 909 Notus.
1569 853 1665 922 quara
1682 861 1746 922 cap.
1761 853 1847 924 rr,in-
1976 910 1977 928 ,

241 944 351 1008 gerunt
368 940 399 1001 iii
421 954 519 1008 uuum
539 951 652 1022 locum,
671 948 797 1020 tuncque
817 939 890 1002 tiens
907 945 937 1000 in
956 949 1031 998 terra
1075 941 1175 1009 gentes
1186 931 1243 996 illoe
1257 937 1393 994 caritates
1405 935 1464 991 sive
1474 925 1629 1003 voragines
1644 929 1701 989 sub
1716 934 1796 1005 terra,
1805 951 1849 1010 per
1977 973 1980 1014 t

241 1023 310 1084 iecit
329 1027 490 1089 ascendere
514 1037 641 1103 montes,
661 1026 730 1088 alibi
751 1021 892 1102 depressit
911 1037 977 1084 eam
998 1025 1030 1080 in
1075 1019 1228 1078 cuniculos
1242 1020 1326 1094 quasi
1340 1029 1446 1087 renas,
1461 1019 1621 1090 periciam
1638 1017 1760 1086 terram,
1775 1020 1849 1080 etiarn
1978 1059 1983 1102 y

240 1107 351 1184 valles,
371 1105 444 1172 alibi
466 1115 593 1190 primam
612 1113 759 1188 planitiem
779 1111 808 1170 et
820 1121 941 1184 campos
961 1109 1029 1165 reli·
1074 1101 1162 1162 altam
1178 1103 1207 1161 et
1221 1105 1389 1160 montosam
1408 1097 1628 1172 disparguntur,
1648 1098 1676 1155 ei
1694 1101 1777 1158 certis
1789 1098 1851 1162 locis
1983 1143 1984 1150 1

241 1193 325 1268 quit,
343 1187 386 1254 uli
404 1189 436 1254 tn
474 1197 569 1256 salmo
588 1197 725 1270 sequitur.
749 1187 838 1266 idque
858 1185 925 1250 iecit
945 1188 1029 1261 ilaus,
1074 1188 1202 1246 terracin
1216 1177 1853 1257 iontes,rlrosetiiuminaerumpunt.Qucd

241 1283 307 1336 tum
320 1271 359 1338 ad
372 1214 541 1340 varietatem
553 1289 663 1347 rerum;
675 1271 778 1333 tumui
789 1275 939 1333 montibus
950 1286 1030 1332 mare
1075 1287 1146 1345 ergo
1163 1275 1206 1329 est
1224 1271 1317 1345 hepar
1334 1267 1364 1328 in
1381 1269 1517 1339 homine,
1529 1269 1589 1325 boo
1603 1269 1647 1324 est
1666 1267 1790 1343 abyssus
1800 1271 1854 1332 hac

242 1365 272 1420 et
291 1353 418 1420 iiamina
440 1361 526 1438 quast
548 1353 639 1419 maris
661 1357 888 1432 conunerentur;
911 1363 975 1414 turn
999 1357 1031 1414 ut
1075 1353 1405 1430 aquarumincarernis
1417 1352 1628 1410 erraveram
1642 1351 1725 1425 origo
1739 1348 1855 1416 fontium

243 1444 360 1506 montes
373 1455 443 1505 suas
456 1442 572 1520 pluvias
586 1447 613 1504 et
629 1449 721 1518 aquas
736 1437 907 1500 distillando
921 1441 1031 1500 1111111-
1075 1446 1104 1498 er
1115 1435 1273 1498 numinum
1284 1432 1355 1496 aiibi
1367 1437 1497 1494 exactius
1509 1433 1701 1510 disquirenda
1714 1437 1766 1496 est.

244 1531 349 1589 darent
361 1543 503 1604 campos,
517 1544 625 1604 eosque
643 1525 682 1583 ab
699 1529 772 1582 aestn
788 1530 818 1582 et
830 1525 922 1582 venus
935 1526 1031 1600 prote-
1111 1521 1152 1581 lix
1165 1519 1220 1582 hac
1234 1515 1343 1597 abysso
1354 1517 1496 1594 prodiens
1509 1529 1602 1591 aqua,
1615 1520 1707 1578 mixta
1719 1529 1787 1579 cum
1799 1523 1857 1598 piu·

244 1611 355 1685 gerent.
1075 1607 1140 1679 via,
1154 1608 1286 1681 tempore
1301 1601 1405 1663 diluvii
1419 1605 1477 1660 iloe
1487 1645 1496 1673 ,
1507 1600 1601 1660 totam
1614 1606 1722 1662 terram
1736 1621 1857 1682 rursum,

130 1685 1034 1854 cautritur-iaatratirrtrrrarr
1076 1685 1860 1846 111111.’1111111111111111111

157 1866 216 1916 Ψ·
248 1870 322 1925 nunt
334 1859 364 1924 ‘et
376 1855 502 1922 induuin
516 1863 591 1935 (que
605 1854 719 1916 videtur
733 1874 795 1917 esse
808 1851 936 1918 densitas
949 1873 1034 1933 aquas
1077 1859 1125 1916 hic
1145 1855 1236 1916 iomit.
1259 1861 1291 1928 l,
1314 1855 1500 1924 ambrosius,
1519 1855 1573 1913 lib.
1594 1851 1635 1927 li,
1654 1867 1719 1931 cap.
1735 1873 1756 1916 rr
1776 1863 1861 1934 etur,

140 1927 225 2042 Ἓξ
250 1937 404 2022 naturalis)
420 1949 526 2018 magna
543 1947 624 2016 parte
642 1937 723 1999 tieret
737 1939 873 2011 densior,
891 1943 1035 2014 congestis
1078 1937 1271 2014 Hieronymus
1289 1939 1320 1996 in
1339 1953 1403 2012 cap.
1423 1953 1456 1995 ur
1473 1939 1617 2006 Habocue,
1639 1940 1747 1998 docent
1767 1945 1863 2004 omnia

249 2027 339 2095 simut
352 2035 382 2095 in
398 2037 462 2090 eain
476 2021 709 2086 exhalationibus
723 2019 922 2097 terrestribus,
940 2031 968 2082 et
984 2025 1035 2084 ad·
1078 2024 1203 2082 flumina
1222 2036 1385 2095 omnesque
1406 2032 1551 2096 aquarum
1571 2021 1728 2082 confluxus
1752 2027 1862 2086 Oceano

248 2115 345 2194 jectis,
357 2107 463 2193 qulbus
476 2125 554 2169 mare
564 2107 644 2164 lieret
653 2108 779 2178 salsum,
790 2112 854 2166 tuni
868 2117 905 2166 ne
914 2119 1036 2182 compu—
1077 2107 1198 2165 tandem
1214 2106 1301 2163 uniri.
1315 2103 1392 2174 Quin
1411 2105 1439 2161 et
1458 2117 1539 2162 marc
1558 2105 1710 2179 Caspium,
1727 2109 1810 2183 quod
1823 2127 1864 2168 sc-

251 2207 401 2274 11511111,
415 2206 476 2259 tum
496 2197 528 2252 ut
544 2182 664 2250 baberet
683 2190 894 2250 nutrimentum
909 2201 964 2266 pro
977 2188 1036 2266 pis
1078 2197 1215 2266 paratum
1230 2187 1353 2248 omuino
1373 2185 1503 2258 ridetur,
1519 2203 1573 2260 per
1592 2192 1704 2248 meatus
1724 2192 1865 2251 subterra-

221 2319 243 2361 ,2
255 2281 337 2350 cibus
370 2279 433 2344 ttiui
453 2275 486 2338 dt
501 2276 615 2336 iaciiius
630 2281 720 2331 nares
734 2272 897 2331 sustineret.
907 2273 951 2331 Sic
965 2285 1035 2346 ergo
1078 2289 1151 2331 neos
1165 2272 1243 2328 uniri
1253 2271 1369 2328 Oceano
1381 2269 1509 2342 iirctieo,
1521 2267 1649 2348 ideoque
1663 2271 1774 2331 salsum
1787 2287 1848 2334 esse

138 2321 243 2438 Yam
256 2373 327 2432 [leus
339 2331 395 2428 troc
415 2353 495 2423 tertio
512 2354 560 2419 die
578 2345 646 2414 iacit
659 2363 740 2415 mare
759 2345 886 2425 salsum,
900 2349 1035 2429 illudque
1080 2347 1383 2422 decembriarum,
1404 2349 1525 2423 strabo,
1536 2350 1645 2410 Plinius
1665 2359 1694 2412 et
1713 2322 1866 2431 uionysiut

161 2439 223 2488 ”⁸¹¹⁸
254 2442 382 2534 qnoudtc
396 2436 546 2506 conservat
558 2427 709 2522 additione
722 2435 862 2496 similium
877 2436 1037 2497 exhalatio-
1079 2431 1112 2496 de
1124 2436 1187 2496 Sita
1206 2439 1298 2495 orbis:
1313 2430 1463 2510 quidquid
1483 2434 1562 2494 dicat
1579 2437 1745 2497 Aristotcles
1764 2445 1792 2498 et
1805 2443 1868 2499 Pto-

223 2501 234 2546 τ
254 2551 339 2608 num,
349 2541 438 2608 quiea
447 2515 561 2585 terrani
575 2523 645 2582 solis
656 2525 685 2578 et
698 2517 845 2579 astrorum
857 2513 1035 2594 educuntur,
1078 2522 1212 2580 iomaeus.
1228 2517 1266 2577 lle
1280 2515 1335 2576 bec
1350 2513 1460 2591 abysso
1474 2517 1542 2574 vida
1555 2517 1644 2592 plura
1658 2521 1739 2594 apud
1754 2523 1868 2582 Conim-

253 2619 404 2685 etiumarc
415 2595 876 2672 demittunturilidiculumeninr
888 2600 940 2676 est,
951 2599 1036 2680 quod
1077 2604 1244 2673 briccnses,
1255 2605 1338 2659 tract.
1350 2603 1368 2658 9
1379 2605 1409 2656 in
1422 2597 1551 2667 lieteora,
1564 2617 1630 2676 cap.
1645 2617 1685 2673 rr,
1700 2609 1728 2662 ct
1739 2602 1867 2664 Francis-

251 2705 368 2786 quidam
378 2683 545 2766 i‘bliosopbt
553 2683 770 2760 excogitarunt,
780 2685 959 2746 salsedinem
972 2695 1035 2746 ma·
1078 2698 1147 2745 cum
1160 2679 1307 2744 talasium
1320 2679 1410 2741 Scan
1423 2677 1603 2756 philosophie
1619 2699 1685 2760 cap.
1703 2697 1783 2746 nxrri.
1799 2689 1868 2749 ilinc

250 2793 288 2851 ris
306 2771 457 2862 provenire
474 2775 504 2832 111
518 2773 673 2832 radiorum
690 2769 776 2842 sciis,
791 2761 902 2846 quibus
922 2767 1033 2829 irtndus
1113 2760 1182 2827 iiico
1207 2768 1289 2826 tertio
1314 2785 1332 2844 r·
1348 2761 1490 2824 Dicuntur
1512 2777 1598 2841 aque
1625 2771 1809 2841 congregatae
1837 2773 1867 2831 in
1904 2798 1977 2852 iffa„

249 2870 334 2934 maris
342 2855 497 2924 adorature
508 2850 747 2915 adustioneenim
756 2845 933 2913 salsedinem
941 2847 1032 2925 nasci,
1077 2857 1172 2910 unum
1184 2841 1295 2921 iocum,
1307 2849 1339 2908 id
1353 2853 1396 2907 est
1408 2846 1440 2907 in
1453 2844 1553 2907 iocum
1565 2856 1732 2924 separatum
1744 2857 1865 2928 eterra,
1879 2857 1998 2913 quomodo

248 2961 279 3017 ut
291 2951 360 3011 cinis
372 2941 480 3004 indicio
495 2938 660 3009 11111111,
674 2953 735 2994 non
750 2937 829 2994 enim
846 2937 893 2994 sol
907 2937 965 2994 urit
977 2936 1034 2994 nisi
1077 2941 1110 2993 ut
1121 2951 1155 2993 ea
1169 2935 1251 2992 fieret
1263 2934 1347 2992 arida
1360 2938 1389 2991 et
1401 2933 1581 2991 habitabilis.
1597 2935 1735 3004 Secundo,
1747 2940 1867 3011 proprie
1895 2929 1993 2988 ΜΨ

247 3053 298 3116 por
306 3036 414 3097 lumen,
423 3022 507 3098 quod
516 3021 594 3078 ultra
602 3019 772 3094 quindecim
783 3020 900 3078 cubitos
911 3019 943 3077 in
952 3035 1034 3077 mare
1076 3019 1108 3077 in
1119 3035 1214 3075 unum
1228 3018 1344 3089 iocum,
1358 3017 1431 3092 qnia
1444 3017 1487 3076 uti
1495 3018 1558 3089 jam
1575 2984 2006 3097 111111,01111111111111118111181111ιι

246 3135 306 3182 non
321 3114 470 3190 penetrare
487 3105 652 3162 urinatores
670 3107 834 3161 testentur:
856 3093 1034 3160 1111111111-
1077 3099 1220 3159 uniuntur
1238 3096 1370 3172 Oceano,
1391 3105 1420 3158 et
1437 3100 1508 3157 huic
1528 3101 1655 3175 abysso,
1675 3121 1742 3178 qaue
1761 3107 1869 3179 partim
1894 3097 1994 3143 Μ’

246 3213 303 3265 tem
317 3194 403 3254 maris
417 3189 516 3246 multis
532 3187 604 3245 iocis
617 3187 801 3262 quingentis,
813 3187 876 3244 imo
889 3186 971 3244 milio
985 3203 1035 3245 cu·
1077 3183 1135 3241 sub
1147 3187 1224 3240 terra
1235 3186 1288 3254 est,
1298 3182 1406 3257 partim
1418 3183 1444 3240 ci
1458 3185 1596 3256 contigua
1609 3185 1691 3246 estin
1704 3190 1792 3260 terra,
1801 3205 1871 3263 quae

246 3281 313 3348 bitis
325 3281 367 3336 est
377 3263 556 3348 profundus.
571 3269 701 3340 sicergo
717 3267 765 3325 uei
776 3269 946 3346 operatione
960 3267 1036 3326 iacta
1077 3265 1121 3324 esi
1138 3267 1237 3340 ipsum
1251 3273 1347 3335 mare3
1361 3275 1422 3323 una
1439 3263 1519 3323 enim
1537 3271 1580 3326 est
1591 3265 1653 3325 haeo
1667 3265 1808 3344 abyssus,
1822 3275 1871 3330 cui

248 3375 324 3442 aqna
342 3355 470 3424 densior,
490 3360 521 3408 se
539 3352 701 3421 contraxit,
717 3353 746 3408 ei
765 3351 911 3408 minorem
933 3352 1035 3409 locum
1078 3349 1175 3407 omnis
1193 3359 1271 3423 aqua
1288 3362 1342 3423 per
1359 3359 1449 3407 venas
1470 3351 1676 3411 subterraneas
1695 3355 1780 3428 quasi
1797 3350 1873 3414 ionti

248 3459 328 3512 ggrrae
337 3451 427 3515 quam
439 3434 505 3494 ante
516 3435 679 3507 occuparit,
692 3438 866 3507 partemque
879 3431 1036 3491 terrenti·
1079 3432 1107 3492 et
1123 3445 1260 3492 mammae
1278 3433 1392 3503 unitur,
1411 3433 1540 3508 indeque
1560 3448 1615 3510 per
1632 3445 1722 3494 renas
1742 3437 1774 3495 in
1791 3440 1874 3497 varia

250 3530 311 3608 quit
331 3519 454 3583 aridum.
476 3517 517 3575 ita
533 3517 562 3574 3.
578 3515 773 3588 augustinus,
787 3515 840 3573 lib.
856 3513 866 3573 1
881 3513 921 3573 111
940 3515 1034 3574 ueros.
1077 3518 1145 3577 loca
1161 3515 1318 3591 spargitur.
1333 3515 1432 3574 voluit
1448 3519 1528 3574 enim
1547 3519 1623 3576 lleus
1639 3533 1732 3593 aquas
1748 3535 1802 3595 per
1823 3535 1874 3580 ra-

252 3613 287 3674 ,g
297 3610 353 3668 1111,
364 3615 430 3677 cap.
445 3609 495 3659 xri.
1077 3599 1138 3657 rios
1153 3601 1252 3658 alveos
1266 3602 1295 3657 et
1307 3601 1390 3656 sinus
1408 3604 1492 3657 terrm
1509 3599 1692 3675 immiscere,
1706 3608 1770 3660 tum
1788 3607 1822 3661 ut
1838 3601 1875 3661 iis

141 3736 185 3784 ω
203 3735 241 3774 g„
284 3686 419 3758 Secundo,
433 3698 494 3746 nnn
508 3683 576 3760 post
585 3678 742 3756 diluvium,
755 3685 798 3744 uti
812 3683 905 3760 aliqui
919 3687 1036 3757 volunt,
1080 3688 1157 3741 terra
1172 3683 1342 3755 irrigaretur
1360 3687 1388 3740 et
1406 3679 1639 3757 ioecundaretur;
1652 3690 1717 3743 tum
1733 3690 1765 3744 ut
1780 3687 1876 3746 rantis

142 3797 171 3840 u·
208 3788 241 3831 li·
252 3782 302 3844 sed
315 3780 371 3836 boc
387 3771 470 3831 tertio
489 3769 594 3827 mundi
610 3767 658 3827 die
676 3765 743 3826 iecit
760 3771 835 3826 lieus
850 3775 957 3826 terram
970 3783 1038 3843 par-
1080 3767 1201 3825 marinis
1219 3765 1259 3824 ad
1275 3764 1477 3824 salubritatem
1495 3771 1523 3824 ct
1540 3768 1759 3828 ioecunditatem
1771 3769 1878 3844 perfla·

168 3849 216 3898 Μ
251 3869 302 3926 rim
315 3855 483 3924 subsidere,
496 3847 603 3926 partim
618 3864 779 3923 assurgere.
795 3851 876 3908 linde
891 3851 956 3909 iacti
970 3849 1039 3910 sunt
1080 3853 1170 3910 retur.
1183 3850 1273 3910 Porro
1288 3862 1375 3925 aquoe
1388 3849 1458 3922 ilice,
1467 3867 1535 3926 qua
1547 3849 1631 3911 initio
1643 3859 1751 3911 terram
1764 3855 1878 3928 operie⁴

148 3915 231 3963 ’Μ
251 3949 362 4010 montes
376 3941 404 3997 ct
415 3933 506 3996 valles
522 3950 529 3990 ε
544 3933 617 3992 varii
631 3949 752 4008 quoquc
769 3929 867 3992 hiatus
887 3939 915 3990 et
929 3936 1037 3994 cavita-
1080 3935 1163 4006 bant,
1178 3945 1239 3992 non
1254 3939 1337 3992 erant
1348 3931 1523 4008 prolundoe3
1538 3947 1631 4010 quare
1644 3933 1728 3995 {acilo
1741 3937 1772 3995 in
1789 3937 1878 3996 Ocea-

251 4037 291 4090 res
307 4025 338 4084 in
354 4029 432 4079 terra
440 4059 450 4090 ,
464 4014 495 4075 in
513 4026 588 4090 quas
601 4015 688 4090 quusi
702 4017 801 4074 alueos
820 4028 901 4074 mare
916 4031 947 4075 se
960 4029 1038 4076 rece·
1081 4034 1155 4078 num
1164 4023 1193 4075 et
1206 4017 1349 4091 abyssum
1361 4013 1437 4074 banc
1451 4015 1633 4092 profundam
1645 4017 1759 4077 recludi
1771 4026 1877 4093 poure-

249 4112 300 4190 pit,
312 4111 346 4166 ut
357 4106 437 4179 patet
448 4097 550 4160 Psotm.
565 4113 625 4168 cru,
638 4099 655 4154 'i
668 4103 697 4155 et
712 4115 775 4173 seq.
792 4096 850 4158 ilco
867 4113 938 4172 ergo
953 4101 1038 4158 tertio
1080 4105 1159 4159 runt.
1178 4098 1253 4173 Ergo
1271 4115 1333 4157 non
1351 4105 1394 4157 est
1410 4113 1526 4158 neccsse
1541 4103 1637 4160 dicere
1654 4107 1770 4176 partem
1783 4115 1877 4177 aqua-

250 4196 297 4255 dia
308 4190 375 4249 iecit
385 4190 459 4244 licus
473 4199 576 4242 omncs
592 4183 776 4252 aleensium
790 4184 969 4255 megistum
984 4181 1039 4242 1111-
1080 4201 1150 4244 rum
1169 4191 1188 4242 a
1206 4188 1310 4256 rento,
1333 4188 1368 4242 ut
1387 4184 1453 4242 vuit
1467 4184 1634 4258 abulensis,
1646 4190 1698 4245 aut
1715 4202 1734 4244 a
1752 4187 1832 4262 scie,
1844 4191 1878 4246 rit

250 4277 378 4343 minum,
391 4271 422 4327 in
441 4281 551 4341 eosque
570 4275 651 4323 mare
671 4271 700 4322 et
719 4261 844 4324 flumina
864 4268 1038 4340 segregavit.
1081 4270 1145 4326 vult
1159 4268 1350 4340 liugubinus,
1365 4267 1503 4326 siccatam
1515 4282 1588 4327 esse.

250 4357 319 4419 vide
337 4351 499 4430 Rupertum
517 4353 548 4406 111
570 4349 675 4416 lienes,
695 4345 749 4408 lib.
770 4347 796 4421 l,
814 4365 880 4424 cap.
904 4357 991 4409 xxxiv
1010 4353 1040 4409 et
1116 4353 1200 4414 Notat
1217 4353 1417 4413 'theodoretus
1430 4357 1462 4412 in
1476 4359 1578 4415 Psoim.
1594 4367 1658 4430 cru,
1672 4365 1754 4416 mare
1775 4355 1877 4418 iurans

250 4455 311 4516 seq,
1081 4453 1143 4496 non
1165 4445 1226 4497 tam
1249 4428 1415 4511 littoribus,
1441 4437 1552 4514 qnibrn
1576 4451 1652 4515 pena
1678 4443 1792 4516 equale
1818 4448 1877 4516 est,

141 4569 238 4616 Μ,
287 4529 393 4590 Tertio,
406 4522 473 4581 iecit
489 4524 565 4579 licus
582 4514 640 4578 boe
656 4519 741 4578 tertio
762 4519 810 4578 die
825 4520 963 4579 caritates
981 4519 1038 4579 sub
1082 4535 1174 4596 quam
1184 4521 1232 4578 liei
1241 4522 1430 4596 iussuquasi
1444 4522 1537 4582 fraeno
1552 4529 1580 4583 et
1590 4526 1721 4583 tonitruo
1734 4526 1876 4585 coerceri:

137 4613 238 4674 „mni
250 4616 313 4688 ipsa
327 4613 403 4666 terra
411 4605 567 4674 maximas,
579 4603 622 4661 uti
633 4603 812 4678 experientia
822 4603 1040 4676 deprehensum
1082 4605 1194 4680 alioqui
1209 4617 1286 4678 saepe
1301 4605 1402 4663 omnia
1415 4611 1618 4682 perrumperet
1630 4607 1659 4666 et
1671 4601 1820 4681 obrueret,
1834 4609 1879 4668 uii

158 4693 212 4730 ¹⁸⁸⁸
250 4701 416 4764 est,easque
424 4681 557 4762 implevit
567 4687 698 4744 maxima
708 4700 855 4759 aquarum
864 4687 959 4759 copia,
971 4696 1039 4760 quas
1081 4687 1149 4745 iecit
1169 4688 1251 4745 initio
1275 4684 1397 4761 mundi;
1421 4689 1490 4747 irinc
1513 4687 1588 4748 [teus
1614 4686 1721 4749 dicitur
1742 4691 1879 4766 posuisse

135 4739 237 4852 ‘pamma
250 4773 402 4853 proindea
416 4768 516 4830 multis
528 4763 634 4827 dinitur
647 4767 821 4827 barathrum
836 4763 884 4826 vel
897 4769 1037 4843 abyssus,·
1082 4771 1157 4827 mari
1170 4769 1330 4829 terminum
1341 4783 1440 4844 strum,
1456 4783 1547 4847 quem
1560 4770 1725 4846 transgredi
1738 4789 1799 4833 non
1810 4789 1881 4849 pos·

136 4861 185 4924 qm
197 4859 236 4904 ao
248 4870 276 4922 et
288 4873 342 4935 per
354 4858 453 4914 varios
466 4851 580 4913 meatus
594 4863 662 4912 cum
677 4855 752 4910 mari
765 4855 970 4926 conjungitur,
983 4867 1040 4927 pu·
1082 4855 1132 4924 sit,
1146 4851 1199 4910 ubi
1212 4855 1376 4913 contundat
1389 4861 1533 4915 tumentes
1550 4849 1657 4915 fluctus
1675 4871 1761 4930 suos,
1774 4848 1878 4918 Psctm.

164 4920 209 4968 '¹²
248 4949 383 5014 iaturque
393 4951 455 4996 esse
468 4937 574 4996 matrix
584 4939 611 4993 et
621 4937 705 5009 origo
719 4934 856 4994 omnium
870 4937 997 4994 fontium
1011 4942 1039 4994 et
1082 4947 1146 5008 cut,
1164 4941 1202 5010 93
1219 4937 1266 4996 Jcb
1290 4949 1418 5012 xxxviii,
1437 4940 1464 4999 7.
1481 4939 1613 5015 alioqui,
1632 4941 1672 4999 ait
1692 4945 1720 5000 S.
1739 4941 1879 5014 Basilina,

246 5026 420 5090 iluruinum3
445 5019 546 5094 utpote
572 5016 682 5093 quibus
704 5031 758 5094 per
780 5034 887 5092 venas,
910 5031 1039 5095 quarunt
1081 5023 1163 5081 bom.
1175 5026 1194 5080 l
1206 5022 1320 5082 ueram.
1333 5046 1341 5079 ι
1355 5021 1632 5100 101111ρ1ο111111111
1649 5039 1729 5084 mare
1741 5025 1878 5085 Rubrum

245 5096 565 5178 terracstpieuissima,
578 5103 971 5177 aquamqnasisanguinem
985 5105 1040 5163 im·
1082 5122 1135 5164 sua
1159 5102 1319 5164 exundanti
1344 5107 1439 5166 eluvie
1462 5110 1625 5184 irrumpere
1648 5103 1680 5167 in
1707 5111 1877 5168 universam

245 5188 344 5268 partit.
357 5188 446 5258 cujus
461 5181 605 5242 indicium
616 5184 669 5256 esi,
682 5182 766 5260 quod
777 5185 960 5268 ubicumque
971 5189 1039 5266 quis
1081 5191 1241 5264 AEgyptum
1261 5201 1329 5266 qua
1349 5193 1415 5265 ipso
1435 5190 1510 5250 mari
1532 5197 1613 5252 tanta
1635 5197 1677 5251 est
1696 5195 1877 5253 concavitate

245 5271 353 5340 inritat,
368 5263 411 5326 ibi
429 5282 505 5343 pene
523 5275 639 5341 semper
656 5269 788 5348 inveniat
803 5280 928 5348 aquam,
943 5271 975 5333 ut
988 5283 1040 5351 pus
1083 5275 1357 5350 depressior,seque
1368 5273 1442 5334 mari
1453 5272 1537 5351 quod
1547 5277 1673 5352 AEgypto
1684 5275 1797 5349 adjacet
1808 5292 1880 5336 con-

246 5361 288 5420 111
300 5367 331 5411 nr
344 5355 458 5428 putem,
472 5368 550 5427 quos
562 5352 676 5429 uirique
687 5351 779 5414 11111111
792 5355 940 5416 videmus.
953 5353 1040 5416 'tarra
1079 5358 1201 5433 jungere
1208 5400 1218 5438 ,
1233 5355 1289 5414 nisi
1308 5355 1450 5415 creatoris
1465 5361 1613 5436 precepto
1632 5361 1775 5436 tanquam
1794 5371 1877 5420 ccm-
