4100 6024
258 346 277 401 8
808 339 981 398 anconam
1000 340 1119 398 ShCiiAE
1138 339 1342 397 SCRIPTURAE.

259 447 422 521 Augustam
434 443 526 505 Iliada
538 443 655 503 Homeri
669 443 708 501 ad
720 442 868 502 Christum
881 460 1050 504 accommo-
1096 445 1230 519 phrasim
1245 443 1410 512 imbibere,
1429 445 1459 501 et
1478 442 1564 518 qnasi
1584 440 1780 500 domesticam
1798 441 1831 498 in
1852 456 1891 500 eo

260 531 375 600 nautae,
386 528 527 598 imitatus,
538 527 716 602 scripturam
729 528 757 584 S.
772 527 829 600 piae
840 528 1051 586 suaeadinven·
1096 528 1206 586 versari
1219 547 1226 584 ε
1237 527 1381 602 quodqui
1390 525 1521 600 negligit,
1535 525 1619 584 dictis
1628 525 1810 598 quibusdam
1820 524 1890 581 hinc

259 613 333 672 honi
347 610 737 685 attemperet,perniciosum
751 611 922 680 estsentire,
937 612 1051 684 pericu·
1097 611 1166 670 inde
1188 609 1404 669 difficilioribus
1425 609 1568 682 excerptis
1589 607 1799 682 explicatisque
1820 623 1891 664 con·

258 699 351 757 iosias
364 697 468 754 iacere.
485 696 513 753 Si
522 695 602 752 enim
616 694 757 768 mysticus
767 709 855 750 verus
867 698 910 752 est
923 695 1051 766 Scriptu—
1097 698 1203 764 tentus,
1223 709 1379 766 nunquam
1400 693 1440 750 ad
1453 707 1537 750 sacra
1557 691 1659 764 adyta,
1678 706 1831 761 arcanam,
1845 692 1891 748 in·

260 798 299 840 rae
316 797 434 850 sensus,
449 781 474 836 si
496 795 566 836 eam
582 778 630 836 vel
645 779 776 836 mamma
793 778 915 850 Spiritus
930 779 1051 834 Sanctam
1097 792 1200 850 quam,
1214 781 1382 834 sanctorum
1393 775 1581 849 eloquiorum
1595 775 1778 848 penetrabit;
1795 775 1847 831 sed
1862 777 1892 832 et

260 866 369 926 dictare
386 863 491 934 uoluit,
505 878 567 937 qua
588 862 701 920 ratione
723 861 851 920 liberum
865 862 972 935 cuique
986 860 1050 931 erit,
1095 857 1181 918 facile
1206 877 1226 919 a
1247 862 1367 918 veritate
1387 865 1415 918 et
1434 864 1531 918 mente
1556 859 1706 933 scriptoris
1727 858 1887 918 aberrabit.

259 967 329 1008 enm
342 953 374 1007 ut
389 947 469 1004 volet
483 947 651 1020 exponeret
674 961 735 1020 qua
756 944 852 1004 fronte
872 943 983 1002 cerebri
1004 944 1051 1002 sui
1096 944 1199 1003 Videre
1218 945 1275 1002 hoc
1288 949 1332 1002 est
1348 944 1380 1002 in
1401 943 1554 1002 nonnullis
1571 943 1812 1016 antiquioribus,
1824 956 1889 1000 non

259 1036 327 1110 quis
340 1036 553 1102 commentum,
568 1031 691 1105 Spiritus
705 1030 800 1088 Sancti
814 1034 942 1088 mentem
955 1029 1050 1099 dicet,
1095 1027 1222 1086 indoctis
1234 1018 1347 1102 alioqui
1360 1028 1438 1099 viris,
1457 1025 1510 1101 qai
1524 1027 1557 1085 in
1573 1041 1605 1084 re
1621 1025 1796 1098 rhcologiea
1811 1025 1887 1084 adeo

259 1134 349 1192 seque
364 1133 477 1191 suaque
497 1119 530 1173 ut
543 1115 667 1190 Spiritus
679 1113 775 1173 Sancti
793 1113 938 1172 fanaticus
950 1112 1051 1170 vendi·
1095 1110 1197 1168 leviter
1221 1112 1403 1186 quandoque
1424 1115 1542 1185 arrepto
1565 1111 1712 1169 axiomata
1739 1110 1888 1184 quopiam

258 1202 350 1262 tabit?
370 1202 511 1260 Viderunt
523 1198 592 1269 hoo,
611 1202 809 1270 caveruntque
825 1196 947 1266 sedulo,
968 1195 1020 1269 qui
1034 1210 1051 1251 e
1096 1209 1180 1252 sacro
1190 1194 1362 1262 abutuntur,
1377 1198 1411 1252 ut
1423 1195 1564 1254 haereticis
1576 1194 1684 1253 nostris
1698 1193 1886 1264 cachinnum

259 1286 393 1346 Patribus
415 1283 588 1355 allegoriam
605 1282 734 1340 maxime
747 1285 919 1349 versarent,
934 1279 988 1353 qui
1000 1294 1052 1337 eo·
1095 1279 1250 1338 Catholicis
1263 1278 1355 1337 bilem
1369 1284 1519 1338 moveant.

259 1374 328 1431 dem
348 1369 456 1444 Spiritu
476 1366 572 1440 pieni,
587 1380 649 1423 non
666 1366 706 1423 ad
722 1365 846 1439 plausus
860 1379 967 1422 suosve
981 1377 1051 1420 con·
1130 1363 1304 1422 PraeclareS.
1317 1364 1473 1436 Gregorius
1483 1365 1669 1438 prooemiotn
1679 1367 1761 1421 tttros
1772 1367 1884 1438 Regum,
1972 1392 1979 1406 ·

260 1457 361 1528 ceptus
374 1449 564 1520 astruendus,
582 1448 635 1507 ubi
649 1449 778 1508 arridere
797 1449 928 1518 videtur,
942 1450 1050 1503 temere
1094 1446 1234 1504 lectorem
1247 1450 1358 1516 monet,
1377 1448 1460 1506 aliter
1479 1463 1510 1504 se
1524 1447 1653 1506 subinde
1666 1447 1819 1506 historiam
1836 1465 1888 1508 ex·

259 1553 325 1596 eam
347 1533 528 1603 obtrudunt,
549 1536 599 1590 aut
616 1532 790 1590 inconcinne
811 1531 901 1589 tronti
918 1544 1048 1597 oeream,
1094 1529 1214 1603 plicare,
1225 1547 1316 1604 quam
1330 1534 1427 1589 Patres
1438 1531 1577 1588 iecerint:
1591 1531 1887 1605 sianim,inquit,illi

261 1623 345 1696 qaod
354 1619 446 1692 vulgo
458 1617 575 1687 dicitur,
586 1615 666 1674 tibiae
678 1615 794 1689 galeam
809 1616 977 1689 applicant;
998 1614 1051 1671 sed
1094 1612 1223 1672 sensam
1236 1619 1341 1672 cuncta
1353 1617 1545 1688 exponerent,
1559 1629 1627 1688 quse
1641 1630 1678 1673 ex
1691 1618 1774 1688 parte
1787 1616 1888 1687 tetige-

262 1707 303 1763 rei
316 1707 357 1762 ita
367 1719 433 1762 eam
443 1700 622 1770 devinciunt,
632 1703 664 1757 ut
677 1703 744 1774 apte
754 1715 808 1772 per
819 1699 920 1756 omnia
929 1713 1052 1754 consen·
1094 1701 1179 1767 runt,
1203 1714 1269 1756 eam
1291 1699 1395 1757 seriem
1417 1698 1574 1757 locutionis
1595 1712 1686 1771 quam
1709 1702 1809 1756 tenere
1830 1698 1886 1756 visi

146 1789 250 1846 umacus
262 1789 323 1847 tiat.
337 1787 416 1846 Sicut
434 1785 513 1842 enim
526 1785 557 1841 in
570 1783 709 1841 historico
722 1783 813 1840 verba
833 1799 879 1840 res
893 1785 987 1852 gestas
1001 1781 1052 1839 de·
1095 1784 1174 1851 stant,
1188 1780 1343 1840 observare
1357 1797 1547 1856 nequaquam
1561 1781 1734 1856 potuissent.
1748 1781 1836 1839 ttulta
1843 1783 1887 1838 vi·

142 1853 250 1956 ζῗῐᾟξξῇ
262 1875 380 1942 notant,
395 1871 435 1929 ita
448 1870 479 1925 in
494 1868 668 1940 allegorico,
688 1883 734 1924 res
755 1870 844 1939 geste
861 1866 933 1924 alias
956 1865 1051 1937 magis
1095 1863 1199 1922 delicet
1210 1865 1388 1937 inseruntur,
1402 1869 1546 1939 preeunt,
1569 1869 1800 1938 consequuntur,
1819 1881 1888 1941 qne

141 1973 239 2022 tricena.
261 1972 382 2017 arcanas
393 1953 579 2026 significant:
595 1957 638 2024 ut,
652 1953 708 2009 nisi
722 1951 863 2024 allegoria
874 1951 1052 2024 respondeat
1095 1963 1162 2004 cum
1175 1948 1241 2006 loco
1255 1953 1515 2024 qucmpertractas
1523 1949 1726 2022 comparanda
1736 1953 1816 2020 sunt,
1825 1951 1887 2008 elo-

260 2040 407 2107 bistorioe,
420 2037 495 2095 salsa
507 2051 629 2108 prorsus
642 2036 679 2094 sit
699 2040 728 2094 et
750 2035 884 2094 evanida.
900 2037 941 2092 Ea
962 2049 1051 2091 causa
1094 2031 1219 2088 cationis
1232 2048 1321 2090 sacrm
1334 2033 1443 2092 modus
1454 2033 1519 2091 aliis
1532 2033 1621 2090 etiam
1633 2032 1665 2090 in
1678 2031 1750 2090 locis
1769 2047 1887 2106 perves·

259 2128 286 2184 S.
310 2125 504 2194 Hieronymus
512 2159 523 2189 ,
537 2121 568 2177 in
591 2119 655 2178 Osee
677 2135 743 2192 cap.
764 2135 783 2175 x
796 2118 943 2187 scribens,
966 2116 1050 2191 quod
1093 2113 1231 2184 tigandus
1245 2120 1298 2188 est,
1311 2117 1428 2190 phrasis
1442 2116 1654 2190 disquirenda:
1669 2131 1738 2190 qua
1756 2117 1886 2192 siexpo-

259 2210 296 2268 de
309 2221 377 2276 rege
388 2203 506 2276 Assyrio
515 2203 627 2276 passim
637 2203 752 2272 dicitur,
759 2202 844 2273 iuxta
851 2200 1050 2274 tropologiam
1093 2197 1192 2255 siticni
1203 2213 1265 2256 non
1277 2201 1453 2270 cohaereant,
1464 2200 1638 2274 neutiquam
1652 2214 1688 2257 ea
1701 2200 1831 2271 genuina
1843 2206 1888 2259 est

258 2293 297 2351 ad
318 2290 464 2349 Christum
482 2287 628 2345 deducere
650 2286 744 2360 (quod
759 2285 922 2359 aliquando
938 2284 1051 2357 impru·
1092 2278 1150 2338 loci
1170 2284 1311 2341 sententia
1321 2326 1330 2355 ,
1346 2285 1518 2357 neutiquam
1534 2299 1569 2341 aa
1590 2282 1732 2340 orationis
1746 2287 1885 2356 potestas,

258 2377 331 2434 dens
345 2376 432 2432 antea
452 2371 516 2443 ipse
535 2368 653 2441 iecerat)
675 2369 801 2442 impiam
819 2383 881 2425 esse
895 2368 1001 2438 docet3
1022 2370 1051 2423 et
1092 2365 1137 2419 vis
1151 2367 1179 2421 ct
1199 2367 1304 2423 notio:
1325 2370 1358 2424 ut
1379 2367 1513 2439 ambigas
1531 2381 1609 2440 sepe
1623 2366 1739 2437 utrius,
1753 2366 1887 2440 ipsiusne

258 2460 383 2533 prologo
399 2456 430 2513 in
443 2453 580 2523 abdiam,
592 2453 746 2525 semetipse
760 2452 867 2524 arguit,
879 2451 964 2524 quod
977 2450 1050 2508 chm
1092 2447 1135 2504 rei
1149 2463 1187 2505 an
1200 2449 1326 2522 phrasis,
1339 2450 1503 2510 obscuritas
1517 2451 1554 2508 sit
1567 2450 1673 2523 major.

259 2542 414 2615 allegorice
432 2538 610 2612 prophetam
623 2538 702 2595 hunc
716 2535 920 2610 explicuisset,
934 2535 1051 2593 bistori-
1128 2540 1219 2596 Taceo
1244 2540 1372 2610 variam,
1394 2543 1423 2597 st
1438 2541 1526 2615 quasi
1544 2537 1736 2611 omnigenam
1757 2541 1888 2600 materia

260 2642 326 2686 cam
338 2625 402 2696 ejas
414 2620 773 2693 intelligentiamnecdum
784 2622 942 2678 assecutus.
1093 2621 1341 2694 amplitudinem:
1363 2624 1437 2697 quid
1452 2623 1532 2682 enim
1553 2626 1617 2682 toto
1636 2623 1726 2682 veteri
1746 2637 1886 2699 novoque

193 2719 201 2763 ’.
295 2711 340 2768 Ad
360 2707 531 2766 historicum
546 2721 636 2775 vero,
653 2709 686 2762 ut
705 2705 731 2762 is
747 2718 825 2762 unus
839 2703 893 2761 tibi
914 2702 1049 2775 sufficiat,
1092 2705 1287 2764 instrumento
1313 2723 1375 2767 non
1402 2709 1616 2782 pertractatur,
1650 2709 1702 2763 aut
1728 2707 1888 2781 tangitur?

260 2796 335 2869 quot
353 2791 530 2866 quantisque
546 2787 724 2860 adjumentis
746 2792 789 2845 est
803 2789 900 2861 opust
920 2803 1011 2861 quam
1024 2789 1050 2843 is
1092 2790 1223 2863 Exempli
1237 2791 1274 2847 sit
1287 2792 1388 2862 instar,
1404 2795 1436 2848 ut
1449 2795 1573 2864 Regum,
1582 2789 1827 2863 ltachahmcram,
1837 2795 1887 2851 Es·

259 2873 538 2952 superscenditur?
552 2888 644 2947 quam
657 2871 777 2930 Hebraea
790 2871 891 2944 phrasi
905 2872 1048 2944 Graecave,
1093 2873 1164 2944 dre,
1180 2874 1304 2932 Danielis
1318 2880 1346 2931 et
1365 2875 1493 2933 aliorum
1506 2875 1718 2948 Prophetarum
1731 2875 1887 2936 volumina

259 2967 287 3019 et
298 2975 396 3030 novo,
416 2975 435 3016 a
454 2957 623 3029 caterisque
644 2953 784 3012 omnibus
797 2954 976 3028 discrepanti
989 2955 1050 3014 dic·
1091 2955 1247 3030 intelliges,
1262 2960 1445 3032 quamvaria
1459 2959 1581 3016 historia
1594 2959 1724 3029 Gentilis,
1733 2964 1809 3033 quot
1821 2975 1887 3019 mo·

258 3045 346 3104 tionis
358 3057 465 3115 genere
482 3040 622 3098 abditus?
641 3054 733 3114 quam
755 3038 890 3098 sublimis
910 3039 1050 3097 altissime
1092 3042 1229 3113 narchiae,
1241 3045 1439 3116 Assyriorum,
1454 3044 1616 3113 bladorum,
1630 3044 1794 3115 Persarum,
1809 3047 1888 3103 Gre-

258 3145 335 3204 sepe
349 3143 412 3186 sese
431 3125 539 3183 librat?
558 3127 657 3198 Neque
673 3124 705 3180 id
726 3124 847 3182 mirum.
866 3125 894 3182 Si
912 3125 991 3181 enim
1004 3140 1051 3182 sa·
1092 3141 1206 3198 corum,
1220 3129 1423 3186 Romanorum
1435 3128 1669 3201 pernoscenda?
1688 3131 1763 3201 quot
1785 3145 1886 3188 mores

256 3215 391 3286 plantum
409 3209 500 3266 verba
522 3224 608 3266 sensu
630 3208 722 3266 animi
743 3208 883 3281 sapientis
905 3209 1049 3281 produnt,
1091 3209 1234 3282 gentium,
1244 3211 1317 3268 ritus
1325 3211 1480 3282 taedarum,
1491 3211 1651 3282 bellorum,
1660 3211 1885 3286 secundorum,

256 3312 374 3371 voxque
388 3294 547 3368 respondet
568 3293 754 3365 conceptioni
773 3293 898 3351 mentis:
912 3293 965 3350 ubi
987 3294 1050 3352 haec
1092 3293 1310 3353 connubiorum
1332 3295 1543 3369 perquirendi?
1562 3299 1637 3370 quot
1657 3295 1777 3354 urbium
1799 3298 1886 3366 situs,

257 3380 379 3438 celestis
396 3383 424 3434 et
443 3378 544 3434 divina
556 3376 660 3445 tuerit,
675 3390 767 3449 quam
788 3391 905 3436 neeesse
922 3381 965 3434 est
987 3377 1049 3436 elo·
1091 3375 1260 3448 fluminum,
1274 3378 1432 3450 montium,
1440 3378 1597 3451 regionum
1611 3394 1648 3436 ex
1660 3379 1798 3438 universe
1810 3383 1887 3439 anti-

257 3464 404 3522 cationem
416 3461 524 3533 pariter
542 3459 686 3516 coelestem
700 3473 763 3515 esse
777 3462 805 3516 et
824 3458 979 3516 divinam?
999 3476 1049 3519 ne
1091 3459 1242 3533 quissima.
1252 3461 1468 3535 chorograpbia
1481 3466 1512 3520 et
1524 3461 1750 3537 cosmographia
1770 3466 1888 3538 perius-

257 3546 331 3604 mini
343 3548 442 3603 eutem
463 3541 590 3600 dubium
605 3556 704 3599 sacros
718 3540 811 3598 libros
825 3557 910 3599 sense
925 3543 1049 3616 Spiritus
1090 3543 1213 3600 uendit

257 3627 362 3698 Sancti,
377 3625 609 3700 sapientiamque
627 3624 728 3680 aetcrni
745 3623 832 3680 Verbi
852 3640 907 3680 sua
921 3625 1049 3684 dictione
1125 3627 1170 3684 tv.
1186 3627 1290 3684 Verum
1303 3643 1340 3686 ne
1352 3628 1420 3702 quis
1433 3629 1483 3687 hic
1497 3630 1655 3704 scrupulus
1671 3633 1800 3706 supersit
1828 3650 1885 3708 age
1898 3645 1954 3702 cap.
1979 3657 2012 3691 π.

256 3710 435 3785 complecti:
457 3713 491 3766 ut
509 3707 634 3781 proinde
655 3722 717 3764 non
738 3708 823 3764 humi
841 3724 976 3780 serpere,
997 3713 1049 3768 sed
1090 3710 1236 3783 primaab
1253 3712 1365 3783 origine
1381 3727 1445 3770 rem
1459 3715 1652 3786 deducamus,
1668 3675 1884 3792 adeamu'sqne
1896 3707 2013 3780 ΜΨ

257 3797 288 3853 in
306 3795 401 3853 altum
413 3794 524 3864 erigere
540 3807 601 3848 sese
624 3793 773 3863 oporteat,
792 3791 818 3854 ei
841 3791 947 3850 divinis
969 3793 1049 3851 hisce
1091 3795 1245 3867 quomodo
1269 3796 1352 3852 omni
1372 3811 1488 3871 semper
1505 3801 1604 3870 oetate,
1623 3799 1779 3858 difficultas
1797 3804 1885 3874 J'uxta
1898 3769 2015 3890 {52⁵ss

257 3877 383 3952 eloquiis
405 3876 445 3933 ad
459 3875 560 3933 divina
580 3873 726 3945 cogitata,
739 3874 927 3948 primamque
945 3877 1048 3934 verita-
1090 3892 1125 3934 ac
1138 3877 1265 3947 dignitas
1273 3883 1300 3937 S.
1313 3879 1485 3953 Scriptura,
1497 3886 1526 3938 et
1540 3883 1732 3941 reverentiam
1740 3886 1786 3942 sni
1797 3901 1885 3945 acue·
1895 3893 1955 3939 uiua
1990 3900 2014 3939 a

257 3967 316 4018 tem
329 3961 482 4035 pervolare
495 3959 564 4032 quis
575 3959 684 4032 cupiat.
1090 3959 1143 4030 rit,
1158 3965 1186 4016 et
1200 3960 1332 4018 studium
1347 3963 1520 4022 Sanctorum
1534 3966 1710 4025 accenderit.
1724 3971 1810 4043 Apud
1832 3973 1885 4028 lle·
1901 3956 2005 4059 {remen

191 4089 198 4106 .
293 4049 394 4104 Fateor
418 4043 576 4116 equidem,
603 4042 797 4101 Scholasticcs
822 4044 960 4102 Doctores
982 4060 1048 4118 per·
1090 4041 1883 4129 braeosperralgataesttraditio,cnienostrisastipu-
1920 4021 2007 4123 ’Ψ

257 4131 351 4189 urvrlta
364 4145 380 4186 e
392 4128 545 4201 scripturis
559 4126 703 4184 subtiliter
715 4141 877 4197 accersere,
892 4141 986 4200 eaque
999 4142 1047 4186 su·
1088 4125 1187 4184 lantar
1199 4128 1227 4184 S.
1243 4127 1382 4199 Hilarius,
1397 4131 1471 4186 Paul.
1485 4145 1518 4199 rr,
1525 4136 1554 4188 et
1568 4133 1808 4204 Origeneshom.
1819 4142 1838 4196 5
1851 4143 1884 4196 ta
1902 4140 2015 4198 aynan

255 4214 346 4271 binde
360 4212 517 4280 discutere;
529 4211 583 4268 sed
593 4225 662 4268 snas
675 4210 732 4283 ipsi
745 4209 802 4268 sibi
820 4214 913 4268 metas
926 4211 1048 4270 Theolo-
1088 4212 1184 4280 Num,
1198 4212 1298 4268 hloscn
1309 4227 1378 4268 cum
1387 4212 1462 4283 loge,
1477 4214 1646 4287 etiamlegis
1655 4217 1883 4291 explicationem
1896 4202 2016 4310 Sustri„-

255 4298 327 4367 giris
354 4292 567 4369 questionibus
591 4293 750 4363 definiunt,
770 4308 838 4366 qum
858 4293 970 4352 affabar
989 4296 1047 4368 ipsi
1088 4294 1120 4351 in
1145 4298 1246 4351 monte
1269 4295 1337 4352 Sina
1358 4295 1499 4353 divinitus
1521 4300 1666 4373 accepisse
1681 4319 1689 4357 r
1703 4304 1790 4377 eique
1807 4321 1884 4379 pres-
1895 4279 2018 4374 Μ’ἶὲ..

255 4380 383 4438 materiae
404 4383 432 4436 et
452 4393 549 4451 operae
567 4376 717 4449 ,Theologo
732 4376 910 4448 utilissimae,
926 4383 953 4433 et
973 4393 1045 4437 vero
1089 4383 1208 4450 ceptum
1221 4393 1294 4448 esse,
1308 4382 1341 4434 at
1352 4378 1448 4450 legem
1457 4380 1606 4453 scriberet,
1618 4385 1671 4442 sed
1679 4384 1753 4457 legis
1767 4391 1884 4448 occulta
1895 4389 1954 4434 aas.

254 4462 438 4530 necessaria,
463 4460 673 4533 suppeditant,
696 4464 729 4516 ut
752 4459 834 4516 aliud
853 4475 890 4517 ex
912 4460 1045 4534 professo
1088 4460 1228 4532 mysteria
1240 4465 1268 4517 et
1288 4477 1374 4518 sensa
1394 4465 1492 4534 tusae,
1506 4469 1535 4521 et
1547 4466 1594 4522 hic
1607 4470 1822 4544 sacerdotibus,
1835 4473 1883 4531 hi-

254 4562 340 4617 agere
354 4559 416 4602 non
429 4542 515 4601 liceat
534 4561 541 4598 :
557 4543 680 4614 perinde
698 4546 731 4599 ut
743 4543 795 4616 qni
808 4559 904 4600 sacras
919 4544 1046 4602 elucidat
1088 4561 1147 4618 que
1170 4549 1382 4618 consequenter
1408 4549 1524 4606 vicariis
1552 4551 1614 4608 suis
1641 4556 1882 4631 succedentibus,

254 4631 382 4698 Litteras,
397 4626 524 4684 subinde
537 4625 726 4696 Theologicas
737 4625 940 4684 conclusiones
956 4629 1045 4685 sacris
1088 4643 1197 4698 magna
1205 4628 1311 4684 silentii
1319 4630 1462 4702 religione
1473 4634 1645 4693 revelarent.
1654 4637 1886 4700 llinchnatolins

254 4712 402 4770 sententiis
421 4711 586 4780 involutas,
605 4709 713 4767 evolvit
726 4710 907 4782 accuratius,
929 4712 992 4782 sed,
1007 4729 1045 4770 ne
1087 4712 1169 4784 apud
1180 4712 1466 4782 Eusebium,lib.vtt
1477 4719 1564 4784 Hier,
1576 4734 1642 4792 cap.
1653 4736 1753 4795 xxvvn,
1764 4727 1886 4799 Septua.

253 4799 331 4856 ultra
343 4795 505 4868 crepidam,
519 4794 558 4851 ad
573 4809 643 4851 suos
658 4793 756 4851 statim
776 4810 807 4851 se
821 4795 923 4867 recipit
933 4798 1045 4853 cancel·
1086 4795 1168 4865 ginta
1180 4796 1353 4868 interpretes
1368 4799 1525 4858 Ptolemae
1544 4802 1749 4879 Philadelpho,
1763 4812 1886 4884 AEgvpti

253 4882 309 4939 los.
325 4884 431 4939 Verum
453 4879 536 4936 aliud
554 4883 599 4936 est
618 4878 749 4936 delibare
770 4879 944 4952 quidpiam,
962 4882 1044 4939 aliud
1086 4878 1160 4948 regi,
1173 4881 1375 4951 percunctanti
1393 4884 1497 4954 multa,
1511 4901 1548 4942 ex
1566 4887 1652 4944 liosis
1673 4868 1887 4952 traditionibus

253 4968 331 5022 certo
340 4963 517 5022 etcontinuo
526 4962 769 5035 idipsumordine
780 4968 947 5035 pertexere3
961 4965 1043 5023 aliud
1087 4964 1274 5034 respondisse
1288 4971 1397 5026 narrat.
1420 4971 1453 5025 m
1466 4972 1583 5042 Esdras,
1597 4973 1645 5030 vel
1658 4975 1795 5050 quisquis
1816 4995 1888 5037 auo·

253 5047 425 5105 sententiam
437 5047 611 5120 quampiam
625 5048 774 5115 excutere,
797 5045 878 5103 aliud
896 5046 1043 5118 integrum
1087 5050 1134 5103 tor
1145 5045 1197 5103 lib.
1210 5050 1243 5104 lv
1258 5050 1352 5106 Esdroe
1370 5053 1432 5125 (eui
1443 5054 1496 5109 etsi
1511 5070 1572 5112 non
1584 5059 1747 5131 canonica,
1762 5064 1889 5120 canoni·

252 5131 412 5200 volumen,
428 5143 591 5203 omnesque
608 5131 671 5200 ejus
690 5129 848 5186 sententias
866 5129 998 5200 diligenti
1016 5135 1043 5188 et
1087 5129 1127 5186 cis
1147 5135 1245 5188 tamen
1266 5135 1406 5204 adiuncto
1420 5153 1475 5194 sua
1487 5137 1562 5196 fides
1579 5142 1724 5214 constat),
1739 5159 1807 5220 cap.
1822 5160 1886 5218 xiv,

252 5216 354 5272 exacto
363 5213 597 5270 antemdentium
606 5216 635 5269 et
644 5211 1040 5285 consequentiumexamine,
1086 5214 1157 5271 llosi
1171 5215 1299 5274 edictum
1308 5217 1412 5276 refert:
1426 5222 1515 5278 aitaec
1529 5223 1560 5280 in
1570 5225 1768 5297 palamiacies
1777 5230 1872 5288 verba

252 5295 440 5354 hebraeorum
452 5296 679 5367 Graeoorumque
698 5293 826 5352 fontium
839 5295 1040 5368 vestigatione,
1086 5301 1114 5355 et
1126 5299 1188 5354 haec
1199 5300 1374 5359 abscondes.
1385 5323 1399 5355 e
1411 5304 1471 5362 Sibi
1480 5307 1599 5378 pariter,
1610 5310 1706 5365 tisdrae
1715 5316 1800 5384 puta,
1812 5275 1886 5372 curri

252 5384 481 5451 sanctorumque
503 5380 621 5436 Petrum
640 5376 778 5447 lectione,
800 5378 949 5447 evolvere,
961 5379 1041 5437 illius
1086 5381 1135 5438 liei
1149 5382 1287 5441 instinctu
1298 5385 1391 5445 libros
1403 5388 1540 5452 dictasset
1551 5393 1615 5464 204,
1628 5393 1724 5453 simile
1734 5396 1858 5466 jussum
1875 5415 1884 5458 r
