4020 6026
721 411 914 495 nutius
942 411 1311 510 VITELLESCUS,

793 579 1239 626 mmmmm

241 882 318 946 dum
333 879 578 949 commentarios
595 881 633 948 tn
643 881 890 949 Pentatecotnm
904 881 939 946 P.
956 879 1081 948 corneti
1096 880 1250 946 Gornetttt
1262 895 1284 946 o
1296 878 1556 962 Leptitanorum
1569 879 1724 945 sodetatis
1734 881 1832 944 Thoo-

202 986 280 1071 logi,
294 996 354 1054 tres
373 991 512 1072 ejusdem
530 990 686 1074 societatis
701 989 863 1072 Theologi,
877 987 988 1071 quibus
1004 988 1037 1052 id
1055 987 1251 1052 commissum
1269 985 1346 1066 fuit,
1363 987 1610 1067 recognoverint,
1629 994 1660 1052 et
1676 988 1711 1052 in
1729 987 1831 1054 lucem

202 1097 251 1160 edi
268 1115 352 1178 posse
368 1097 560 1178 probaverint
575 1117 583 1163 t
598 1097 774 1164 facultatem
790 1096 1000 1173 concedimus,
1015 1101 1052 1158 ut
1069 1095 1152 1180 typis
1169 1094 1366 1172 mandentur,
1379 1092 1406 1158 si
1419 1093 1464 1157 ita
1474 1093 1531 1172 iis,
1547 1095 1585 1158 ad
1597 1112 1672 1176 quos
1684 1094 1831 1175 pertinet,

202 1203 365 1268 ridebitur.
380 1207 414 1269 in
426 1221 558 1289 quonam
570 1203 661 1270 fidam
680 1203 738 1271 has
754 1203 872 1270 litteras
886 1220 982 1269 mauu
996 1207 1099 1268 nostra
1111 1200 1316 1283 subscriptos,
1329 1207 1360 1266 et
1372 1199 1471 1281 sigilio
1483 1207 1585 1265 nostro
1597 1200 1733 1267 munitas
1747 1199 1833 1269 dadi·

202 1328 287 1390 mus,
300 1313 402 1378 noma
417 1308 585 1394 ojanumii
598 1310 690 1377 atae.

397 1392 402 1404 ·
802 1391 805 1406 ·
1112 1435 1115 1442 .
1170 1389 1313 1456 nortus
1329 1389 1590 1456 turmamorts

864 1691 1171 1736 ⁴*-

528 1955 894 2106 samartani.
918 1964 1168 2054 maroam
1193 1961 1499 2051 stomoma

813 2131 1214 2179 mm
1556 2117 1558 2123 ,

240 2429 302 2510 Ego
319 2426 445 2494 Carolus
463 2427 600 2494 Scribam
620 2428 775 2496 societatis
793 2431 866 2495 deso
886 2427 922 2494 in
939 2427 1098 2516 provincia
1116 2425 1401 2510 Pisandro-Belgica
1419 2427 1598 2509 Propositus
1615 2425 1828 2512 provincialis,

200 2539 346 2617 potestate
364 2535 403 2599 ad
420 2534 455 2601 id
472 2535 553 2601 mihi
571 2534 649 2602 iacta
669 2553 689 2601 a
706 2535 880 2602 Reverendo
901 2533 1067 2601 admodum
1089 2539 1121 2600 P.
1142 2539 1182 2603 N.
1201 2535 1297 2602 Mutia
1314 2531 1473 2597 Vitellesoo
1493 2533 1653 2617 Proposito
1671 2535 1805 2618 generali
1814 2584 1827 2618 ‚

199 2642 327 2707 concedo
345 2639 517 2708 haeredibus
535 2642 660 2710 Martini
677 2641 780 2723 Nutii,
803 2650 834 2708 et
851 2644 961 2708 ioanni
980 2642 1110 2709 Meursio
1131 2641 1323 2727 typographis
1343 2639 1637 2722 antuerpiensihus,
1654 2641 1826 2708 facultatem

198 2746 280 2831 typis
290 2747 456 2815 mmdandi
468 2747 715 2818 commentarios
725 2749 1024 2818 tantotmctom
1035 2749 1148 2830 Morta,
1163 2755 1292 2818 auctore
1302 2749 1340 2817 Ρ.
1354 2749 1498 2818 dmnettc
1512 2748 1652 2818 domatio·
1662 2765 1684 2816 o
1693 2748 1828 2832 tapam,

197 2854 355 2921 societatis
366 2863 477 2923 nostro
487 2855 648 2940 menlage.
663 2860 700 2924 ln
712 2873 846 2941 quornm
861 2856 952 2922 fldem
965 2857 1022 2922 has
1033 2855 1149 2923 litteras
1160 2874 1258 2923 mann
1270 2873 1339 2923 mea
1351 2857 1491 2940 scriptas,
1508 2864 1539 2922 ot
1551 2853 1642 2923 officii
1653 2855 1716 2923 mei
1726 2856 1827 2940 sigillo

195 2962 332 3030 munitus
343 2961 1042 3047 oeatmnmerpisaamgustimnoattt.

421 3119 424 3124 p
1227 3044 1384 3114 maanus
1408 3048 1620 3114 statuant

855 3341 1169 3388 -αοωσ-

877 3609 1134 3707 'canstat

238 3935 295 4001 nic
307 3931 557 4002 Gommmttottm
571 3933 612 3999 P.
632 3931 673 3999 P.
686 3929 829 4001 commta
842 3933 982 4002 manta
995 3950 1019 4002 o
1033 3933 1172 4015 mmm,
1186 3933 1339 4000 societatis
1351 3935 1426 3999 Jesu
1437 3931 1580 4016 tircologi
1588 3979 1600 4015 ,
1615 3938 1663 4000 est
1674 3933 1779 3998 doetus
1791 3939 1824 4001 ct

198 4041 285 4124 pios,
298 4057 333 4106 ao
344 4039 487 4106 omnibus
501 4039 600 4105 modis
611 4038 723 4122 dignus
733 4039 789 4122 qui
802 4040 836 4104 iu
852 4040 1012 4122 publicum
1027 4042 1169 4122 prodeat,
1184 4047 1223 4106 ut
1238 4057 1344 4107 omum
1357 4040 1502 4108 domine
1513 4037 1617 4108 aridos
1629 4047 1665 4105 'ot
1684 4040 1822 4122 erudiat,

198 4151 232 4213 st
242 4144 401 4229 inpietate
411 4151 597 4229 promoveat
609 4145 697 4226 Quod
708 4146 833 4212 testord
845 4145 933 4228 maii,
946 4163 1027 4212 anno
1040 4146 1131 4212 1615.

1083 4331 1271 4391 Earanrus
1296 4326 1595 4407 SPi'l’HOLDiUS,

840 4440 873 4500 8·
886 4439 916 4498 ἲ.
926 4441 959 4496 t
971 4442 1121 4498 monitos,
1138 4443 1165 4494 st
1179 4438 1302 4494 Pleiones
1315 4441 1520 4508 antuerpiensis,
1533 4438 1657 4494 litem
1672 4441 1775 4499 cem.

858 4721 1167 4762 -00000—
1282 4697 1284 4702 ’

239 4982 457 5046 coronationes
474 4979 585 5063 quibus
601 4978 638 5044 P.
659 4977 799 5047 comettt
820 4997 842 5046 o
862 4980 984 5062 Lepida
1006 4981 1257 5048 commentatam
1273 4981 1314 5046 tn
1334 4980 1582 5050 Pennocrucium
1601 4979 1770 5047 illustravit
1784 4999 1821 5049 ao

200 5085 308 5152 ditavit
324 5090 402 5168 Aug.
422 5091 583 5164 crunon,
596 5085 750 5169 presbyter
769 5085 905 5151 diocesis
921 5086 1151 5166 ambianensis,

240 5193 291 5263 atil
305 5193 402 5258 obstat
418 5192 496 5276 quin
516 5192 744 5273 imprimantur.

304 5315 405 5375 natum
421 5314 569 5388 mutant,
585 5319 604 5374 2
621 5313 679 5372 mai
695 5319 763 5372 dna.
783 5314 863 5376 1880.
