4118 6042
239 309 242 314 ,
297 251 351 322 lidi
804 261 1044 323 counanrrnu
1063 261 1097 322 ΙΝ
1115 259 1270 336 bxobbll,
1289 279 1351 324 aar.
1371 261 1425 323 XV.

299 370 399 426 menta
411 367 550 444 plurima.
562 366 698 434 semndc.
712 367 783 442 quia
795 369 908 426 Rebraei
917 374 985 444 post
998 374 1092 430 trans-
1135 370 1362 443 debemus‚siet
1370 371 1402 430 in
1410 369 1555 429 celeritate
1567 364 1747 427 boamundi
1758 363 1921 424 masmim

298 449 373 508 itum
392 451 529 508 viderunt
543 449 747 524 AEgyptlorum
765 451 909 510 cadavera
924 452 1090 512 fluitantis:
1134 453 1231 514 inerit.
1398 478 1404 490 ·

299 533 426 608 AEgyptii
445 537 545 592 autem
567 550 630 592 non
649 537 710 592 tam
728 534 878 610 protunda
894 537 1017 610 ingressi
1030 537 1093 597 iue-
1170 539 1215 596 Ad
1240 539 1385 598 seeundum
1407 537 1592 612 respondeo,
1616 533 1832 611 AEgyptiornm
1851 535 1925 592 cada

298 620 364 674 rant
379 631 478 687 mare,
492 620 526 676 ut
540 616 574 674 in
592 617 752 675 advorsum
772 618 853 677 littus
874 620 938 694 eJici
958 626 1089 696 possent.
1135 635 1204 678 vera
1218 621 1250 680 in
1261 623 1419 680 adversum
1431 623 1511 678 littus
1522 619 1612 677 tuisse
1622 617 1776 694 propulsa
1787 620 1817 674 et
1828 618 1923 689 ejecta,

300 703 404 770 Tertio,
420 702 534 759 Numera
548 715 658 772 mni,
672 704 706 772 7,
718 701 830 760 llebrrei
847 709 915 778 post
935 705 1091 763 transitum
1135 721 1171 762 eo
1186 705 1270 779 quod
1287 722 1368 764 mare
1385 721 1422 763 ex
1442 704 1534 762 ultera
1550 707 1634 778 parte
1651 703 1693 760 eis
1709 699 1892 774 fugientibus
1902 705 1925 758 et

296 786 388 845 maris
410 785 549 844 dicuntur
567 787 680 844 venisse
699 787 731 844 in
752 787 942 847 solitudinem
962 790 1090 848 Etbam:
1133 789 1326 847 redeuntibus
1340 791 1521 858 occurreret,
1535 788 1635 861 itaqua
1649 785 1679 843 in
1693 786 1856 843 adversam
1869 801 1925 858 par

295 871 400 928 Etbam
414 875 513 928 autem
527 885 588 928 non
602 875 697 940 trans,
713 871 766 928 scd
781 871 822 928 cis
834 887 916 930 mare
929 877 1006 945 erat3
1020 889 1091 931 nam
1134 875 1194 929 tem
1209 889 1260 930 eos
1273 873 1451 948 propelleret
1466 891 1474 930 ε
1490 871 1573 929 addit
1593 871 1675 928 Philo
1696 873 1728 928 et
1746 867 1924 945 Iosephusvi

296 953 339 1012 ibi
357 953 413 1012 iuit
431 955 516 1012 tertia
529 954 718 1012 Hebraeorum
734 954 922 1026 mansio,uti
940 957 1003 1028 jam
1023 961 1091 1014 ante
1134 961 1291 1014 ventorum
1309 958 1341 1015 id
1358 958 1495 1015 effectum
1515 972 1589 1014 esse.
1604 958 1668 1013 uon
1688 955 1825 1013 dubium
1845 959 1925 1027 lnge·

295 1036 426 1096 vidimus
436 1053 503 1112 cap.
517 1053 586 1109 nur,
599 1054 677 1095 vers.
690 1039 737 1095 20.
1134 1040 1199 1096 lum
1212 1040 1273 1097 sire
1286 1057 1340 1114 per
1353 1057 1401 1111 se,
1416 1041 1477 1098 sive
1487 1055 1541 1114 per
1556 1043 1692 1112 ventum,
1706 1038 1773 1097 sive
1787 1053 1842 1112 per
1854 1054 1923 1096 mare

182 1133 280 1180 tumet
331 1125 439 1182 Verum
457 1123 604 1181 contraria
623 1121 765 1180 sententia
782 1125 825 1179 est
838 1124 1022 1194 communis,
1038 1125 1093 1182 sci·
1135 1125 1287 1196 AEgyptios
1308 1125 1347 1181 ad
1368 1123 1449 1180 littus
1466 1123 1640 1194 adversum,
1654 1123 1686 1179 in
1701 1138 1770 1198 quc
1789 1125 1870 1179 erant
1881 1125 1924 1180 ue

191 1194 269 1304 ffb
296 1209 363 1268 licet
380 1207 518 1268 llcbroeos
537 1211 630 1265 totam
648 1207 738 1264 maris
757 1205 941 1264 latitudinem
954 1209 1091 1266 transisse
1135 1205 1221 1276 bret,
1236 1207 1405 1280 impulisse,
1419 1207 1511 1280 idque
1525 1206 1564 1264 ad
1578 1207 1726 1278 majorem
1745 1204 1924 1264 flebreomu
1999 1233 2000 1250 1

178 1259 230 1371 ξῃῖ,
249 1263 285 1364 13¹
297 1289 337 1350 ab
351 1306 413 1349 uno
430 1289 526 1349 littore
542 1291 573 1348 in
591 1291 673 1348 aliud
691 1289 860 1363 oppositum
878 1293 1090 1364 pervadendo;
1135 1289 1346 1347 exultationem
1360 1294 1388 1346 et
1402 1290 1654 1360 consolationem,
1664 1293 1763 1363 utque
1776 1289 1833 1362 ipsi
1846 1289 1925 1347 bosti-

179 1391 222 1438 ψ
248 1376 355 1434 *ehoe
368 1375 448 1432 enim
461 1374 567 1432 diserte
580 1373 669 1431 tradit
680 1373 835 1446 Josepbus,
851 1375 933 1431 Philo
947 1378 975 1431 et
990 1377 1092 1448 Nysse·
1134 1373 1192 1430 bus
1206 1372 1301 1446 spolia
1315 1373 1486 1444 detrahere,
1500 1373 1595 1447 iisque
1610 1389 1640 1430 se
1655 1369 1754 1432 ditare
1769 1377 1895 1447 possent.

178 1441 227 1488 '¹¹'
243 1444 284 1485 ⁰¹¹·
297 1475 365 1517 nus.
386 1458 467 1517 ldcm
489 1457 586 1516 innuit
605 1457 770 1529 Scriptura,
790 1472 859 1513 cum
883 1463 982 1515 narrat
999 1475 1092 1532 eques
1165 1456 1207 1512 ad
1217 1462 1328 1512 tertium
1336 1457 1496 1530 respondet
1505 1459 1660 1529 cajetanus
1669 1457 1825 1514 desertum
1834 1459 1922 1516 Etlram

297 1543 388 1601 maris
401 1557 465 1600 esse
478 1541 581 1612 fissas,
596 1545 624 1598 et
638 1540 774 1597 llebraeos
787 1555 841 1613 per
854 1541 986 1598 medium
1002 1545 1092 1600 maris
1133 1537 1224 1595 inisse
1242 1539 1451 1597 vastissimum.
1468 1541 1541 1597 llam
1557 1540 1663 1598 eodem
1681 1555 1751 1614 cap.
1768 1555 1857 1598 xxxnr
1874 1544 1924 1598 iiu-

298 1629 451 1692 transisse:
465 1642 535 1684 nam
542 1627 628 1698 juxta
639 1624 843 1682 Rabbinorum
858 1625 1030 1684 sententiam
1044 1626 1092 1686 bio
1134 1637 1201 1680 mn.
1223 1622 1361 1680 dicuntur
1371 1623 1482 1681 llebrrei
1498 1623 1592 1680 tribus
1604 1621 1712 1680 diebus
1726 1625 1759 1680 in
1774 1641 1811 1682 ec
1824 1623 1875 1682 iter
1885 1625 1921 1683 ie-

175 1705 179 1736 *
297 1727 361 1770 non
376 1715 438 1769 tam
459 1710 614 1780 transitus,
636 1725 728 1782 quam
748 1709 886 1766 circuitus
905 1715 957 1768 aut
976 1712 1092 1785 gyratio
1135 1705 1226 1778 cisse3
1247 1707 1376 1764 exlendit
1400 1721 1431 1763 so
1456 1721 1527 1778 ergo
1552 1705 1658 1762 Etham
1685 1710 1750 1764 lam
1774 1707 1817 1764 eis
1837 1724 1921 1779 mare,

297 1795 390 1854 maris
405 1793 517 1852 inisset.
534 1793 641 1851 Deinde
660 1793 691 1850 id
708 1795 787 1866 patet
804 1810 841 1849 cx
854 1793 1090 1868 chorographia:
1135 1804 1228 1864 quam
1242 1789 1329 1848 ultra.
1661 1791 1666 1805 “

298 1882 332 1936 nt
349 1878 428 1937 enim
448 1894 484 1935 ex
498 1879 623 1950 AEgypto
642 1879 670 1932 et
687 1876 763 1933 mari
783 1875 885 1932 Rubro
902 1877 1092 1950 perveniatur
1171 1872 1259 1930 Aliter
1267 1873 1428 1946 respondet
1438 1876 1580 1948 Lyrenus,
1596 1873 1861 1933 scilicetdesertum
1871 1877 1929 1936 hoc.

298 1959 559 2034 inSina,transi1-i
574 1959 661 2016 debet
679 1975 760 2016 mare
775 1959 925 2030 Rubrum;
941 1961 999 2018 hoe
1011 1963 1092 2020 enim
1135 1954 1218 2013 aliud
1234 1953 1323 2012 iuisse
1340 1955 1378 2012 ab
1395 1955 1455 2032 illo,
1466 1959 1577 2015 Numer.
1592 1973 1699 2028 xxrur,
1711 1962 1870 2033 utrumque
1886 1965 1920 2017 ta·

298 2047 447 2118 interjacet
462 2045 537 2102 inter
557 2043 625 2101 Sina
642 2047 671 2100 et
683 2045 859 2117 AEgyptum3
877 2043 944 2100 licet
962 2045 1042 2103 enim
1055 2063 1093 2105 cx
1135 2055 1206 2097 mon
1216 2039 1327 2096 <licium
1340 2055 1402 2097 0⁵⁵0
1416 2041 1531 2097 Elhtm·
1541 2042 1586 2098 Sic
1599 2042 1678 2098 enim
1690 2043 1919 2116 pluresurbeset

298 2133 450 2188 Ramesses
463 2128 494 2186 in
507 2128 576 2186 Sina
584 2168 595 2199 ,
605 2131 634 2184 et
647 2128 742 2198 magis
753 2127 784 2184 in
797 2127 936 2186 chanaan
948 2129 1092 2201 pedestris
1134 2124 1204 2197 pagi
1218 2124 1323 2182 eadem
1335 2123 1447 2182 babent
1461 2127 1593 2184 nomina.

298 2214 337 2272 sit
347 2214 397 2271 via
409 2213 534 2286 directa,
548 2227 616 2285 quae
632 2211 672 2268 nd
685 2210 762 2267 latus
779 2210 919 2286 relinquit
936 2228 1018 2270 marc
1036 2217 1094 2272 Ru·
1172 2213 1301 2286 Denique
1317 2214 1438 2271 tradunt
1457 2214 1587 2286 llebraei,
1603 2215 1633 2272 in
1653 2215 1713 2273 boc
1734 2231 1850 2288 egressu
1870 2219 1915 2273 lle-

298 2298 405 2368 brum,
418 2300 520 2354 tamen
537 2295 585 2352 via
605 2295 669 2353 baec
685 2293 812 2368 rupibus
830 2295 964 2370 undlque
982 2297 1014 2354 in
1027 2299 1094 2356 lon·
1134 2296 1285 2354 braeorum
1305 2312 1342 2354 ex
1363 2299 1489 2371 AEgypto
1513 2301 1542 2354 et
1562 2299 1686 2356 bansitu
1709 2300 1801 2356 maris
1821 2299 1915 2372 Rubri,

298 2398 372 2455 garn
386 2381 426 2438 ita
439 2384 483 2438 est
500 2379 644 2452 obsepta,
655 2378 755 2451 itaque
772 2383 940 2452 praerupta,
953 2384 986 2436 ut
999 2387 1093 2442 castra
1135 2385 1249 2439 montes
1264 2379 1386 2450 vicinos,
1400 2381 1508 2454 partim
1522 2381 1607 2454 quasi
1621 2382 1801 2440 admirantes
1815 2387 1912 2439 tantm

297 2466 488 2524 Hebraeomm
498 2463 643 2538 perillam
657 2461 779 2519 transire
791 2478 852 2520 non
864 2463 1024 2535 potuerint,
1039 2467 1093 2524 sed
1134 2463 1321 2538 prodigium,
1333 2464 1443 2538 partim
1460 2465 1640 2535 gratulantes
1657 2466 1776 2539 populo
1792 2467 1852 2535 bei,
1865 2466 1913 2522 eri-

299 2551 358 2608 lleo
372 2549 448 2606 duce
462 2546 595 2604 flexerint
611 2546 665 2602 iter
680 2561 735 2618 per
749 2560 829 2602 mare
843 2544 995 2618 Rubrum,
1008 2551 1093 2622 quod
1134 2547 1213 2604 liisse
1228 2550 1256 2603 et
1270 2545 1355 2620 quasi
1368 2546 1560 2620 tripudiasse;
1576 2552 1604 2605 et
1620 2549 1679 2606 boc
1697 2549 1776 2607 velle
1791 2551 1909 2618 Psaltenr,

298 2630 464 2690 necessario
485 2628 711 2704 pervadendum
732 2631 811 2698 erat,
824 2633 857 2686 ut
876 2627 977 2687 videre
998 2636 1041 2690 est
1061 2631 1093 2690 in
1135 2633 1236 2688 Psolm.
1252 2645 1330 2701 cunr,
1342 2634 1371 2702 t,
1387 2647 1456 2688 cum
1471 2633 1570 2689 canit:
1591 2637 1691 2690 ellare
1706 2634 1783 2690 vidit
1795 2637 1821 2691 et
1832 2633 1909 2705 fugit:

299 2713 408 2773 tabulis
419 2712 610 2782 addenemii,
621 2727 690 2787 pag.
704 2713 766 2770 tro.
778 2713 880 2770 Emant
893 2728 964 2784 ergo
974 2713 1028 2788 qul
1040 2714 1094 2773 ali-
1134 2713 1271 2772 Iordanis
1290 2730 1451 2773 conversus
1469 2721 1512 2774 est
1531 2719 1701 2774 retrorsum.
1723 2719 1831 2774 Montes
1844 2718 1911 2774 exul·

299 2801 343 2857 ter
356 2798 494 2856 sentiunt.
1134 2801 1270 2856 taverunt
1285 2797 1391 2871 (grace
1402 2799 1485 2870 ittm,
1498 2799 1529 2856 id
1542 2804 1599 2871 est,
1611 2803 1679 2856 moti
1690 2807 1758 2857 sunt
1769 2802 1800 2858 dc
1811 2801 1872 2872 loco)
1885 2805 1910 2857 ul

334 2881 379 2940 sd
390 2884 511 2955 primum
519 2881 697 2955 respondeo,
707 2879 844 2939 llebraeos
857 2880 888 2938 in
901 2881 1026 2939 transitu
1035 2882 1093 2940 hoo
1135 2883 1250 2953 arietes,
1264 2884 1292 2938 et
1305 2881 1396 2940 colles
1408 2883 1483 2940 sicut
1499 2882 1568 2954 agni
1583 2883 1694 2940 ovium.
1713 2884 1791 2953 Quid
1803 2883 1909 2955 esttibi,

299 2966 471 3042 impendere
489 2966 620 3042 potuisse
634 2965 768 3040 quinque
785 2965 893 3036 boras;
907 2981 978 3022 narn
994 2966 1093 3024 statim
1135 2981 1228 3036 mare,
1240 2965 1324 3040 quod
1336 2963 1456 3036 lugisur
1468 2967 1593 3037 llontes,
1605 2966 1760 3025 exultastis
1772 2968 1841 3024 sicut
1852 2967 1908 3023 arie

298 3051 430 3110 amedia
443 3055 529 3109 nocte
542 3067 624 3108 mare
635 3049 749 3122 ingredi
760 3051 921 3122 caeperunt,
931 3052 960 3106 et
971 3048 1028 3106 sub
1042 3065 1095 3108 an·
1135 3051 1226 3108 test»
1248 3049 1326 3106 Siout
1348 3050 1427 3107 enim
1448 3051 1537 3107 maris
1557 3049 1647 3123 iuga,
1669 3051 1713 3108 sic
1738 3055 1767 3109 et
1786 3051 1909 3108 montium

299 3151 399 3196 roram
416 3135 449 3192 in
464 3134 545 3193 littus
559 3136 717 3193 adversum
730 3137 930 3208 penetrarunt.
946 3133 1075 3190 Rursum
1082 3174 1092 3204 ,
1136 3133 1294 3201 exultatio,
1307 3131 1365 3190 hoc
1379 3135 1421 3189 est
1439 3133 1549 3190 exilitio
1564 3137 1593 3190 et
1610 3133 1720 3207 saltus,
1737 3135 1849 3209 proprie
1861 3149 1907 3190 non

298 3223 461 3294 potuenmt
473 3219 597 3277 transire
608 3234 690 3275 mare
704 3233 739 3274 ea
750 3219 834 3292 parte
848 3220 876 3273 et
889 3214 957 3274 loco
964 3258 973 3287 ,
983 3215 1037 3273 ubi
1051 3221 1095 3274 est
1136 3215 1336 3290 metaphorice
1346 3217 1518 3291 accipienda
1528 3217 1655 3275 videtur.
1667 3219 1711 3276 lta
1721 3219 1838 3290 Rebraei,
1847 3233 1907 3292 quos

299 3306 470 3378 angustius,
483 3303 642 3378 minusque
662 3302 766 3359 latum.
783 3300 866 3358 Adde
881 3300 1026 3372 angelum
1043 3316 1095 3358 eos
1137 3300 1270 3374 sequitur
1282 3301 1435 3372 caietanus
1448 3305 1477 3357 et
1490 3301 1696 3360 Genebrardus
1709 3303 1743 3360 in
1757 3307 1827 3361 Psoi.
1840 3318 1906 3371 arur,

300 3389 472 3461 roborasse,
491 3392 521 3445 et
542 3388 676 3444 incitasse
699 3385 739 3442 ad
763 3383 999 3442 accelerandum.
1025 3383 1095 3442 llinc
1137 3383 1906 3459 beldetnostersancbezincap.nxnlsein,rers.l.

182 3465 288 3514 'mh
301 3473 380 3531 enim
394 3473 510 3541 dicitnr,
525 3471 746 3538 Psalm.c1v,3l
761 3485 769 3524 s
788 3471 874 3525 allon
886 3471 949 3525 erat
960 3467 991 3524 in
1003 3467 1097 3524 tribu·
1137 3465 1192 3525 Alii
1216 3470 1316 3524 tumen
1340 3483 1410 3524 cum
1431 3467 1568 3526 lansenio
1593 3469 1679 3526 illum
1701 3471 1803 3528 locum
1819 3468 1906 3545 psalmi

189 3529 281 3637 m
300 3555 359 3613 bus
377 3552 667 3612 eoruminfirmus.a
683 3553 716 3606 lit
730 3565 815 3618 sane,
829 3549 1094 3620 utrerumiatear,
1137 3563 1206 3607 caru
1228 3554 1382 3624 exponunt
1404 3551 1441 3608 de
1465 3557 1549 3609 terrae
1574 3557 1659 3610 motu
1682 3555 1738 3629 qui
1761 3552 1905 3626 contigitis

183 3657 290 3698 nnana
301 3643 362 3698 tam
386 3637 463 3695 celer
482 3635 621 3694 transitus
640 3637 684 3690 tot
702 3632 873 3689 millionnm
892 3632 1050 3690 bominum
1068 3637 1095 3689 et
1137 3633 1303 3710 Sina,cum
1323 3633 1366 3690 ibi
1382 3635 1500 3692 daretur
1518 3635 1586 3707 lex,
1597 3637 1689 3694 Eeodi
1705 3641 1829 3709 xu,ltl.
1847 3637 1906 3694 Solet

183 3725 209 3759 ’θ
243 3717 290 3759 *ω
302 3720 493 3790 animalium,
507 3723 568 3775 mm
586 3716 670 3775 brevi
684 3719 816 3788 tempore
836 3715 1017 3785 naturaliter,
1033 3715 1095 3772 sine
1137 3715 1217 3774 enim
1230 3717 1338 3774 Psaltes
1356 3718 1440 3776 varia
1455 3718 1598 3776 miracula
1616 3719 1707 3778 variis
1725 3721 1798 3780 locis
1813 3727 1838 3779 ct
1851 3725 1907 3778 ten

182 3773 285 3894 ὦ,
302 3803 447 3864 miraculo
461 3801 526 3859 fieri
538 3817 599 3858 non
612 3799 720 3876 potuit.
734 3797 789 3856 Ubi
801 3797 881 3856 enim
895 3800 939 3855 tot
953 3797 1021 3868 alia,
1034 3802 1096 3855 tam
1137 3799 1262 3873 poribus
1286 3800 1363 3859 iacta
1384 3802 1470 3874 quasi
1492 3803 1718 3876 perstringendo
1742 3807 1904 3878 conjungere.

302 3889 444 3966 apertast
457 3885 582 3946 illustria
596 3884 739 3943 miracula
749 3881 905 3953 videmus,
920 3881 1020 3939 mirari
1034 3897 1096 3940 non
1137 3881 1221 3940 Rides
1235 3899 1305 3955 ergo
1320 3884 1409 3956 hujus
1422 3886 1557 3944 miraculi
1575 3885 1612 3945 sit
1623 3903 1716 3962 penes
1733 3889 1866 3948 ilebraos

160 4013 167 4080 l

160 4085 166 4126 t

682 4198 886 4304 CAPUT
924 4198 1214 4305 DECIMUM
1250 4202 1552 4319 QUINTUM.

916 4421 1122 4484 sruorsrs
1147 4405 1324 4486 carrrrs.

305 4601 391 4664 nese
406 4603 433 4659 et
449 4597 557 4658 Hebraei
572 4599 671 4654 emunt
688 4597 824 4668 epinicion
837 4599 912 4654 Deo:
928 4597 1001 4653 idem
1016 4600 1085 4667 tecit
1099 4599 1193 4689 idone
1207 4603 1398 4670 conseminia,
1414 4619 1481 4660 cers.
1496 4605 1548 4670 θος
1562 4606 1687 4674 amado.
1702 4609 1811 4666 must
1821 4601 1906 4666 licini

177 4729 192 4782 4.
339 4693 1905 4775 inune,utilioresmnnmcqucsinduteescertit,oers.2l;indepcmemtinsstim,prementem

183 4803 186 4818 '
338 4792 680 4856 amanuenses.

351 4975 384 5045 l.
399 4973 494 5046 Tunc
511 4971 627 5044 cecinit
642 4969 772 5063 Moyses
788 4978 821 5038 et
840 4967 904 5039 filii
916 4967 1016 5042 Israel
1029 4993 1160 5044 carmen
1174 4973 1236 5045 hoo
1248 4977 1407 5066 Domino,
1428 4985 1461 5048 et
1478 4979 1657 5051 dixemnt:
1677 4983 1844 5052 Cantemm
1856 4977 1905 5046 Do

306 5083 419 5170 mino;
433 5081 574 5172 gloriose
587 5078 677 5148 enim
691 5075 919 5167 magnificatus
931 5087 980 5147 est
994 5102 1001 5146 :
1022 5101 1147 5173 equum
1159 5090 1192 5150 et
1204 5105 1405 5154 ascensorem
1418 5083 1534 5177 dejecit
1546 5087 1583 5156 in
1595 5111 1697 5159 mare.
1713 5089 1746 5159 2.
1760 5080 1904 5159 Fortitudo

307 5211 396 5274 mea,
417 5194 450 5256 et
462 5177 535 5256 laus
549 5207 623 5254 mea
634 5183 813 5270 Dominus,
832 5192 865 5254 et
881 5183 986 5254 iactus
1003 5197 1052 5256 est
1068 5187 1152 5257 mibi
1164 5188 1202 5258 in
1214 5191 1375 5280 salutem3
1395 5191 1455 5262 istc
1474 5193 1561 5264 Deus
1574 5174 1731 5285 meus,'et
1743 5187 1905 5288 glorificabo

307 5309 383 5365 eum
405 5316 414 5360 t
435 5291 523 5360 Deus
542 5287 645 5380 patris
663 5289 747 5376 mei,
770 5297 803 5359 ct
821 5290 971 5362 exaltabo
991 5315 1080 5363 cum.
1107 5292 1141 5365 3.
1156 5296 1323 5398 'Dominus
1342 5299 1436 5389 qnasi
1458 5300 1510 5370 vir
1528 5309 1703 5393 pugnator,
1728 5301 1905 5390 omnipotens
