4118 6042
17 357 21 402 ,
686 317 927 382 cornemium
945 326 979 382 m
997 325 1151 397 exonuu,
1169 341 1232 385 ara.
1251 325 1305 383 xv.
1653 311 1656 318 ’
1760 326 1812 384 err

17 445 19 484 a
56 430 142 482 reeta
218 426 354 502 tertias.
364 429 521 500 'ihomaal
531 429 622 495 Part,
637 429 739 496 Queat.
750 432 782 501 ll,
792 435 846 488 art.
858 433 887 501 ἓ,
898 431 972 500 adt,
1016 443 1084 505 quae
1094 434 1280 505 radicalium‚
1291 433 1453 507 prasertim
1463 431 1690 507 quiescentium,
1704 429 1811 487 divisio

17 531 21 574 t
179 517 341 588 respondet
364 517 457 571 Deum
482 513 540 570 dici
563 513 654 582 ultro,
678 513 725 570 vel
748 529 840 587 supra
860 515 975 572 aterni·
1015 514 1115 572 hiulca
1129 519 1172 573 est
1188 515 1493 574 etinsuetallehrrais.
1584 516 1589 526 '

179 601 269 656 tatem
292 615 354 657 esse
377 601 406 655 et
426 612 565 668 regnare,
588 597 659 670 quia
677 597 767 654 habet
784 599 973 656 aeternitatem
1051 599 1119 657 Dico
1135 616 1205 670 ergo
1228 618 1236 655 ε
1259 603 1371 658 Nomen
1390 602 1484 656 Marte
1502 597 1701 671 compositum
1718 602 1761 656 est
1774 613 1812 656 ex

17 701 20 740 i
180 681 243 738 sina
263 682 426 758 principio,
446 686 474 738 et
491 682 561 754 quia
578 681 667 737 habet
685 696 751 737 eam
765 697 783 737 a
799 697 845 751 sa,
860 682 974 753 etquia
1016 691 1072 744 “lte
1088 701 1155 750 mor,
1170 685 1254 741 idest
1268 685 1405 757 myrrha,
1419 683 1714 756 velpotiusexttlln
1723 698 1810 748 mere,
1882 725 1886 733 .

17 783 43 838 i·
140 795 142 798 ν
178 765 275 822 totum
290 781 352 822 csse
366 782 452 823 suum
465 763 555 822 habet
568 763 658 822 simul
668 765 731 821 sine
745 764 807 822 ulla
822 764 972 821 varietate.
1015 767 1120 837 idest,
1141 768 1474 841 magistraetdomina‚
1496 771 1525 824 ot
1546 775 1602 828 ἰδ’
1617 770 1689 833 tem,
1704 767 1737 824 id
1756 771 1810 836 est,

17 875 20 920 t
55 853 116 904 neus
133 861 165 902 ee
178 849 256 906 Audi
267 865 335 906 eum
351 866 358 904 ε
376 847 517 919 allicitur,
530 847 635 920 inquit,
648 849 724 904 Deus
738 849 816 904 ultra
830 852 972 904 eternum
1014 851 1118 921 maris3
1142 869 1169 907 m
1191 851 1271 908 enim
1288 851 1398 908 initiale
1420 851 1467 907 hic
1487 867 1575 923 posse
1595 865 1657 906 esse
1683 849 1811 908 radicale

17 957 19 998 μ
84 924 134 965 ⁸¹¹‘0
178 947 317 1004 regnare,
339 929 489 1004 quialicet
510 929 624 1004 aliquid
648 931 730 986 aliud
750 947 867 1003 semper
885 934 972 1000 esset,
1015 933 1110 1007 (quod
1123 935 1185 992 sine
1205 936 1319 993 ratione
1334 939 1421 1006 negat
1433 933 1588 1005 Caninius)
1608 938 1688 1004 petat
1705 949 1743 990 ex
1756 949 1810 991 no·
1824 942 1918 989 uano

17 1041 19 1082 i
56 985 165 1096 ἓξὲξ.
179 1017 262 1072 sicuti
285 1019 400 1073 motum
424 1015 488 1072 coeli
514 1014 638 1088 quidam
661 1014 835 1087 philosophi
860 1013 973 1072 iaciunt
1013 1017 1162 1088 minibus,
1180 1025 1213 1075 ut
1226 1021 1319 1089 hiare,
1338 1019 1463 1088 ltlelcha,
1479 1017 1613 1086 Messias,
1632 1019 1737 1086 liores,
1754 1020 1808 1074 lla·
1822 1009 1845 1048 ⁸²
1879 1017 1927 1050 ”¹⁰⁶

58 1105 164 1161 satiauit
177 1101 334 1173 aeternum,
354 1097 547 1154 nihilominus
563 1102 661 1155 tamen
675 1101 750 1154 Deus
767 1098 844 1155 ultra
858 1103 970 1170 regnat,
1013 1100 1086 1170 chir‚
1100 1100 1326 1174 Melchisedech,
1345 1101 1502 1175 inquibus
1520 1105 1601 1173 patet
1612 1117 1639 1156 m
1652 1116 1715 1157 esse
1731 1101 1809 1158 radi.
1822 1064 1928 1173 ᾆξ’ἰέζζ

57 1178 163 1274 ⁶¹:2⁰,ss
177 1183 208 1240 in
226 1187 373 1256 quantum
393 1183 456 1255 ejus
475 1197 602 1252 regnum
624 1185 668 1237 est
689 1185 784 1238 totum
806 1181 905 1237 simul.
930 1181 972 1239 Si·
1013 1184 1076 1242 cale
1092 1202 1100 1241 ε
1115 1185 1204 1242 Maria
1217 1200 1287 1256 crgo
1300 1185 1381 1242 idam
1400 1188 1443 1240 est
1458 1183 1543 1256 quod
1557 1183 1681 1256 myrrha
1701 1183 1807 1254 maris,
1821 1193 1853 1232 aa
1868 1192 1926 1245 quea

82 1295 133 1346 pce
177 1265 285 1324 militer
297 1269 398 1341 auctor
410 1265 463 1322 lib.
480 1269 518 1338 lle
528 1267 623 1323 Canes
635 1266 708 1322 dixit
722 1268 814 1332 Deum
827 1281 890 1322 esse
903 1269 970 1322 ante
1014 1283 1050 1324 co
1074 1270 1174 1342 quod,
1198 1273 1233 1325 ut
1253 1270 1374 1326 tradunt
1392 1267 1520 1336 Hebraei,
1544 1267 1618 1323 dum
1640 1271 1809 1322 nasceretur
1829 1252 1917 1356 ffiffl

79 1364 135 1396 ²2¹³·
176 1349 380 1418 aeternitatem,
401 1348 606 1418 intelligentias
627 1348 689 1405 ess'e
708 1364 777 1405 eum
800 1349 969 1418 aeternitate,
1013 1351 1119 1421 llaria,
1137 1353 1257 1424 coeperit
1273 1367 1375 1408 amara
1393 1350 1526 1424 tyrannis
1549 1348 1709 1408 Pharaonis
1733 1365 1807 1422 pra·
1900 1342 1906 1355 “

174 1434 306 1491 animam
322 1437 540 1489 veronostram
555 1448 617 1488 esse
634 1436 702 1506 post
716 1433 919 1502 alternitatem,
942 1435 971 1488 et
1012 1434 1146 1506 cipientis
1163 1436 1257 1506 mergi
1276 1435 1402 1491 inientes
1416 1434 1616 1493 llcbraeorum.
1638 1433 1688 1490 Vel
1707 1433 1808 1506 potius
1834 1445 1906 1488 Tertio

175 1535 265 1595 supra
285 1522 403 1591 tempus
421 1534 429 1573 ε
451 1532 522 1573 nam
535 1516 602 1572 licet
615 1530 794 1588 poneremus
807 1514 970 1586 intelligen·
1012 1517 1101 1574 llarie
1115 1518 1195 1575 idam
1212 1524 1272 1589 est,
1292 1519 1376 1591 quod
1391 1518 1531 1588 magistra
1548 1517 1595 1574 vel
1609 1517 1732 1574 domina
1744 1533 1807 1573 ma·
1819 1507 1926 1608 arpenna,

174 1605 228 1661 tias
246 1603 285 1660 ab
299 1605 426 1672 aeterno,
445 1604 559 1669 tamem
581 1601 651 1672 quia
674 1604 748 1654 Deus
772 1599 861 1656 hahet
883 1599 914 1654 in
938 1611 969 1653 se
1011 1599 1051 1655 ris
1067 1617 1074 1656 :
1089 1602 1146 1658 hoe
1160 1601 1240 1658 enim
1251 1617 1362 1658 nomen
1375 1601 1431 1658 fuit
1443 1601 1529 1674 quasi
1539 1601 1764 1674 prognosticum
1775 1600 1807 1656 in
1819 1581 1883 1674 ,dqss'
1885 1581 1925 1673 ’ζμ

174 1703 263 1745 omne
278 1689 306 1743 et
319 1689 415 1743 totum
428 1699 491 1742 esse
506 1683 606 1752 simul,
620 1683 819 1754 intelligentiae
832 1699 903 1738 vero
916 1683 969 1740 ha·
1012 1690 1109 1742 menta
1121 1687 1169 1742 hei
1181 1685 1257 1758 (lieet
1267 1689 1403 1759 parantes
1416 1686 1447 1742 in
1459 1691 1527 1743 ortu
1537 1685 1632 1742 llarioe
1643 1683 1687 1741 nil
1697 1685 1754 1740 talc
1768 1683 1806 1740 de
1820 1691 1876 1760 ruod
1884 1688 1924 1732 ‹10-

173 1772 244 1830 hant
255 1785 344 1827 suurn
355 1783 417 1825 esse
429 1767 598 1835 limitatum,
610 1771 638 1822 et
646 1766 853 1839 participatum
865 1781 882 1821 a
893 1767 966 1822 Deoz
1011 1783 1045 1824 aa
1059 1769 1165 1826 scirent
1177 1771 1223 1826 vel
1238 1769 1424 1840 cogitarent),
1437 1773 1539 1841 primo,
1553 1769 1638 1842 quod
1647 1766 1806 1826 Mariahrec
1835 1765 1909 1858 332·

173 1855 283 1913 idcirco
292 1869 360 1910 vere
373 1855 448 1908 Deus
459 1851 604 1907 diceretur
617 1865 679 1907 esse
692 1849 968 1920 anteaeternitatem,
1009 1851 1108 1909 futura
1122 1857 1198 1910 esset
1211 1854 1273 1910 dux
1286 1853 1466 1910 feminarum
1479 1851 1683 1920 hebraerum,
1703 1851 1805 1922 eisque

172 1937 376 2012 participatam
393 1933 528 1991 videlieet
547 1950 565 1990 a
578 1931 726 1989 creaturis.
736 1951 749 1984 a
767 1934 822 1989 Sed
834 1933 897 1988 haec
909 1948 968 1988 res·
1009 1935 1127 2008 praeiret
1140 1939 1204 1994 tum
1220 1936 1387 1994 intransitu
1401 1937 1490 1993 maris
1504 1935 1608 2005 ltuhri,
1621 1939 1686 1992 tum
1704 1934 1735 1991 in
1747 1935 1806 1990 hoo

173 2021 281 2096 pensio
294 2019 409 2076 acutior
422 2021 464 2074 est
483 2021 511 2073 et
531 2015 667 2096 subtilior
680 2033 773 2090 quam
787 2016 966 2086 germanior.
1010 2017 1139 2075 carmine
1152 2020 1279 2092 epinieio
1290 2023 1348 2078 Deo
1358 2021 1545 2077 decantando
1561 2037 1568 2075 :
1582 2019 1661 2075 unde
1671 2017 1805 2074 hocloco

208 2107 281 2162 Nota
295 2121 303 2159 ι
318 2101 445 2159 Pulchro
458 2101 517 2157 hoc
534 2099 759 2172 epiphonemate
775 2116 782 2154 :
800 2119 815 2152 a
824 2099 967 2156 Dominus
1009 2101 1141 2174 primum
1154 2102 1220 2175 ipsa
1233 2104 1322 2161 liaria
1334 2108 1458 2161 vocatur
1463 2121 1473 2173 3
1486 2117 1558 2160 nam
1571 2117 1637 2174 cap.
1652 2117 1684 2172 u,
1699 2107 1806 2160 verat

172 2189 308 2262 regnabit
326 2185 652 2259 (cuminterAEgyptios
672 2184 805 2256 aliosque
818 2183 966 2256 populos,
1010 2189 1039 2240 et
1052 2189 1068 2241 7
1074 2226 1084 2255 ‚
1099 2201 1161 2243 non
1175 2188 1280 2257 llario,
1299 2189 1352 2245 sed
1370 2203 1455 2246 soror
1471 2187 1558 2244 llosis
1570 2189 1710 2254 vocatur,
1730 2201 1757 2255 q.
1774 2186 1803 2242 d.

171 2280 235 2332 tum
250 2271 378 2330 maxime
390 2269 466 2326 inter
480 2267 616 2324 llebraeos
635 2266 769 2339 aliosque
783 2267 905 2336 fideleS,
923 2266 969 2323 id·
1009 2269 1144 2340 Congme
1155 2275 1261 2328 vocata
1273 2276 1317 2327 est
1330 2287 1415 2328 soror
1427 2271 1514 2328 llosis
1525 2269 1631 2339 Maria,
1648 2268 1737 2325 idest
1751 2268 1805 2324 do·

172 2375 231 2436 que
243 2362 307 2414 tum
317 2355 349 2411 in
360 2359 446 2423 terra,
460 2355 526 2408 tum
538 2351 666 2408 maxime
680 2351 711 2406 in
733 2349 823 2422 coelo)
844 2351 875 2406 in
885 2353 969 2405 ater·
1010 2354 1092 2411 mina
1110 2358 1138 2411 et
1152 2357 1308 2428 magistra,
1329 2358 1402 2431 quia
1417 2357 1508 2413 talem
1523 2356 1586 2426 jam
1604 2369 1672 2410 eam
1692 2352 1806 2424 experi-

172 2458 245 2500 num
258 2445 286 2498 et
299 2439 412 2507 ultra»
430 2452 549 2495 carmen
562 2436 620 2492 hoc
635 2435 746 2492 claudit
760 2437 868 2506 lloses3
882 2433 967 2508 quod
1009 2452 1088 2494 mur.
1107 2440 1238 2508 Secundo,
1253 2442 1338 2513 quod
1352 2441 1441 2498 llario
1453 2440 1517 2496 hare
1529 2439 1613 2509 virgo
1628 2442 1717 2510 typus
1729 2435 1806 2492 foret

90 2516 93 2520 ⁵
171 2527 251 2584 enim
266 2523 398 2598 sequitur
414 2539 420 2576 ε
439 2523 612 2592 «Ingressus
627 2523 670 2575 est
682 2519 802 2589 enim,n
819 2523 890 2588 ete,
904 2523 969 2574 tan·
1009 2522 1062 2597 (uti
1076 2524 1163 2582 docet
1174 2527 1202 2583 s,
1218 2523 1406 2594 Ambrosius,
1420 2525 1535 2581 Erasi-t.
1551 2523 1588 2578 ud
1598 2521 1729 2591 virgines)
1745 2521 1805 2577 vir-

172 2616 236 2668 tum
259 2609 301 2665 est
324 2603 456 2679 repetitio
480 2603 609 2660 materiae
633 2602 791 2672 carminis,
807 2618 899 2676 quam
923 2600 967 2657 uti
1009 2607 1086 2680 ginis
1102 2610 1219 2680 matris,
1240 2613 1313 2683 puta
1332 2611 1364 2666 B.
1379 2609 1474 2668 itariae
1488 2608 1631 2680 eripere,
1653 2620 1722 2677 quae
1743 2619 1805 2660 ma.

171 2693 269 2767 primo
289 2705 376 2748 versu
394 2687 566 2762 proposuit,
585 2687 626 2743 ita
648 2686 784 2743 eamdem
802 2687 860 2743 hoc
877 2697 966 2742 versu
1009 2689 1099 2762 gistra
1117 2696 1146 2750 et
1165 2693 1289 2751 domina
1309 2700 1353 2750 est
1369 2693 1459 2749 maris
1483 2691 1572 2762 hujus
1594 2687 1704 2746 soeculi.
1726 2689 1806 2743 Mera

171 2778 276 2835 Ultimi)
290 2775 394 2847 repetit
408 2773 457 2846 ss)-
1009 2774 1089 2830 enim
1102 2775 1255 2847 hebraice,
1268 2781 1298 2834 ct
1311 2777 1423 2849 syriace
1436 2777 1535 2841 Mare,
1556 2777 1617 2830 tam
1639 2771 1803 2842 dominam,
1834 2784 1904 2829 erm
1992 2843 1995 2848 ,

50 2866 112 2912 Vm·
121 2871 157 2912 tt·
205 2865 251 2919 to.
267 2863 386 2919 Sunrsir
400 2873 475 2916 eaeo
488 2859 581 2914 lisam
594 2869 792 2912 aroenarrssi.
805 2884 841 2897 -
854 2857 928 2912 Nota
940 2857 967 2907 rt
1009 2872 1101 2929 quam
1114 2861 1286 2932 magistram
1300 2858 1455 2931 signifieat,
1468 2857 1597 2915 maxime
1612 2855 1694 2929 apud
1703 2857 1802 2927 Syros.
1828 2846 1911 2950 'ssim-

172 2963 248 3018 erqo,
269 2945 355 3018 quasi
370 2942 464 3000 dicat:
481 2941 556 3011 Quia
572 2940 659 2996 llario
677 2938 797 2994 videbat
810 2938 890 2995 viros
906 2941 965 2994 heo
1008 2941 1079 3000 llinc
1092 2943 1172 3000 euim
1185 2943 1336 3001 descendit
1349 2943 1424 3000 illud
1436 2944 1537 2998 hieran
1550 2941 1624 3003 etho,
1640 2938 1672 2995 id
1683 2942 1737 3006 est,
1749 2939 1805 2994 lto·
1816 2919 1839 2951 ‘⁵
1851 2919 1923 3012 „⁰¹³¹

170 3030 344 3104 psallenteS,
365 3027 436 3083 hine
451 3041 488 3082 ne
508 3024 626 3080 feminae
647 3023 685 3078 ad
704 3021 892 3079 devotionem
905 3021 966 3077 lere
1007 3027 1108 3082 minus
1121 3031 1220 3085 noster
1234 3028 1314 3086 venit
1326 3045 1333 3082 ε
1345 3026 1410 3099 Syri
1424 3025 1503 3081 enim
1512 3023 1687 3093 magistrum
1696 3024 1805 3078 vocant

170 3113 339 3187 proniores,
361 3109 431 3166 viris
445 3109 612 3182 quidquam
627 3106 664 3162 de
679 3106 728 3162 liei
742 3106 883 3163 laudibus
896 3120 968 3162 ecn-
1009 3105 1177 3169 Dominum,
1199 3110 1245 3167 510
1262 3115 1291 3168 er
1303 3109 1416 3167 flebraei
1431 3107 1590 3164 Dominum
1608 3107 1715 3161 vocant
1728 3102 1802 3174 gab,

170 3197 316 3266 cederent,
330 3195 395 3268 ipsa
415 3193 456 3250 eis
470 3207 589 3250 carmen
608 3189 775 3264 praecinuit,
796 3189 881 3263 quod
894 3189 966 3261 ipsas
1008 3193 1118 3264 nabin,
1142 3193 1295 3266 rabboni,
1317 3209 1386 3266 qum
1408 3190 1604 3248 eommuniter
1626 3186 1803 3258 magistrum

170 3281 360 3339 succinerent.
1008 3277 1185 3348 significant,

205 3367 308 3422 hiare.
321 3395 356 3406 -
370 3363 453 3420 Circa
470 3361 528 3420 hcc
551 3375 662 3417 nomen
681 3361 753 3416 nota
769 3363 874 3429 mmo,
895 3361 965 3414 llas·
1043 3358 1122 3413 lianc
1142 3371 1205 3414 essa
1221 3371 1323 3414 veram
1335 3354 1546 3429 etymologiam
1559 3349 1689 3408 nominis
1702 3349 1802 3420 Maria,
1815 3367 1879 3410 rma.

170 3452 280 3507 seratas
297 3445 463 3520 corrupisse
476 3448 600 3517 puncta3
624 3442 726 3513 legunt
741 3443 820 3498 enim
841 3445 965 3508 Mirtum,
1008 3445 1041 3498 ut
1055 3439 1209 3498 dominam
1222 3439 1384 3510 significet,
1397 3442 1479 3512 patet
1497 3439 1598 3508 primo,
1613 3450 1651 3490 ex
1668 3449 1704 3490 ee
1718 3431 1803 3506 quod
1814 3428 1894 3472 rema.

170 3549 239 3591 cum
256 3536 318 3590 tam
335 3529 523 3604 Septuaginta
541 3543 633 3600 quam
646 3528 673 3584 S.
689 3527 899 3598 Hieronymus,
914 3527 965 3599 Sy·
1006 3525 1048 3581 ita
1061 3540 1172 3581 nornen
1185 3525 1273 3582 llario
1285 3524 1492 3596 iuterpretatur
1505 3517 1698 3593 Epiphanius,
1712 3531 1801 3574 serm.

169 3633 220 3676 rus
240 3621 268 3673 et
280 3631 383 3673 omnes
395 3617 507 3670 veteres
517 3611 641 3683 legerint
652 3613 786 3675 niceriam,
798 3627 852 3683 per
864 3627 891 3677 e,
903 3625 966 3666 non
1007 3611 1047 3666 Dc
1056 3609 1184 3665 leudibus
1195 3610 1336 3678 Vtrqc'cts5
1346 3610 1554 3673 Damascenus,
1568 3603 1620 3660 lib.
1634 3604 1668 3658 lv
1677 3605 1715 3656 Dc
1724 3601 1799 3666 Fide,

170 3717 223 3776 per
236 3705 258 3758 i.
281 3699 416 3766 Secundo,
434 3697 492 3752 hoe
513 3711 625 3753 nomen
646 3695 675 3750 in
689 3694 810 3750 llehroeo
829 3709 892 3751 esse
907 3695 966 3751 dis·
1008 3710 1073 3766 cap.
1088 3709 1141 3764 ιη
1160 3693 1334 3762 Eucherius,
1355 3691 1409 3748 lib.
1431 3693 1453 3747 ll
1473 3691 1621 3755 Instruet.;
1643 3685 1802 3759 Chrysolo-

170 3785 340 3860 syllabum,
354 3787 443 3855 atque
455 3779 566 3838 habere
580 3779 708 3835 litteram
726 3778 797 3834 min
810 3777 879 3848 fine,
895 3779 966 3835 diei·
1008 3795 1080 3849 gus,
1098 3795 1178 3834 serm.
1200 3780 1271 3846 lae,
1294 3775 1372 3832 Beda
1392 3774 1423 3832 in
1445 3788 1511 3845 cap.
1532 3788 1543 3827 1
1561 3772 1652 3839 Lucoe3
1676 3770 1799 3834 secundo,
1816 3785 1919 3833 &cunda

170 3885 229 3942 quc
241 3869 378 3932 Mariam
395 3865 437 3920 sic
457 3865 537 3920 enim
557 3863 667 3918 hahent
683 3862 814 3930 llahraa,
828 3863 966 3919 Chaldaea
1008 3863 1092 3935 quod
1106 3867 1139 3920 u.
1153 3862 1303 3919 lleccados
1316 3859 1450 3916 doctrina
1465 3863 1494 3914 et
1508 3855 1659 3913 sanctitate
1673 3853 1802 3910 celeber-

171 3957 199 4010 et
221 3948 419 4024 Septuaginta.
441 3947 498 4002 Sed
519 3945 609 4002 Graeci
628 3951 655 4000 ot
675 3944 768 3999 Latini
787 3947 965 4016 posteriores
1006 3947 1100 4002 rimus
1114 3950 1180 4002 ante
1194 3943 1340 4001 Christum
1357 3940 1548 3998 llebraeorum
1561 3939 1680 4008 doctor,
1694 3935 1803 3994 llessiae

170 4036 228 4092 hoe
243 4047 353 4089 nomen
367 4029 407 4087 ad
420 4043 481 4084 suae
494 4027 604 4098 linguae
618 4027 802 4082 idiotismum
819 4027 966 4082 deducen-
1008 4033 1133 4084 matrem
1156 4026 1281 4100 (scilicet
1301 4028 1332 4080 B.
1354 4023 1490 4094 Mariam)
1512 4022 1666 4078 dominam
1689 4037 1803 4078 nuncu·

171 4124 223 4190 tes,
233 4116 359 4173 litteram
369 4130 396 4168 m
406 4110 579 4179 omiserunt,
589 4112 616 4164 et
627 4125 663 4164 ex
673 4107 837 4178 dissyllaba
846 4111 967 4164 Martem
1008 4107 1301 4182 pandampraedixit3
1311 4110 1401 4171 tertio,
1416 4105 1500 4179 quod
1510 4103 1637 4182 liturgia
1649 4107 1677 4161 S.
1688 4103 1801 4174 lacobi,
1817 4121 1897 4166 rcere.

171 4203 301 4261 iecerunt
314 4192 518 4268 trissyllabum
533 4195 636 4258 illaria,
651 4191 694 4247 uti
707 4196 734 4246 ct
746 4190 776 4246 in
789 4189 854 4246 aliis
866 4191 966 4246 multis
1008 4192 1122 4262 Basilii,
1141 4191 1343 4265 chrysostomi
1363 4190 1403 4247 ad
1421 4194 1543 4262 etymon
1561 4189 1655 4246 llariae
1669 4188 1803 4246 alluden-

171 4283 343 4342 ncminihus
367 4279 518 4348 fecerunt,
542 4292 608 4350 quae
636 4274 804 4332 communis
830 4274 967 4332 omnium
1008 4274 1271 4346 mammotrectus
1285 4278 1367 4346 ripas,
1382 4273 1414 4331 id
1428 4277 1487 4344 est,
1503 4272 1657 4330 dominam
1671 4275 1804 4328 nostram

166 4371 230 4441 lam
246 4367 312 4425 terit
325 4381 407 4422 USUS·
1008 4360 1182 4432 indigitant3
1196 4365 1302 4430 quarte,
1318 4359 1401 4431 qued
1414 4356 1570 4415 Christiani
1585 4371 1689 4413 omnes
1699 4356 1731 4411 B.
1742 4353 1805 4410 Vir·
1826 4375 1913 4428 quam.

66 4462 139 4507 narra
208 4446 454 4520 Tertio,Angelus
472 4443 610 4504 Caninius
629 4443 660 4500 in
678 4445 788 4500 Nomio.
804 4445 886 4501 licor.
903 4445 968 4500 neci
1010 4444 1109 4516 gincm
1133 4443 1216 4501 omni
1238 4443 1359 4513 lingua,
1381 4441 1537 4498 Dominam
1557 4443 1706 4509 nostram,
1728 4444 1805 4498 notre
1837 4435 1901 4506 omni

46 4526 108 4571 “¹⁰¹³
125 4527 157 4568 ⁸³²
173 4537 348 4600 Testamenti,
360 4535 458 4590 censet
471 4528 616 4586 minitiale
629 4528 661 4583 in
675 4527 763 4584 llaria
774 4527 967 4602 esseservile,
1011 4531 1103 4594 Deme,
1121 4532 1233 4584 ncescra
1252 4526 1367 4591 Seuera,
1389 4539 1452 4580 cresc
1472 4526 1554 4580 hicce
1574 4525 1692 4588 Vreuec,
1719 4523 1805 4595 quasi
1817 4496 1923 4602 ssfffffi,

46 4585 156 4691 qsffif'
170 4637 233 4681 nen
246 4618 385 4678 radicale.
407 4613 546 4672 Radiocm
563 4612 643 4668 enim
654 4609 783 4668 nominis
801 4610 889 4667 llario
903 4627 967 4666 esse
1009 4611 1132 4686 proprio
1152 4609 1272 4668 nomine
1291 4608 1481 4681 compellant.
1502 4609 1554 4664 Est
1571 4605 1651 4662 enim
1664 4607 1730 4678 ipsa
1743 4621 1805 4662 ma·
1825 4623 1913 4662 voeatur

49 4712 82 4756 ¹1²
91 4678 156 4752 ⁰²⁰3·
172 4714 227 4766 nil
239 4720 312 4770 rum,
324 4702 357 4760 id
370 4703 413 4756 est
427 4697 564 4766 exaltare,
576 4699 610 4752 ut
625 4695 714 4751 llaria
725 4695 805 4752 idem
818 4695 869 4765 sit,
882 4695 967 4766 quod
1010 4703 1054 4753 ter
1076 4693 1199 4763 Christi,
1218 4692 1270 4765 qui
1292 4696 1336 4748 est
1354 4689 1591 4764 primogenitus,
1613 4692 1641 4746 et
1665 4687 1804 4744 dominus
1823 4681 1913 4783 Βῡῐῖῑῡῑ

71 4772 131 4818 '¹¹⁰¹‘
170 4788 307 4856 exaltata,
321 4784 446 4842 excelsa.
462 4784 569 4838 Verum
587 4777 833 4844 sielitterarcsch,
847 4780 967 4850 quaeest
1011 4778 1107 4837 omnis
1121 4780 1259 4834 creatura
1272 4795 1280 4832 :
1294 4775 1375 4832 unde
1388 4778 1416 4831 et
1427 4777 1460 4830 R.
1473 4767 1624 4830 llaccados
1636 4771 1733 4846 ipsam
1745 4771 1805 4842 pri·
1818 4753 1924 4856 fflssg',

169 4873 268 4947 prima
280 4867 417 4926 radicalis
432 4865 516 4922 verbi
535 4879 611 4930 rum,
631 4861 664 4919 in
683 4862 804 4918 nomine
821 4861 910 4919 llaria
923 4863 967 4919 di·
1010 4857 1653 4931 mamereaturarum,etprimumhominem
1663 4854 1804 4928 appellat.
1818 4861 1925 4917 arpena

169 4955 358 5014 velleretura
375 4965 429 5006 sua
442 4947 555 5017 radice,
574 4951 602 5002 et
615 4947 844 5018 conjungeretur
857 4962 926 5002 cum
939 4961 967 5002 m
1046 4949 1142 5016 Quare
1161 4960 1319 5018 perperam
1338 4941 1501 4998 Victorinus
1523 4940 1644 4996 llariam
1664 4939 1807 5010 interprc-
1827 4925 1915 5026 {iffi

170 5039 269 5100 servili
284 5057 291 5097 s
307 5037 409 5096 dicunt
423 5033 506 5092 enim
520 5031 632 5089 liebraei
646 5033 766 5086 hiarium
780 5029 943 5104 dissyllaba
957 5048 964 5088 :
1011 5035 1088 5089 tatur
1104 5030 1259 5097 miseram,
1273 5022 1491 5100 imperitissime
1502 5038 1574 5080 vero
1588 5021 1731 5079 Lutherus
1750 5023 1807 5078 lla-
1818 5048 1841 5089 ,2
1874 5043 1923 5099 prl-

137 5109 138 5113 Ἰ
947 5163 952 5173 .
1009 5115 1085 5172 riam
1098 5114 1304 5186 interpretatur
1312 5107 1459 5180 guttulam
1470 5121 1567 5180 aquae.
1577 5105 1648 5162 Vide
1657 5104 1807 5162 Canisium
1819 5117 1868 5150 aas
1882 5104 1923 5148 ho·

171 5164 737 5303 dugssugmsegfflffinffiffigffl„¹23ss
753 5165 967 5297 {gffiffaffit
1010 5196 1092 5255 initio
1106 5198 1246 5262 Mortalis,
1259 5197 1287 5250 et
1300 5192 1466 5249 hetthaeum
1479 5189 1622 5248 Calenum
1635 5190 1666 5246 in
1681 5187 1743 5246 suis
1756 5188 1807 5247 Ge·
1849 5177 1891 5211 ¹⁰⁰·

172 5317 234 5361 tam.
257 5307 394 5362 subaudiri
417 5313 499 5372 potest
516 5305 585 5356 illius
601 5305 676 5356 initio
691 5321 698 5355 ι
716 5305 757 5356 Sic
775 5305 856 5374 igitur
873 5305 966 5357 cecinit
1011 5285 1170 5347 lsssshsssst'buso
1186 5280 1239 5338 f01·
1254 5279 1406 5335 430t119·

171 5382 266 5448 hosa,
279 5395 338 5432 cum
351 5379 476 5449 ingressus
487 5383 542 5442 est,
556 5383 606 5429 etc.
1047 5369 1252 5436 Piorasrissi,
1267 5392 1302 5404 -
1321 5360 1393 5437 quia
1407 5363 1482 5418 haus
1496 5377 1565 5422 cum
1579 5375 1613 5420 ea
1629 5358 1805 5425 collocutus,
