4020 6026
130 490 301 562 monalium
315 501 472 582 exspecto,
485 491 562 583 quia
575 491 654 560 nihil
664 490 837 580 desidera),
852 489 953 561 sedat
964 487 1035 560 aliis
1046 489 1156 560 sintin
1169 488 1241 560 rita
1252 486 1429 580 speculam,
1444 484 1503 556 tibi
1514 483 1736 574 instimulam,
1851 509 1866 526 ²

129 617 235 678 utram
249 628 365 698 magna
374 607 429 676 illo
438 608 590 697 Episcopo
601 610 634 677 S.
643 609 740 678 Paulo
750 606 949 677 adulteriora
957 606 1108 676 extendas
1118 605 1266 695 teipsum,
1277 605 1320 674 nd
1331 604 1521 675 destinatum
1529 619 1734 693 persequare,

127 722 316 792 adbrarium
330 745 475 813 superne
492 725 665 792 vacationis
677 723 754 791 liei
744 743 778 791 ιιι
792 722 914 791 Christo
927 723 1013 790 lesu.

162 839 434 908 llasesrocatusa
449 839 567 907 licead
582 839 731 907 ducatum
747 837 882 907 tertiuet
899 847 1029 927 quarta,
1046 836 1087 906 ad
1104 834 1359 925 indignationem
1378 854 1481 925 usque
1494 832 1567 918 liei,
1582 830 1737 902 honorem
1751 845 1828 965 'flii
1824 847 1857 894 tt·
1877 901 1880 904 .

126 963 242 1023 etanus
255 955 432 1022 detrectans
445 941 772 1024 seexcusavitEaadi
783 973 838 1022 tr:
854 951 1060 1036 «obsecras
1051 952 1171 1041 inquit,
1187 950 1337 1036 Domina,
1354 968 1419 1018 nan
1441 966 1513 1018 sum
1527 947 1680 1036 eloquens
1693 944 1734 1014 ah
1768 915 1839 1018 aad.

124 1067 196 1154 heri,
212 1079 245 1136 et
257 1069 373 1138 nudius
386 1069 509 1154 tertius,
524 1079 557 1136 et
570 1089 607 1137 ex
620 1089 682 1158 qtto
695 1069 821 1138 locutus
833 1088 867 1136 es
879 1068 920 1136 ad
934 1087 1061 1137 servum
1077 1077 1180 1152 tuum,
1195 1062 1405 1155 impeditioris
1418 1073 1450 1131 et
1461 1061 1607 1131 tardioris
1620 1060 1738 1149 lingua
1841 1149 1846 1160 ‚

124 1203 186 1251 sunt
202 1209 210 1251 :
226 1182 368 1270 obsecro,
383 1184 527 1269 homine,
542 1185 632 1252 mitte
645 1204 739 1273 quem
753 1184 908 1252 missurus
919 1203 964 1252 es.
982 1207 1000 1246 ιι
1015 1183 1048 1250 S.
1064 1179 1198 1250 Basilius
1208 1181 1326 1270 pariter
1337 1177 1645 1267 fagitepiseaputum
1657 1179 1738 1246 Neo·

123 1317 348 1376 camarensem,
363 1309 400 1366 ut
411 1298 479 1388 ipse
493 1297 601 1368 scribit
613 1300 704 1386 epist.
719 1299 793 1367 tet.
810 1298 964 1368 Similiter
972 1317 1047 1366 eum
1062 1297 1229 1384 aegrotanti
1242 1292 1378 1363 Eusebio
1389 1293 1543 1382 Episcopo
1552 1292 1738 1361 caeream

122 1411 216 1480 amieo
228 1433 284 1481 saa
298 1413 433 1482 fideliter
445 1413 484 1482 ad
503 1424 637 1482 mortem
651 1435 751 1504 usque
764 1412 931 1500 astitisset,
947 1434 985 1482 eo
998 1422 1124 1480 mortua
1137 1430 1212 1480 max
1224 1408 1347 1479 abdidit
1358 1429 1405 1494 se,
1421 1405 1640 1498 deprehensus
1651 1426 1737 1478 mar-

120 1523 191 1596 bum
205 1525 376 1614 simulavit,
392 1550 429 1597 ae
441 1530 599 1598 reluctans
610 1539 642 1598 et
653 1529 794 1598 renitens
808 1529 982 1619 Episcopus
994 1538 1118 1596 creatus
1130 1535 1188 1595 est.

160 1643 237 1711 Cum
258 1643 418 1712 vicarium
442 1663 564 1732 ageres,
582 1663 663 1713 onus
686 1655 833 1713 excutere
845 1643 986 1730 soluisti,
1002 1664 1040 1712 ae
1052 1642 1211 1727 secedere,
1225 1639 1349 1732 tibique
1370 1651 1401 1710 ct
1422 1643 1485 1710 lieo
1497 1639 1623 1721 rivere3
1637 1638 1736 1732 idque

119 1755 215 1846 reipsa
234 1757 432 1856 perfecisses,
448 1759 511 1827 nisi
529 1762 567 1827 a.
589 1762 625 1828 P.
648 1758 855 1829 provincialis
871 1769 990 1845 noster,
1005 1767 1082 1828 tuus
1096 1757 1172 1826 οιιιιι
1190 1758 1225 1826 in
1237 1755 1441 1846 Philosophia
1453 1765 1639 1847 praeoptas,
1652 1764 1682 1826 te
1693 1753 1736 1826 ah

118 1871 173 1940 hae
186 1882 291 1940 mente
304 1871 496 1959 abduxisset,
512 1895 549 1943 ac
561 1873 766 1964 persuasisset
777 1884 815 1942 ut
827 1873 908 1942 eolla
920 1872 1010 1943 oneri
1027 1873 1081 1964 pio
1094 1892 1224 1942 rursum
1239 1892 1446 1963 supponeres.

155 1990 251 2058 Poma
264 2009 339 2058 cum
358 1988 585 2058 serenissimus
604 1988 768 2058 Archidux
784 1988 826 2056 ab
847 1989 1031 2078 episcopatu
1052 1988 1210 2058 Gandcasi
1222 1998 1254 2057 te
1265 1985 1435 2059 uaaslerre
1455 1989 1625 2078 cogimret,
1640 1998 1735 2081 teque

116 2104 391 2195 archiepiscopum
413 2107 670 2174 cameracensem
693 2104 908 2191 nominasset,
924 2103 1009 2173 hone
1030 2105 1134 2172 lieust
1156 2121 1254 2193 quam
1265 2101 1443 2189 indoluisti,
1459 2113 1579 2194 quanto
1592 2113 1735 2195 tempore

115 2220 300 2305 detrectasti,
316 2230 395 2309 quot
405 2219 523 2306 effugia
535 2219 722 2308 quesivisti,
739 2239 776 2287 ac
788 2238 853 2287 nan
866 2219 930 2287 nisi
943 2218 1135 2308 importunis
1147 2218 1325 2287 multorum
1337 2216 1487 2309 precihus
1499 2229 1533 2286 et
1544 2237 1626 2309 pene
1637 2220 1735 2291 minis

113 2357 191 2406 acu
180 2335 359 2428 impulsus
371 2343 404 2402 et
416 2343 554 2421 coaetus,
569 2355 610 2402 ne
622 2337 686 2403 lieo
699 2343 746 2402 tot
758 2333 886 2404 indiciis
897 2333 1024 2404 vacanti
1042 2334 1195 2404 reluctari
1209 2331 1378 2421 videreris,
1392 2334 1513 2404 invitus
1526 2353 1644 2450 munus
1665 2355 1735 2408 sus·

112 2451 232 2543 cepisti.

153 2567 240 2637 Fecit
252 2567 392 2659 idipsum
405 2567 604 2658 precedente
622 2567 737 2638 saecula
760 2567 836 2638 orbe
857 2568 1033 2638 admirante
1046 2570 1182 2640 loannes
1195 2569 1363 2639 Fischerus
1371 2569 1547 2659 Episcopus
1557 2567 1729 2656 RoEeusrs,

109 2683 240 2754 illustris
253 2684 376 2774 anglia
389 2693 522 2774 martyr,
541 2683 653 2774 qarob
666 2684 949 2774 incomparabilem
964 2683 1143 2754 doctrinam
1156 2696 1187 2754 et
1200 2685 1273 2754 rita
1285 2685 1501 2754 innocentiam
1514 2683 1555 2754 ad
1569 2685 1732 2776 episcopa·

109 2812 176 2870 tunt
198 2799 375 2886 hallensem
399 2809 526 2868 evectus
545 2808 612 2886 est;
627 2819 766 2889 cumque
785 2798 847 2868 boc
867 2798 1061 2870 heneficium
1081 2801 1210 2870 teaaius
1231 2809 1345 2890 pastea
1359 2821 1418 2891 pro
1431 2800 1494 2871 riri
1517 2800 1595 2872 tanti
1611 2801 1733 2872 meritis

108 2915 280 3002 rideretur,
295 2926 327 2984 et
345 2915 500 2984 Hearieus
519 2915 584 2984 tltt
597 2912 637 2984 ad
660 2915 797 3006 amplius
820 2935 893 2985 eam
913 2936 1101 3006 promovere
1121 2915 1229 3002 vellet,
1245 2936 1411 3006 nunquam
1429 2915 1546 2985 adduci
1563 2917 1681 3007 patuit,
1695 2928 1733 2986 at

109 3053 255 3124 sponsam
268 3051 372 3117 suam,
388 3031 567 3100 tenuiorem
580 3029 709 3122 quidem
722 3031 823 3116 illam,
837 3031 892 3100 sed
907 3032 962 3100 hei
974 3031 1136 3100 vocatione
1150 3032 1299 3121 primam,
1316 3041 1348 3100 et
1360 3052 1380 3100 a
1392 3052 1426 3102 se
1439 3031 1616 3102 multorum
1631 3053 1731 3102 auae

107 3169 180 3218 rum
193 3147 357 3217 laboribus
370 3156 543 3236 utcumque
558 3147 674 3216 cultam
679 3167 762 3235 ,pro
777 3147 977 3236 locupletiari
990 3145 1387 3237 quacumquedimitterct,
1398 3147 1479 3216 illud
1492 3146 1655 3236 adjiciens,
1668 3170 1729 3220 ase
1752 3170 1835 3215 saa-aa

104 3265 291 3356 perbeatum
313 3262 524 3347 futurum,s1
539 3262 577 3330 de
591 3261 652 3330 hoc
674 3263 785 3330 saltem
805 3261 927 3330 minuto
950 3261 1131 3331 concredito
1153 3260 1215 3330 sihi
1233 3281 1352 3351 grege,
1369 3259 1472 3352 deque
1485 3283 1549 3331 noa
1562 3263 1641 3332 adeo
1654 3263 1728 3334 inde
1742 3243 1779 3336 'ii
1781 3233 1846 3338 ii*

102 3381 229 3469 magnis
243 3379 380 3468 acceptis
393 3377 653 3463 emolumentis,'
644 3397 678 3444 ιιι
694 3377 746 3445 die
760 3377 887 3446 llamini
898 3387 983 3446 recte
995 3376 1187 3467 respondere
1200 3376 1310 3467 possit,
1325 3398 1400 3446 cum
1415 3387 1447 3447 et
1459 3378 1499 3447 de
1512 3378 1594 3447 hene
1612 3352 1765 3450 curatis⁸
1748 3367 1785 3461 ἰ,
1771 3353 1842 3472 ,5⁰³1ss

102 3497 238 3582 animis,
254 3493 336 3563 etde
350 3504 434 3562 reete
454 3493 600 3582 expensis
622 3492 767 3582 pecuniis
783 3501 860 3560 tunc
881 3491 1044 3604 reddenda
1059 3493 1100 3562 sit
1111 3493 1194 3562 ratio
1214 3493 1368 3580 emetiar,
1384 3514 1482 3585 quam
1500 3495 1650 3614 mortales
1662 3491 1729 3566 iero

99 3620 419 3702 putentauteurent
433 3633 452 3673 ιι

153 3726 234 3795 hlosi
255 3725 316 3793 hae
336 3723 478 3811 elogium
500 3722 553 3791 dat
578 3725 612 3792 S.
635 3715 817 3814 Scriptura,
842 3725 929 3814 quod
949 3725 1246 3796 sueritmortelium
1268 3726 1555 3798 mansuetissimus.
1576 3731 1610 3798 S.
1632 3729 1727 3800 Basi-
1740 3741 1845 3850 ιἒῐᾱιὲιειο

96 3841 165 3912 lius
184 3841 286 3908 lloses
305 3835 497 3908 Christianus
518 3858 577 3907 saa
599 3839 755 3907 constanti
771 3838 967 3929 benignitate
985 3840 1065 3910 uicit
1082 3840 1296 3930 adversarios,
1315 3842 1365 3910 uti
1379 3842 1420 3913 de
1433 3863 1471 3912 ea
1489 3841 1651 3914 scribitS.
1667 3845 1729 3914 Na·

94 3957 280 4026 mauranus.

143 4073 263 4156 Tuam,
278 4069 489 4140 lllustrissime
502 4072 650 4155 Domine,
672 4071 902 4141 humanitatem
918 4093 1029 4142 amnes
1042 4073 1212 4163 mirantur,
1232 4095 1297 4168 qua
1316 4093 1428 4145 omnes
1441 4075 1575 4146 comiter
1589 4076 1723 4168 excipis,

91 4187 275 4257 honorilice
295 4188 430 4273 miuus,
455 4186 605 4257 omuibus
625 4207 774 4256 serenam
795 4188 938 4274 vultum,
959 4209 1155 4275 sermonem,
1176 4200 1317 4259 menum
1344 4190 1487 4261 exhibes.
1516 4194 1580 4262 llac
1605 4194 1727 4263 ratione

91 4301 314 4372 [laudensium
326 4301 450 4371 animos
461 4303 495 4370 in
512 4303 559 4372 tui
571 4323 714 4373 amarem
730 4302 898 4390 attraxisti,
913 4304 1062 4374 scandala
1074 4305 1247 4392 sustulisti,
1261 4305 1511 4376 Ecclesiastieam
1526 4306 1728 4400 disciplinam

89 4417 279 4504 restituisti,
293 4418 452 4487 Parachos
465 4420 625 4490 solutioris
636 4420 708 4488 rita
727 4421 778 4489 vel
798 4420 962 4490 correxisti
982 4420 1034 4491 nel
1054 4420 1217 4508 amavisti,
1233 4431 1272 4491 ut
1288 4441 1392 4493 novus
1400 4425 1471 4512 jam
1484 4423 1632 4495 Ecclesia
1644 4428 1727 4494 Gen-

88 4534 207 4605 densis
220 4534 316 4618 nitar,
331 4533 398 4602 imo
416 4533 565 4623 splendor
578 4536 669 4626 quasi
681 4555 800 4605 aarum
811 4535 909 4625 jubar
922 4545 988 4606 tato
1008 4537 1119 4626 Belgio
1139 4537 1350 4628 resplendeat.
1374 4537 1464 4609 Sicut
1476 4539 1562 4608 enim
1580 4540 1725 4630 Belgium

87 4649 197 4735 orbis,
209 4649 442 4717 itaGandavum
453 4649 608 4720 Flandritc
618 4663 650 4720 et
660 4651 762 4741 Belgii
774 4660 822 4719 est
833 4651 964 4738 ocellus,
977 4653 1234 4723 Caralillinvieti
1246 4652 1460 4743 imperatoris,
1471 4664 1509 4723 ut
1518 4655 1580 4724 alia
1589 4665 1722 4742 taceam,

85 4764 196 4836 natali
210 4765 324 4832 clarus.
341 4763 422 4831 llinc
433 4762 498 4832 illae
521 4771 553 4832 te
574 4785 631 4854 per
643 4768 764 4856 plateas
784 4776 966 4835 transeunte
977 4767 1080 4856 plebis
1098 4768 1296 4838 mussitastis
1307 4789 1401 4839 voees
1416 4792 1425 4836 :
1443 4795 1462 4834 ιι
1477 4771 1525 4838 Εο
1539 4770 1654 4840 transit
1668 4790 1724 4839 an·

82 4881 199 4970 gelus.
220 4881 266 4947 En
287 4880 419 4966 angelus
439 4889 592 4948 noster.»
614 4881 853 4971 Sapientissima
869 4880 927 4950 illu
944 4885 997 4951 liei
1014 4883 1213 4973 providentia
1231 4904 1302 4973 qua
1315 4895 1417 4954 totum
1437 4885 1595 4955 muudum
1617 4885 1723 4955 divine

81 4994 267 5084 gubernat,
282 5004 361 5062 teste
374 4993 532 5083 Sapiente,
555 4996 821 5084 «attingitafine
842 5017 943 5088 usque
957 4997 996 5067 ad
1017 4999 1112 5066 linem
1133 5000 1268 5088 fortiter,
1284 5012 1316 5069 et
1334 4999 1475 5090 disponit
1491 5001 1598 5070 omnia
1619 5001 1723 5071 suari-

84 5119 153 5179 ter.
171 5135 191 5174 ιι
209 5113 297 5178 Hane
308 5109 457 5196 rmttarrs
472 5122 509 5178 ut
521 5112 676 5180 suavatate
689 5111 889 5182 drlliealtates
910 5115 1034 5184 molbas
1047 5125 1078 5183 et
1090 5127 1246 5206 penetres,
1261 5114 1449 5186 fortitudine
1463 5118 1600 5187 evincas.
1616 5120 1723 5208 ltaque
1843 5135 1848 5152 ·

80 5223 252 5316 quidquid
266 5223 373 5300 anima
386 5223 536 5305 destinas,
547 5227 679 5297 feliciter
691 5227 830 5315 conficis,
844 5238 876 5297 et
887 5229 930 5300 ad
941 5231 1061 5349 exitum
1076 5228 1235 5321 perducis
1250 5230 1363 5301 blerita
1372 5252 1449 5322 ergo
1462 5232 1621 5304 emblema
1631 5243 1721 5304 tuum

80 5349 188 5410 esto.
204 5340 352 5412 Soaoder
364 5341 545 5428 erraretur.

131 5455 267 5526 meis
256 5475 292 5524 tn
310 5454 466 5548 populum
489 5455 606 5527 dtrarm
627 5468 770 5536 materne
791 5459 855 5530 tuit
874 5461 1028 5554 charitas,
1044 5463 1187 5557 adeoque
1206 5484 1267 5555 pra
1286 5484 1325 5532 eo
1339 5462 1459 5555 opterit
1472 5463 1570 5534 deleri
1582 5465 1622 5534 de
1634 5465 1719 5534 lihro
1734 5470 1772 5518 0¹²·
