4194 6034
665 341 905 403 cunnnnninll
923 347 957 404 m
974 347 1132 417 amastri,
1150 359 1214 406 cir.
1233 347 1320 406 ml.
1755 351 1809 410 303

214 442 304 502 aaut
324 443 492 515 cusanus,
514 444 668 504 Labanum
688 445 720 505 in
741 450 830 508 corde
845 466 900 508 suo
913 455 970 509 stu·
1013 451 1141 510 batnon
1157 452 1256 510 solum
1269 452 1343 512 nihil
1356 467 1496 527 asperum
1510 455 1614 512 contre
1625 467 1696 514 eum
1710 453 1809 530 loqui·

177 526 284 597 tuisse,
298 543 360 584 non
372 529 433 600 pati
444 528 587 586 iacobum
601 545 638 586 ex
651 533 747 589 lieren
759 532 873 591 auferre
887 549 969 608 opes,
1013 540 1081 606 tur,
1103 537 1157 594 sed
1178 536 1254 594 siout
1275 540 1358 611 pater
1379 537 1475 595 tilium
1499 536 1610 594 blande
1630 539 1808 611 compellat,

177 624 254 682 ques
278 611 283 622 “
309 611 319 666 i
338 615 502 684 pepererat.
521 613 602 670 Unde
616 629 691 672 vers.
711 617 747 672 tt
760 616 800 673 ait
813 617 840 672 ei
854 617 968 674 Jacobs
1015 617 1114 676 dicens
1136 636 1145 674 z
1167 619 1245 688 Quid
1265 619 1378 677 iecisti?
1395 635 1487 693 quare
1501 619 1681 678 clandestino
1692 619 1809 678 absces-

180 693 289 750 «l'orsi
353 693 470 752 nudum
483 695 969 773 medimislsses3retquialaoob
1014 701 1179 760 sisiiiVide
1191 707 1303 776 quanta
1315 702 1451 772 mutatio,
1462 702 1532 760 ride
1545 702 1701 777 quomodo
1714 703 1740 761 is
1753 703 1808 777 qul

176 775 248 832 inde
259 775 335 832 olam
344 776 498 834 discedens
508 777 624 836 irritum
634 780 700 838 tecit
710 781 888 840 hoolabani
900 799 970 842 oon·
1013 788 1047 842 ut
1068 783 1162 842 hestia
1179 786 1360 858 insaniebat,
1374 785 1477 845 ovium
1493 785 1624 845 imitetur
1637 790 1808 846 mansuetu·

176 858 292 930 silium,
305 859 375 916 bino
395 860 453 917 dici
470 861 599 920 iuratum
617 864 681 935 ejus
700 880 766 934 cor,
780 866 812 922 in
825 881 887 940 quo
900 882 970 924 con·
1014 865 1153 924 dinem.»

177 941 278 1000 silium
298 942 376 1000 illud
392 941 516 1015 latebat,
538 944 673 1020 illudque
686 945 855 1006 clanculum
868 963 969 1006 secum
1023 966 1031 976 ·
1049 951 1089 1008 Ur
1102 965 1176 1010 cuna
1189 969 1238 1012 ur.
1253 985 1288 998 -
1300 954 1439 1014 liebraice
1452 971 1573 1014 rursum
1586 960 1647 1029 est,
1663 955 1806 1018 «iuratus

177 1024 280 1082 tulisse
294 1043 302 1081 ε
315 1028 359 1082 est
370 1027 553 1098 metonymia
567 1027 616 1100 (l).
1012 1047 1044 1091 es
1057 1048 1110 1091 cor
1123 1051 1265 1108 meum,r
1282 1037 1319 1096 de
1333 1055 1397 1113 quo
1411 1039 1474 1098 dixi
1483 1056 1561 1098 τετε.
1575 1043 1622 1101 m.

54 1107 162 1154 vast.
212 1109 259 1164 tl.
273 1111 354 1166 auur
370 1122 553 1180 rnrrsrusso,
567 1139 604 1154 -
616 1112 779 1186 Euphrate,
799 1114 854 1188 qui
873 1117 969 1172 llaran
1049 1118 1137 1185 Quart
1157 1133 1290 1178 crrrrrrs
1311 1136 1479 1194 aarum·
1491 1125 1578 1198 quasi
1599 1124 1682 1186 bello
1703 1131 1805 1203 captas

176 1194 206 1248 et
219 1191 458 1264 Mesopotamiam
471 1192 635 1250 circumdat
650 1211 658 1250 :
674 1194 742 1253 iecit
757 1196 790 1254 id
802 1197 893 1256 laoob
906 1213 969 1255 non
1011 1197 1140 1275 ideoque
1152 1218 1264 1276 serras,
1277 1204 1338 1263 siro
1348 1206 1497 1281 mancipia
1508 1207 1557 1280 (2).

176 1291 231 1349 per
244 1275 431 1346 miraculum,
442 1275 485 1332 uti
496 1275 614 1349 fingunt
626 1279 730 1352 ludaei,
741 1281 794 1339 sed
801 1295 855 1354 per
868 1281 969 1340 nerim
1047 1284 1093 1340 38.
1107 1287 1202 1343 Frrros
1214 1301 1302 1360 aros,
1315 1318 1352 1333 -
1365 1292 1487 1362 nepotes
1500 1305 1538 1348 ex
1549 1290 1678 1352 filiabus.
1819 1294 1878 1341 vcn.
1886 1299 1922 1344 ¹⁸·

175 1359 368 1418 ordinariam.
1047 1366 1092 1423 33.
1106 1367 1252 1426 Scaurum
1263 1384 1402 1440 oumoum
1420 1387 1536 1432 ruoauu
1556 1374 1612 1447 (de
1624 1377 1683 1434 tuis
1695 1377 1803 1453 rebus)
1818 1381 1878 1426 rare.
1888 1383 1921 1428 tt·

55 1443 162 1486 amrs.
209 1445 257 1501 33.
275 1447 305 1500 lu
325 1457 420 1502 nourr
441 1445 575 1516 Germe,
588 1443 691 1518 -qui
711 1449 816 1518 postea
836 1461 913 1503 vers.
932 1449 968 1504 18
1010 1463 1086 1507 aruo
1110 1466 1149 1509 nr
1171 1466 1333 1524 suasuram,
1347 1469 1382 1512 rr
1401 1470 1503 1514 tumn.
1517 1457 1679 1529 -llystice
1693 1459 1721 1518 S.
1736 1468 1804 1518 Am-

176 1527 272 1586 diotus
285 1532 328 1586 est
341 1527 452 1586 Gulaad
470 1546 478 1586 :
493 1531 537 1586 est
550 1527 711 1602 prolapsio,
723 1529 762 1587 de
775 1529 886 1588 Galaad
898 1529 968 1588 ride
1010 1529 1144 1604 brosius,
1159 1533 1212 1593 lib.
1226 1538 1248 1593 ll
1259 1539 1299 1594 lic
1309 1539 1408 1605 Jacob,
1423 1554 1489 1611 cap.
1505 1555 1544 1596 v:
1561 1540 1672 1598 «Venit
1681 1541 1721 1599 ad
1734 1558 1804 1602 eum

175 1612 399 1670 adrichomium
412 1611 444 1669 in
458 1613 544 1668 Tetra
557 1618 664 1669 sancta.
1011 1614 1125 1688 naban,
1147 1618 1259 1692 inquit,
1276 1619 1309 1677 id
1329 1624 1374 1678 est
1397 1620 1567 1693 dealbatus,
1589 1626 1663 1696 putu
1684 1624 1804 1684 Satanas

54 1691 161 1736 iwi-
209 1697 257 1752 25.
268 1698 438 1765 inarmans,
449 1694 591 1752 -velida
603 1709 696 1752 manu
708 1697 913 1768 cognatorum,
925 1695 968 1754 ia·
1012 1697 1022 1770 (
1030 1699 1100 1770 quia
1121 1705 1150 1756 et
1169 1702 1289 1759 Satanas
1302 1703 1493 1776 transfigurat
1511 1720 1542 1762 εε
1555 1703 1587 1761 in
1605 1705 1745 1778 angelum
1758 1707 1805 1766 lu·

174 1778 327 1834 mulorum
337 1782 366 1834 et
379 1777 499 1836 civium.
611 1834 613 1838 ,
1010 1781 1082 1854 cis),
1096 1786 1126 1842 et
1138 1785 1226 1857 coepit
1239 1784 1278 1842 ab
1292 1801 1329 1843 ao
1343 1803 1398 1843 sua
1410 1786 1571 1860 requirere.
1587 1789 1748 1862 Respondit
1758 1792 1804 1848 la-

52 1856 160 1903 vnto.
208 1864 255 1918 26.
270 1863 350 1918 nnn
359 1861 478 1934 (Leban)
488 1877 526 1919 au
539 1863 625 1919 ireos
636 1879 643 1918 :
653 1864 752 1932 Quare
763 1877 811 1920 rra
823 1865 967 1922 sorsrrl-
1009 1864 1067 1923 oob
1083 1865 1180 1924 tliibil
1192 1871 1313 1926 tuorum
1328 1868 1436 1927 habeo.
1451 1872 1554 1940 Quaere
1568 1871 1593 1928 si
1606 1871 1682 1945 quid
1695 1887 1803 1945 agnos-

173 1943 677 2002 ilidehicrnrsuminrcrbisluban
687 1946 839 2017 ingenium
849 1947 965 2005 mundi.
1009 1947 1050 2004 cis
1066 1952 1185 2007 tuorum
1198 1949 1339 2010 vitiorum
1359 1957 1388 2010 et
1406 1953 1582 2024 eriminum,
1595 1955 1671 2012 nihil
1684 1970 1802 2016 mecum

172 2029 246 2085 liam
257 2031 358 2099 primo,
369 2026 437 2084 licet
449 2027 534 2084 sciret
543 2043 573 2084 se
584 2027 710 2102 perfidia
721 2044 775 2085 sua
786 2044 907 2087 oausam
916 2030 966 2088 de·
1008 2029 1118 2089 abstuli
1133 2033 1273 2092 fraudum
1290 2038 1423 2104 tuarum,
1437 2034 1560 2110 dolique
1575 2036 1722 2096 consortia
1740 2038 1803 2099 ulla

173 2113 251 2172 disse
261 2114 342 2184 justo
354 2111 502 2182 fugiendi,
515 2112 547 2168 id
560 2115 659 2170 tamen
673 2111 967 2182 dissimulat,etom-
1008 2127 1071 2170 non
1092 2114 1189 2174 habeo
1205 2133 1213 2172 τ
1228 2115 1329 2173 omnia
1342 2121 1393 2174 tua
1411 2120 1554 2192 tanquam
1574 2119 1744 2192 contagium
1757 2137 1803 2179 re·

173 2211 243 2254 nem
266 2195 386 2269 culpam
408 2195 439 2252 in
458 2195 572 2266 iustum
596 2195 702 2266 rejicit,
718 2197 746 2251 et
763 2210 832 2251 eum
846 2193 967 2254 deberet
1006 2193 1080 2266 lugi.
1102 2199 1136 2255 Et
1154 2198 1290 2271 quaesivit
1313 2199 1428 2270 laban,
1446 2204 1475 2258 et
1493 2201 1567 2259 nihil
1580 2217 1669 2260 suum
1683 2203 1800 2276 reperit.

173 2279 325 2353 deprecari
338 2278 475 2350 culpam,
493 2291 527 2334 ae
538 2276 652 2348 justum
663 2277 871 2348 reconciliare,
885 2277 965 2336 ultro
1008 2278 1104 2346 Quam
1117 2278 1222 2338 beatus
1234 2279 1296 2351 vir,
1311 2281 1343 2338 in
1356 2297 1424 2356 quo
1433 2281 1570 2342 iuimicus
1584 2284 1658 2342 nihil
1671 2285 1800 2358 invenit,

90 2423 95 2432 ,
172 2361 422 2433 camaracinse
437 2363 964 2435 mundussuapecoatodissimulat,
1007 2361 1193 2433 quodsuum
1213 2363 1438 2436 possetdicere,
1452 2365 1559 2440 inquo
1573 2366 1800 2428 diabolusnibil

132 2481 137 2492 ·
172 2451 201 2506 et
213 2463 334 2505 omnem
348 2447 467 2520 eulpam
478 2447 509 2502 in
519 2447 586 2520 pios
595 2446 694 2516 rejicit.
706 2447 751 2504 Sic
761 2445 860 2504 Achab
872 2445 965 2504 liliam
1007 2441 1145 2514 offendit,
1159 2445 1244 2517 quod
1257 2459 1346 2502 suum
1359 2449 1546 2518 agnosceret!
1560 2449 1745 2523 impossibile
1758 2451 1801 2508 vl-

139 2513 147 2526 ’
172 2530 344 2588 criminatur
364 2530 450 2603 quod
469 2528 602 2587 turbaret
623 2529 725 2600 lsrael,
745 2545 814 2588 eum
833 2529 897 2603 ipse
910 2529 964 2588 im·
991 2525 1134 2582 debatur
1145 2525 1226 2584 istud
1238 2526 1269 2582 iu
1281 2527 1412 2598 homine,
1423 2529 1476 2585 sed
1486 2533 1593 2603 typum
1605 2531 1727 2602 gerebat
1737 2533 1801 2604 ejus

172 2615 241 2689 pius
259 2627 313 2671 rex
334 2614 396 2670 suis
414 2612 542 2686 peccatis
554 2627 645 2670 causa
657 2615 732 2670 esset
744 2613 905 2670 malorum.
919 2613 964 2670 Se-
1006 2608 1060 2682 qui
1074 2607 1148 2666 dixit
1159 2609 1191 2666 in
1205 2609 1363 2681 Evangelio
1378 2627 1386 2666 ε
1401 2611 1485 2669 Venit
1496 2612 1586 2684 hujus
1599 2613 1705 2671 muudi
1720 2615 1802 2689 prin-

171 2698 274 2768 euodo‚
287 2695 388 2754 bahan
398 2696 485 2768 tingit
496 2713 527 2754 se
539 2696 683 2766 amicum,
692 2712 762 2753 cum
773 2699 849 2753 esset
862 2696 966 2754 adrer-
1006 2705 1086 2764 ceps,
1096 2695 1125 2749 et
1137 2692 1168 2748 iu
1182 2708 1229 2751 me
1242 2692 1371 2750 inveniet
1380 2693 1464 2752 nihil.
1474 2695 1548 2752 Nihil
1562 2698 1606 2754 est
1618 2695 1699 2754 enim
1712 2697 1799 2770 quid·

172 2780 287 2839 sarius:
303 2781 364 2836 oili
378 2795 574 2853 prosequerer
587 2785 630 2851 te,
645 2780 755 2853 inquit,
769 2795 839 2838 cum
852 2778 964 2850 gaudio
1006 2774 1135 2848 quidest
1148 2775 1798 2854 diaboli,quodnullampotestbabereper-

121 2887 123 2892 ·
172 2869 202 2923 at
213 2864 347 2934 canticis,
362 2882 377 2918 r
392 2867 447 2920 etc.
461 2863 506 2920 Sic
519 2864 650 2920 mundus
662 2863 745 2921 aliter
756 2863 900 2936 loquitur,
912 2863 965 2921 ali·
1005 2857 1177 2932 petuitetem
1189 2863 1279 2933 atque
1292 2859 1486 2918 substantiam
1501 2862 1578 2933 (3).»

171 2951 216 3006 ter
236 2947 324 3004 sentit
344 2963 352 3004 τ
373 2963 418 3004 vae
440 2944 609 3021 duplicibus
622 2947 727 3004 corde!
745 2949 850 3013 Tertio,
863 2947 965 3020 prodit
983 2993 988 3002 .
1041 2943 1087 2998 34.
1102 2941 1210 2998 Sumsit
1222 2956 1402 3012 eminam,
1414 2943 1518 3000 -sub
1532 2943 1646 3002 clitellis
1660 2945 1711 3020 (l).
1813 2963 1871 3008 verr.
1883 2967 1916 3009 ta

171 3046 258 3088 snam
279 3030 459 3103 impietatem
480 3035 510 3086 et
529 3030 699 3101 stultitiam,
712 3045 782 3087 eum
797 3029 860 3088 ait:
878 3031 964 3088 «cua
1040 3025 1086 3081 35·
1098 3027 1187 3082 terra
1200 3037 1433 3082 nonsummum
1444 3041 1695 3099 serratam-q.
1706 3028 1735 3085 ct.
1747 3031 1800 3088 le-
1813 3046 1915 3092 imas.

170 3112 285 3171 furatus
309 3129 341 3171 cs
362 3113 436 3171 deos
455 3113 588 3170 meost»
614 3112 772 3185 impietatis
796 3114 852 3180 ast,
880 3111 963 3185 quod
1004 3104 1082 3163 boro
1102 3105 1188 3163 fluxu
1210 3112 1447 3180 menstruorum,
1468 3107 1537 3166 ideo
1554 3109 1799 3183 premurmrtate

170 3197 254 3255 idola
270 3195 340 3253 colit
360 3213 368 3251 ε
391 3195 535 3266 stultitia,
548 3194 633 3268 quod
646 3195 719 3252 deos
732 3194 802 3252 dicit
807 3235 816 3264 ‚
831 3193 884 3267 qui
898 3209 930 3251 sa
944 3211 964 3254 a
1004 3203 1158 3260 assurgere
1171 3203 1233 3246 uon
1246 3204 1381 3262 possum.

170 3279 288 3338 iuribus
300 3279 447 3336 custodire
460 3283 620 3351 nequeunt.
636 3279 755 3348 Quane,
769 3277 830 3334 ait:
848 3277 963 3336 «Stulte
1039 3274 1086 3330 36.
1095 3275 1277 3343 lunensem,
1285 3287 1392 3347 -prae
1404 3273 1450 3332 irn
1462 3276 1491 3332 el
1503 3273 1706 3347 indignatione
1718 3277 1799 3350 lusto
1812 3295 1870 3338 rea.
1882 3297 1915 3342 rt.

171 3364 270 3435 egisti3
285 3382 301 3417 r
316 3361 484 3418 siemundo
498 3361 621 3418 stultum
633 3361 751 3417 ridetur
760 3359 909 3434 quidquid
920 3360 963 3434 pii
1004 3356 1112 3429 iacob,
1136 3356 1209 3415 alias
1222 3357 1395 3416 mitissimus
1411 3377 1419 3416 ε
1433 3359 1504 3418 lassa
1517 3361 1598 3418 euim
1611 3362 1753 3438 patientia
1764 3363 1799 3422 at

169 3445 282 3504 iaciunt
288 3465 298 3516 3
309 3460 372 3501 non
385 3445 471 3501 stulte
484 3445 543 3515 egit
552 3445 650 3515 Justus
664 3459 823 3518 oppressus
836 3444 963 3516 patriam
1003 3442 1098 3501 lutor.

169 3527 350 3602 repetendo,
363 3527 416 3586 sed
429 3527 515 3585 stulta
529 3528 590 3599 egit
603 3527 734 3584 mundus
752 3527 897 3584 coelestem
910 3543 963 3600 pa·
1040 3528 1086 3585 33.
1109 3530 1167 3584 liro
1184 3539 1295 3584 camur
1314 3540 1335 3583 Δ
1355 3541 1453 3584 rrsru
1471 3541 1588 3586 osrsrru
1608 3543 1677 3587 τιτι.
1691 3559 1728 3573 -
1740 3532 1798 3589 Lex
1813 3542 1871 3587 vm.
1881 3546 1915 3590 st.

169 3611 259 3668 mam
268 3609 496 3667 contemnendo.
510 3611 625 3678 Quinto,
638 3610 811 3681 arrogantie
824 3613 867 3667 est
880 3611 964 3683 quod
1004 3608 1157 3683 pastoritia
1174 3612 1232 3679 est,
1253 3612 1303 3679 ut,
1317 3609 1342 3666 si
1356 3608 1419 3666 sine
1432 3610 1559 3682 pastoris
1573 3611 1663 3685 eulpa
1675 3627 1766 3686 pecus
1781 3629 1800 3670 a

171 3693 243 3753 dicit
257 3711 266 3748 ε
284 3692 391 3748 «Valet
401 3708 508 3749 manus
520 3708 588 3749 mea
599 3693 722 3749 reddere
736 3691 790 3748 tibi
803 3691 960 3764 malum3»
1003 3691 1074 3749 ieris
1093 3696 1226 3758 necetur,
1244 3695 1363 3750 ostensa
1376 3690 1500 3750 domiuo
1514 3696 1598 3765 parte
1611 3695 1714 3768 aliqua
1726 3696 1799 3752 resi-

170 3777 214 3835 sio
235 3775 368 3832 mundus
388 3789 504 3847 semper
517 3774 670 3848 presumit
683 3774 721 3831 de
734 3773 881 3847 potentia,
894 3790 963 3832 oum
1006 3776 1082 3844 dun,
1101 3790 1187 3832 norm
1209 3777 1311 3848 pastor
1328 3773 1494 3846 eximatur3
1515 3790 1562 3830 res
1577 3775 1657 3832 enim
1670 3792 1798 3851 quaeque
1865 3813 1867 3818 κ

171 3859 246 3916 sciat
266 3873 298 3914 se
316 3855 392 3913 nibil
413 3863 517 3916 contra
534 3859 627 3914 licum
643 3872 743 3930 posse.
760 3859 962 3930 «arrogantia
1006 3857 1130 3917 domiuo
1151 3872 1207 3914 suo
1228 3857 1319 3930 perit,
1341 3857 1399 3914 nisi
1417 3858 1507 3931 eulpa
1527 3857 1659 3915 custodis
1675 3859 1801 3917 interve·

170 3943 253 4016 eius,
266 3940 363 4015 inquit
375 3941 479 4012 isaias,
493 3956 558 4016 cap.
570 3956 634 4012 xm,
648 3942 808 4015 plusquam
821 3942 964 4002 tortitudo
1007 3941 1077 4000 niet.
1102 3942 1209 3997 Verum
1230 3939 1308 3996 bano
1328 3939 1425 4010 legem
1445 3955 1507 3998 uon
1526 3941 1653 3998 servavit
1665 3942 1759 4001 durus
1772 3946 1801 4001 et

172 4029 273 4100 aius.»
289 4029 413 4084 Demum
426 4031 540 4097 tamen,
553 4027 624 4084 velit
637 4027 724 4090 nolit.
740 4026 872 4084 confiteri
885 4028 966 4099 cogi·
1006 4023 1133 4096 injustus
1151 4020 1267 4091 baben,
1281 4020 1335 4093 qui
1353 4020 1498 4080 iacobum
1516 4022 1637 4082 volebat
1658 4039 1721 4084 uon
1738 4027 1801 4085 oul-

171 4115 221 4169 tur
231 4111 399 4180 veritatem,
413 4125 444 4167 se
457 4109 591 4167 videlicet
604 4127 622 4167 a
636 4111 761 4168 Domino
772 4109 924 4182 prohiberi
937 4113 966 4168 et

172 4192 316 4251 cobiberi.
331 4192 411 4248 Unde
424 4193 452 4250 S.
467 4191 707 4265 Chrysosiomus,
721 4195 791 4249 lom.
805 4197 850 4263 57,
864 4192 965 4250 multis
1040 4168 1163 4276 (²)an
1181 4173 1221 4219 ²⁷·
1237 4169 1337 4298 Νἳὲιῗω
1356 4179 1399 4260 fi?
1413 4172 1800 4303 9:¹⁰ff‘5wi0‘iwmfflimm

173 4275 316 4348 exemplis
329 4276 470 4344 ostendit,
485 4291 577 4350 quana
592 4279 667 4332 Deus
680 4275 782 4333 iacobi
795 4282 823 4332 et
837 4276 964 4333 aliorum
1007 4256 1277 4381 ffifssngrffl&
1285 4261 1464 4382 ,fflffin't’
1475 4265 1686 4383 atqfflffitgm
1698 4267 1800 4374 mffl

169 4359 319 4430 justorum
332 4357 440 4415 habeat
453 4375 566 4427 curam,
579 4359 654 4416 adeo
667 4363 700 4416 ut
713 4375 775 4415 non
787 4362 901 4416 tantum
911 4359 967 4418 ho·
1007 4395 1094 4452 parte,
1105 4393 1150 4438 ,ut
1163 4387 1242 4437 etiem
1258 4393 1365 4450 utraque
1378 4389 1477 4452 clausa,
1492 4391 1577 4453 qualia
1589 4397 1649 4442 aaut
1666 4405 1724 4456 qu„
1738 4403 1801 4444 mm,

172 4442 269 4500 mines
287 4439 438 4510 efferam-⁹²»
461 4439 515 4498 sed
535 4440 611 4498 feras
631 4441 711 4514 ipsas
727 4442 829 4498 d⁰m03
846 4445 875 4498 θῑ
887 4441 966 4497 oicu-
1007 4457 1328 4519 toarsuetasqueatiallis
1340 4459 1515 4510 somniariis
1530 4461 1644 4511 saltando
1659 4462 1799 4514 utebantur

172 4529 232 4594 ret,
245 4539 284 4580 ne
300 4523 343 4579 eis
362 4527 488 4594 noceant
502 4541 510 4579 ε
528 4524 605 4580 elici
621 4524 700 4580 euim
715 4539 821 4580 manus
828 4565 839 4594 ,
853 4523 965 4596 inquit,
1008 4529 1119 4580 terniue.

173 4605 322 4680 potentior
332 4609 376 4662 est
388 4605 540 4675 omnibus,
549 4605 615 4679 ipsa
624 4622 680 4663 nos
690 4605 891 4678 undequaque
900 4622 967 4663 mu·
1038 4597 1077 4666 1³)
1089 4599 1214 4682 ⁸⁰⁰0¹¹f¹²⁸
1224 4600 1337 4677 ΜΗΘ»
1352 4596 1410 4647 '⁰⁰1
1423 4606 1492 4660 ΜΡ
1500 4599 1629 4682 ³PR⁰⁸R¹²⁸
1641 4607 1711 4652 ’Μ
1723 4601 1801 4654 ΜΝ

174 4689 218 4746 nit
230 4693 259 4745 et
276 4683 402 4746 invictos
421 4687 500 4745 facit.
516 4687 548 4744 ld
561 4688 646 4760 quod
663 4692 692 4744 et
708 4687 739 4742 in
751 4689 830 4757 iusto
844 4687 901 4744 hoo
916 4689 966 4745 de·
1008 4681 1089 4718 ‘mm
1101 4669 1223 4787 {samm
1236 4667 1445 4787 ”⁰⁵¹”{5⁰{²⁸⁸‘⁰
1459 4683 1519 4720 ⁰⁰¹⁰
1530 4683 1563 4721 ²¹⁸
1574 4671 1799 4792 qussip'ffium‘

173 4772 317 4830 erratum
336 4777 388 4829 est·
402 4773 476 4829 nam
489 4770 760 4844 onerarere
774 4771 967 4843 comerrien·
1009 4739 1354 4870 liiidittiitiai
1369 4745 1495 4873 ,inii
1508 4753 1623 4874 iiiiii
1636 4755 1802 4876 balii

174 4857 244 4917 dere
264 4853 370 4927 Jacob,
389 4859 418 4912 el
435 4869 556 4928 poessam
567 4852 645 4924 fug&
658 4853 695 4914 de
709 4853 967 4911 00⁵um01‘0V010·
1010 4879 1086 4930 rebus
1098 4877 1157 4927 tuis.
1172 4877 1210 4928 Cl.
1228 4890 1291 4927 vers.
1305 4881 1345 4927 37.
1496 4909 1506 4924 .

241 4955 244 4960 ¹
694 4984 698 4992 .
1043 4947 1078 5012 (i)
1099 4947 1171 4997 seila
1185 4946 1331 5012 camelina,
1349 4960 1400 5011 qna
1419 4947 1479 4998 rabi
1499 4950 1608 5016 solebat,
1629 4966 1736 5018 quaeque
1757 4967 1804 5020 per

206 5013 881 5082 (l)cornetanlrsrri.1abanemhicrooarisrrrm
890 5015 967 5066 multi
1011 5025 1112 5069 noctem
1128 5017 1156 5067 in
1168 5017 1308 5069 tentorium
1322 5018 1378 5081 ejus
1393 5018 1502 5081 reposita
1515 5019 1607 5087 luerat,
1619 5023 1726 5075 Rachela
1738 5023 1803 5074 inso-

176 5094 280 5152 putaut,
301 5101 352 5138 uon
371 5093 402 5137 ut
417 5085 502 5150 patria
516 5088 571 5150 ejus
583 5085 706 5148 signetur,
719 5085 762 5134 sed
776 5091 805 5135 ut
821 5084 870 5135 riri
885 5097 969 5136 mores
1011 5089 1065 5152 dit,
1077 5094 1199 5150 tanquam
1216 5087 1244 5137 in
1258 5087 1335 5138 sedile
1353 5087 1474 5153 aliquod,
1487 5097 1533 5140 aut
1553 5091 1674 5143 lectulum
1691 5105 1803 5144 murmo-

175 5164 307 5221 notentur,
320 5157 381 5220 quia
397 5149 455 5219 Sari
473 5157 506 5206 ab
520 5155 700 5219 antiquissimis
717 5155 874 5218 temporibus
891 5155 967 5206 habe-
1011 5157 1117 5208 dieram.
1137 5156 1312 5208 ruidnarmus
1328 5158 1398 5208 enim
1417 5158 1524 5223 aliisque
1542 5161 1693 5213 utensilibus
1709 5161 1802 5213 instrui

175 5227 270 5276 bantur
294 5225 390 5276 ceteris
412 5225 558 5276 hominibus
586 5224 742 5287 callidiores,
760 5237 783 5284 q.
803 5227 828 5274 ci.
849 5224 966 5288 scriptor,
1010 5227 1090 5277 solent
1106 5226 1145 5277 lm
1158 5227 1232 5276 sellas.
1244 5229 1371 5278 cartarum
1387 5229 1521 5280 Penatium
1534 5237 1717 5296 satraparum
1730 5235 1801 5272 ...aar

174 5297 316 5356 bahanem,
330 5295 448 5358 quamvis
459 5295 578 5346 callidum
586 5331 595 5358 ,
607 5301 637 5344 ut
649 5295 725 5357 vulgo
741 5293 798 5355 Syri
810 5305 862 5346 esso
875 5295 969 5358 solent,
1013 5294 1098 5360 (conl.
1109 5295 1262 5359 Virgilium,
1273 5301 1367 5346 macic.
1379 5298 1415 5360 ll,
1427 5301 1499 5362 ito),
1510 5299 1579 5352 unde
1591 5301 1687 5354 imiter·

175 5365 295 5416 delusum
309 5371 395 5420 tamen
410 5364 532 5417 alacobo
545 5363 707 5430 prudentiore
722 5363 807 5417 luisse.
1012 5365 1083 5418 modi
1098 5367 1157 5418 solla
1170 5365 1294 5418 amenus
1306 5367 1424 5420 discordi
1436 5375 1550 5434 potuero.
