4212 6034
198 427 199 430 ’
298 412 354 474 tat
778 411 1021 470 ΟΟΜΜΕΝΤΛΒΙΑ
1038 413 1072 472 ΙΝ
1090 413 1251 484 claustri,
1267 426 1331 474 w.
1350 417 1451 478 xxiii.

298 521 417 594 iuuerit
429 515 560 592 captivos
573 531 677 578 omnes
695 517 820 590 remitti,
833 521 862 578 ct
878 517 960 580 hona
977 518 1092 596 direpta
1167 521 1343 592 theodatus,
1358 523 1520 580 Gothorum
1528 537 1591 591 rer,
1605 520 1686 582 hello
1698 520 1834 596 undique
1845 531 1929 595 pree·

301 619 368 676 quar
381 607 568 676 supererant,
581 602 705 661 restitui.
1134 619 1201 675 aus,
1215 604 1255 662 ad
1268 605 1464 665 sastinianum
1478 607 1689 678 imperatorem
1706 605 1786 662 misit
1799 605 1929 677 legatos,

183 697 288 748 tnta.
336 690 383 746 30.
405 691 557 746 Tunuasrrs
579 687 830 746 aa.-Turhastis
851 703 949 746 meam
963 690 1092 747 menum
1133 701 1238 761 pacem
1250 692 1370 761 petens,
1383 690 1470 763 eique
1479 692 1574 746 toturn
1583 690 1735 748 Gallorum
1745 691 1775 746 et
1787 691 1930 748 italorum

301 774 383 832 ructu
402 775 431 828 ct
448 787 573 842 engere,
594 771 667 844 quia
685 772 808 831 anxium
830 775 858 830 et
877 771 1022 845 pauidum
1043 787 1093 830 ma
1134 771 1294 844 imperium
1308 771 1435 830 obtulit:
1450 777 1633 846 portaerero
1645 789 1682 831 ex
1696 773 1815 830 interitu
1825 773 1928 830 lluudi

301 853 409 919 lecistis
423 855 528 916 :valde
539 855 619 915 euim
630 859 731 914 metuo
745 871 782 912 na
795 856 1016 928 Chauauoeipro
1027 856 1093 913 riu·
1136 853 1220 912 ducis
1240 854 1395 912 iustiniani
1413 856 1578 927 animatus,
1592 857 1684 916 fidem
1704 855 1824 927 fatetur,
1845 871 1931 915 arma

302 939 512 1000 dictasuoruru
519 938 1094 1010 Sichinritaruruinmactrosinsurgont.
1136 936 1242 1008 movit3
1254 937 1307 994 sed
1320 937 1351 994 in
1364 938 1399 994 iis
1412 938 1566 1008 occubuit,
1581 943 1670 1013 etque
1684 956 1703 996 a
1718 941 1779 996 auis
1796 939 1931 997 interiec-

302 1023 436 1090 Scoundo,
450 1023 590 1082 turbastis
610 1041 708 1081 meam
722 1023 848 1096 famum,
861 1024 933 1098 quia
952 1037 1018 1080 eam
1032 1028 1095 1082 taur
1136 1023 1183 1080 tue
1193 1024 1237 1078 est
1246 1036 1325 1078 nuuo
1334 1021 1420 1092 regui
1428 1021 1525 1079 tertio.
1534 1023 1576 1079 lta
1584 1023 1744 1098 Procopius
1750 1027 1778 1080 et
1785 1023 1930 1081 Blondus.

302 1107 406 1166 infami
419 1109 499 1168 cado
511 1107 690 1180 maculastis,
703 1109 814 1180 etquia
824 1125 871 1168 me
883 1107 1022 1166 odiosum
1035 1107 1095 1180 (ho-
1171 1103 1353 1177 aistulphus,
1373 1104 1639 1176 longobardorum
1657 1122 1724 1178 rex,
1739 1108 1811 1181 quia
1828 1111 1933 1166 contra

303 1190 403 1248 braioe
415 1189 573 1263 foeuntem)
587 1191 695 1250 fecistis
707 1191 888 1250 Chananaeis.
910 1193 1014 1256 Tertio,
1035 1194 1098 1248 tur·
1138 1187 1238 1246 datam
1247 1187 1339 1246 iidem
1348 1187 1488 1258 Gregorio
1500 1189 1535 1246 lli
1545 1188 1677 1246 Pontifici
1686 1189 1944 1260 nmainterohat„

304 1273 396 1332 hastis
410 1275 539 1348 quietem
555 1274 675 1336 familiae
688 1291 776 1347 meu,
793 1275 865 1350 quia
882 1289 948 1332 eam
962 1274 1095 1346 periculo
1138 1267 1271 1328 Pontifex
1290 1270 1371 1343 pacis
1388 1269 1550 1328 formulam
1570 1271 1608 1328 de
1624 1271 1739 1330 vexillo
1753 1271 1848 1329 crucis
1867 1287 1933 1329 cue

304 1359 384 1418 necis
398 1363 427 1418 ct
442 1359 626 1432 spoliationis
638 1360 794 1433 reciprocae
807 1357 984 1432 exposuistis
988 1398 999 1428 ,
1014 1356 1097 1430 apud
1137 1368 1273 1428 peneum,
1288 1353 1427 1412 exercitui
1437 1353 1568 1427 praeterii
1579 1355 1703 1424 curauit,
1714 1355 1828 1412 cunctis
1839 1358 1932 1414 haunt

305 1443 419 1504 ricinos
430 1444 662 1518 circumquaque
675 1444 843 1502 Palaestinos
858 1442 907 1519 (l).
1138 1439 1243 1496 eontra
1262 1437 1413 1511 pertidum
1432 1437 1585 1498 hominem
1606 1437 1814 1498 invocantibus
1829 1456 1837 1496 r
1852 1439 1933 1497 unde

191 1525 284 1578 ‘uidit
341 1531 414 1588 Nota
428 1546 436 1586 r
451 1527 576 1587 Perfidia
588 1528 631 1586 uti
640 1531 668 1585 ct
677 1527 851 1600 perjurium,
860 1526 988 1584 muime
999 1523 1098 1584 turbat
1139 1520 1283 1595 aPipiuo
1305 1521 1446 1580 subactus
1471 1521 1659 1596 histulphus,
1683 1523 1789 1581 misere
1812 1523 1933 1582 umam

154 1621 157 1628 '
188 1592 294 1700 irai?
307 1613 475 1672 convictum
488 1617 517 1671 et
529 1611 698 1670 societatem
710 1610 879 1680 hominum,
895 1609 1097 1682 ideoquetum
1138 1605 1236 1679 periit.

221 1719 266 1760 tar.
307 1701 394 1769 heus,
408 1713 500 1770 quarn
512 1697 648 1756 hominos
666 1711 733 1754 eam
745 1694 841 1751 solent
854 1693 992 1766 persequi
1005 1695 1034 1748 et
1052 1691 1099 1748 ul·
1175 1691 1296 1748 Carolus
1311 1691 1499 1764 Burgrrudua
1514 1692 1614 1750 audax
1626 1696 1656 1750 et
1671 1691 1813 1762 invictus,
1831 1692 1863 1748 in
1880 1693 1935 1750 Lo·

188 1775 386 1840 maurnai.
406 1783 448 1840 ita
462 1781 595 1839 sedeciae
614 1779 729 1836 uioiana
746 1777 843 1835 ioedua
860 1793 929 1834 curn
944 1766 1099 1833 Nabu'cho-
1140 1773 1285 1847 thuringia
1306 1777 1360 1833 250
1382 1776 1526 1834 Helvetios
1548 1775 1607 1834 fide
1630 1775 1848 1834 circumventos
1871 1791 1935 1834 sua·

308 1865 455 1922 douosere
467 1865 588 1934 initum,
603 1862 643 1921 ab
660 1878 696 1919 ec
708 1863 826 1935 captus,
840 1875 933 1932 regno
955 1859 1098 1932 spoliatus
1140 1858 1252 1931 pendio
1272 1859 1387 1916 necavit
1394 1899 1403 1929 ,
1425 1875 1498 1916 mox
1511 1859 1587 1916 aiios
1604 1861 1659 1917 300
1678 1859 1809 1918 Granaeii
1828 1859 1935 1918 occidit

307 1952 337 2006 et
359 1952 519 2006 uceecahu
540 1952 593 2004 eat.
614 1948 656 2003 lta
676 1944 745 2002 Saul
765 1943 898 2016 affligens
922 1942 1099 2000 Gahnenitus
1141 1957 1220 2000 anno
1235 1943 1351 2000 homini
1372 1946 1459 2014 14763
1479 1944 1533 2001 sed
1553 1945 1640 2002 tertio
1656 1949 1726 2019 post
1745 1944 1794 2002 die
1814 1943 1935 2002 helvetii

306 2037 410 2091 contra
421 2032 511 2089 fidem
526 2031 568 2089 eis
578 2031 694 2101 deum,
705 2028 792 2087 iamis
810 2027 977 2085 communie
989 2029 1019 2084 et
1031 2041 1100 2083 suo·
1140 2027 1279 2086 carolum
1290 2029 1420 2100 aggressi
1433 2029 1463 2084 in
1477 2027 1580 2100 fugam
1592 2033 1752 2101 verterunt,
1766 2045 1801 2086 ec
1814 2029 1936 2088 undem

306 2131 375 2174 rum
387 2115 495 2174 excidii
511 2129 601 2172 cauae
613 2113 720 2184 extitit,
734 2113 757 2168 ll
771 2114 882 2183 Papum
897 2125 958 2168 aar.
1141 2113 1276 2188 sequenti
1290 2127 1378 2173 anno
1395 2127 1464 2170 auur
1481 2127 1605 2187 prorsus
1617 2113 1787 2172 cecideruut
1805 2117 1834 2172 et
1847 2113 1936 2171 truci·

342 2200 526 2274 Agathoclea,
535 2201 680 2272 tyrannus
694 2197 903 2269 Syracusanus,
917 2195 1021 2252 dutum
1032 2193 1101 2251 hos·
1142 2195 1262 2253 darunt.

306 2283 387 2341 tibus
406 2283 617 2356 jusjurandum
637 2285 836 2350 transgressus
858 2279 916 2347 est,
937 2277 1100 2349 occisisque
1178 2277 1321 2347 Quocirca
1346 2282 1423 2336 reete
1452 2280 1584 2337 Valerius
1608 2279 1770 2352 llaxirnua,
1798 2279 1853 2339 lib.
1883 2283 1933 2352 lx,

308 2368 445 2442 captivis,
459 2367 559 2424 ridens
572 2364 613 2422 ad
625 2362 736 2420 amicos
750 2361 824 2418 dixit
839 2377 846 2416 ε
865 2379 880 2413 a
897 2359 1007 2417 Coenati
1020 2361 1102 2432 jura·
1141 2375 1208 2436 cap.
1222 2377 1252 2420 rr
1268 2380 1276 2419 r
1293 2379 1309 2416 c
1324 2363 1464 2434 Perfidia,
1478 2364 1534 2436 ait,
1552 2368 1666 2426 tantum
1679 2365 1863 2423 incommodi
1880 2366 1937 2424 hu·

309 2451 400 2509 menti
425 2449 598 2520 religionem
621 2459 810 2515 evomamue3
832 2461 848 2498 r
869 2442 923 2501 aed
942 2441 1007 2500 dire
1023 2442 1101 2500 hunc
1142 2461 1232 2502 mano
1250 2447 1351 2518 generi
1363 2445 1462 2517 affert,
1476 2451 1624 2522 quantum
1637 2447 1742 2506 salutis
1757 2448 1840 2508 bonu
1859 2448 1936 2507 fidae

308 2533 465 2608 perfidiam
476 2533 542 2590 luit.
1141 2533 1269 2604 praestat.
1284 2529 1394 2588 tlaheat
1403 2530 1492 2602 igitur
1502 2533 1676 2590 nonninus
1687 2533 1935 2606 reprehensionis,

344 2617 563 2690 Tissaphernes,
577 2617 731 2671 Persarum
743 2613 819 2682 dux,
834 2609 932 2667 ioedus
945 2625 1014 2666 cum
1029 2613 1102 2681 agc-
1142 2628 1234 2687 quam
1242 2613 1294 2670 illu
1303 2613 1401 2671 laudis
1413 2616 1641 2689 consequimur·
1654 2615 1758 2674 Suhdit
1765 2617 1936 2691 exemplum

311 2701 386 2760 ailao
399 2704 480 2758 metu
494 2697 600 2755 initum
613 2695 749 2765 violarit,
763 2695 849 2769 eique
862 2693 976 2752 beilum
988 2692 1102 2750 dcnun·
1142 2698 1180 2755 de
1192 2697 1272 2756 Tatio
1285 2696 1395 2756 Sabino
1411 2714 1420 2754 ε
1439 2715 1454 2752 c
1472 2699 1599 2757 Romulo
1606 2742 1615 2771 ,
1633 2699 1691 2771 ait,
1705 2705 1864 2773 regnante,
1884 2703 1934 2776 Sp.

308 2785 401 2855 tiuvit5
410 2783 493 2856 quod
503 2781 628 2840 libenter
636 2778 760 2852 arripuit
769 2777 930 2849 Agesilaus,
940 2777 1101 2850 legatisque
1141 2781 1280 2854 'tarpeius
1304 2781 1364 2838 arci
1390 2785 1516 2854 praeerat
1538 2800 1547 2840 r
1570 2783 1655 2854 cuiue
1676 2782 1771 2842 filiam
1790 2783 1936 2856 virginum

307 2868 401 2938 dixit,
424 2883 454 2924 ec
473 2879 615 2937 maguam
632 2861 741 2920 habere
761 2861 886 2934 gratiam
899 2860 1102 2934 Tissapherni,
1142 2879 1252 2938 aquam
1274 2865 1363 2922 sacris
1382 2865 1508 2938 petitum
1534 2870 1617 2923 extra
1637 2867 1748 2926 moeuia
1770 2883 1938 2941 egressam,

309 2949 530 3025 quodperjurio
539 2963 595 3005 suo
604 2949 634 3004 et
644 2947 717 3004 deos
726 2945 898 3003 ethomincs
906 2943 963 3000 sibi
973 2943 1103 3000 infensos
1142 2948 1249 3018 Patina,
1263 2952 1296 3005 ut
1308 2948 1433 3006 Satrium
1440 2948 1472 3005 in
1484 2964 1582 3008 arcam
1596 2965 1697 3008 aecum
1709 2951 1861 3025 reciperet,
1872 2967 1937 3011 coa·

309 3035 499 3104 reddidisset,
519 3033 650 3090 adversa
664 3043 735 3088 raro
753 3029 831 3102 parti
848 3027 1008 3102 propitios,
1028 3030 1101 3084 teste
1144 3032 1238 3103 rupit,
1251 3032 1396 3088 mercedis
1409 3033 1531 3090 nornine
1543 3037 1663 3108 pactus,
1682 3049 1751 3108 quas
1764 3036 1795 3092 in
1814 3035 1938 3092 sinistris

311 3118 468 3180 Plutarcho
486 3118 518 3174 in
528 3118 628 3174 aona.
1083 3153 1087 3160 -
1144 3114 1282 3172 manibus
1303 3113 1454 3192 gerebant.
1478 3118 1566 3173 Erant
1586 3122 1687 3175 autern
1703 3118 1750 3176 hia
1768 3119 1892 3176 armilla
1909 3123 1939 3176 et

345 3201 510 3262 Menander
523 3201 645 3272 Magnus
663 3196 752 3256 indos
771 3195 921 3269 quadem
938 3193 996 3254 sihi
1015 3193 1104 3252 intes·
1143 3198 1248 3258 annuli
1265 3215 1376 3269 magno
1398 3215 1435 3256 ex
1456 3199 1590 3272 pondere
1611 3201 1687 3258 auri.
1709 3203 1786 3260 Loco
1809 3201 1938 3276 potitum

309 3279 1103 3357 tos,oontrafidemdutarainitinereoppressitrhiuo
1143 3281 1741 3357 agnenpuellarnpraemium-ssagitantem
1749 3287 1839 3344 umis
1847 3286 1938 3346 ultru-

309 3371 393 3429 tabes
405 3371 433 3428 ei
449 3369 586 3438 adhoesit,
600 3365 757 3438 brevisque
774 3369 803 3420 et
825 3362 913 3420 tristis
931 3363 1043 3432 exitus,
1057 3361 1102 3420 uti
1144 3370 1205 3424 tam
1226 3366 1360 3438 necavit,
1381 3367 1504 3440 perinde
1525 3369 1612 3441 quasi
1635 3370 1833 3442 promissum,
1854 3369 1938 3444 qued

311 3469 415 3515 omncs
428 3454 543 3509 sciunt:
557 3449 638 3508 testis
652 3451 695 3506 est
706 3447 878 3504 Plutarchus
891 3445 1102 3504 inAtcoaudro.
1144 3465 1180 3509 ea
1205 3466 1274 3524 quaa
1295 3449 1378 3507 larvis
1397 3455 1598 3523 gestaverant,
1613 3454 1712 3511 soluit.
1732 3453 1815 3512 hbuit
1834 3469 1936 3526 repre·

345 3531 579 3606 carthaginensis
587 3528 1102 3600 “PPWSSPssUssmmssOsslffiffflduu
1143 3535 1264 3606 hanei03
1280 3536 1353 3606 quia
1372 3535 1464 3607 impia
1482 3537 1614 3610 proditio
1632 3537 1720 3595 celeri
1737 3551 1827 3611 poena
1840 3537 1937 3596 vindi·

280 3612 286 3623 '
310 3620 395 3693 quod
409 3613 575 3674 Hasdrubal
585 3628 654 3670 oum
663 3611 803 3670 Romanis
813 3612 911 3679 iceret,
921 3612 1052 3669 excisum
1063 3611 1103 3669 ab
1145 3622 1211 3676 outa
1222 3622 1296 3674 cst.»
1313 3620 1347 3675 at
1359 3619 1483 3691 Tacitus,
1496 3619 1552 3677 lib.
1565 3623 1577 3677 1
1589 3622 1713 3677 Λυκία
1728 3638 1744 3674 a
1758 3620 1938 3689 Proditores,

310 3699 454 3760 Annibale
467 3714 530 3755 non
540 3693 812 3766 tantumprohavit‚
824 3695 877 3751 scd
889 3698 919 3750 et
930 3694 1105 3754 inhumana
1146 3701 1203 3770 ait,
1219 3701 1309 3758 etiam
1327 3701 1363 3758 iis
1380 3719 1459 3774 quos
1480 3707 1681 3776 anteponunt,
1703 3703 1790 3761 invisi
1807 3708 1901 3761 eunt:
1920 3722 1937 3760 a

312 3783 395 3842 curia
406 3780 546 3839 defendit.
566 3779 674 3834 Verum
691 3775 750 3834 hoo
764 3775 905 3856 catillum
917 3780 946 3833 ct
962 3777 1025 3835 haec
1037 3792 1104 3852 per-
1145 3789 1247 3840 emunt
1259 3785 1338 3840 enirn
1356 3785 1414 3857 ipsi
1426 3802 1506 3855 rem,
1524 3803 1587 3844 non
1602 3803 1699 3845 rcum.
1720 3786 1860 3844 Proeclure
1882 3791 1939 3845 hu·

311 3866 397 3938 fidit,
406 3863 589 3936 Curlhssssinit
602 3859 719 3920 excidio
733 3859 883 3918 vindicat&
895 3860 962 3918 fuit·
1144 3869 1247 3938 gustus
1265 3866 1348 3939 apud
1367 3869 1555 3928 Plutarchum
1576 3871 1607 3928 in
1626 3871 1818 3942 Amphitrope
1832 3890 1848 3925 a
1861 3873 1939 3942 ligo,

1144 3949 1195 4020 ait,
1207 3949 1408 4022 proditionem
1417 3969 1497 4024 arno,
1506 3954 1674 4028 proditores
1685 3969 1747 4012 non
1760 3953 1909 4026 approbo.
1921 3973 1936 4007 r

344 4043 381 4138 (l)
394 4071 475 4122 Docta
487 4069 519 4121 ah
539 4067 612 4134 aquia
627 4065 783 4134 metaphora.
796 4065 880 4128 Quum
895 4076 974 4116 csoem
987 4065 1041 4129 jam
1055 4063 1103 4116 hac
1131 4033 1263 4098 -A‘mfiffi
1280 4035 1523 4129 V⁰¹{⁰‚PhffiPP¹¹⁸
1541 4038 1660 4096 Μθθθᾱθ
1676 4037 1761 4134 PPUd
1774 4037 1939 4109 Sfflbfflumr

205 4150 209 4158 “
311 4142 457 4266 afwa
474 4141 638 4207 tranquillus,
652 4151 722 4191 meaa
733 4149 822 4190 omues
838 4148 879 4188 aas
896 4141 973 4200 atque
987 4137 1104 4188 animum
1143 4117 1394 4260 3510?ssde
1409 4135 1538 4192 ‘amate
1549 4137 1581 4178 se
1594 4121 1784 4196 prodituros,
1797 4135 1941 4196 naupre-

631 4523 834 4630 CAPUT
877 4519 1276 4630 TRIGESIMUM
1316 4433 1621 4643 QUINTUM.

923 4755 1127 4821 surtursts
1153 4754 1333 4820 CAPITIS.

223 4919 228 4927 Ι
313 4949 394 5012 suot
405 4948 545 5020 {emitur
557 4959 635 5006 mutu
645 4943 730 5004 idolio
743 4947 894 5016 espurget,
905 4957 984 5000 aaa
996 4943 1051 5000 Dec
1064 4940 1198 5012 adrat,
1209 4958 1319 5000 cursum
1333 4945 1416 5004 alteo
1429 4949 1540 5004 uocatu
1553 4947 1649 5006 lsrael.
1661 4945 1797 5018 Scowdc,
1807 4961 1880 5010 cert.
1892 4947 1942 5016 ii,

406 5044 505 5102 Puchd
514 5047 545 5101 ta
556 5047 643 5116 portu
654 5043 774 5107 Barcrc,
788 5055 866 5111 quem
875 5043 957 5111 poter
969 5043 1047 5096 cord
1056 5037 1213 5110 Beniamin,
1227 5041 1354 5098 meatur.
1366 5035 1471 5108 Tertio,
1484 5055 1555 5099 cerr.
1568 5044 1616 5111 at,
1629 5048 1747 5101 moritur
1759 5047 1848 5102 iaceo.

360 5242 392 5310 l.
410 5239 539 5308 Interea
554 5234 684 5304 locutus
696 5237 744 5301 cst
757 5229 845 5303 Deus
857 5227 899 5298 ad
911 5227 1010 5298 Jacob
1028 5255 1036 5298 :
1056 5229 1182 5320 Surge,
1200 5237 1234 5299 et
1250 5233 1386 5301 accende
1402 5231 1536 5320 Bethei,
1558 5241 1591 5302 et
1607 5234 1719 5304 habita
1737 5235 1807 5321 ibi,
1826 5235 1943 5329 faopue

200 5339 204 5350 ’
314 5347 418 5422 altare
429 5344 510 5429 Deo,
524 5339 585 5434 qui
599 5339 750 5432 apparuit
763 5337 823 5406 tibi
836 5336 969 5429 quando
981 5335 1130 5426 fugiebas
1142 5337 1228 5406 Esau
1241 5337 1375 5408 fratrem
1390 5347 1498 5408 tuum.
1514 5339 1547 5410 2.
1562 5339 1662 5410 Jacob
1675 5364 1754 5412 vero
1767 5353 1944 5415 convocata
1997 5367 2004 5396 ¹

314 5453 407 5524 ,omni
426 5451 524 5530 domo
540 5469 620 5528 aua,
639 5445 707 5514 ait:
727 5443 869 5536 Ahjioite
886 5444 963 5515 deca
980 5445 1104 5522 alienor
1118 5445 1177 5538 qui
1189 5443 1226 5512 iu
1240 5444 1348 5513 media
1366 5445 1465 5522 uestri
1483 5455 1561 5514 aunt
1571 5497 1582 5532 ,
1602 5454 1635 5516 ct
1654 5447 1865 5518 mundamini
1875 5501 1887 5535 ,
1906 5472 1943 5517 ac
