4182 6044
695 365 940 424 conueniente
956 365 989 424 nt
1006 363 1160 435 mooun,
1179 375 1243 424 ω.
1261 363 1328 424 xm.
1774 361 1827 428 549

83 467 178 515 onena
230 461 401 538 Atquehmo
414 466 574 528 Gentilibus
586 465 695 532 auus
704 468 890 528 occasionem
900 469 989 528 dade-
1030 471 1130 528 torum
1142 468 1295 540 omnium,
1312 464 1365 526 sed
1383 476 1526 540 pecorum
1544 463 1661 524 tantm
1677 459 1828 540 primoge-

10 599 12 632 ,
77 529 183 635 *ἓξὲξ
194 549 282 616 runt,
296 549 328 605 ut
347 547 446 606 asinos
463 549 495 607 in
508 549 624 608 deserto
638 550 746 608 iudeis
765 566 876 626 aquam
889 555 988 609 osten-
1032 551 1093 610 nita
1101 549 1342 610 sibiabilebraets
1350 549 1450 608 otl'erri
1460 547 1645 626 depoposcit,
1655 546 1747 622 idque
1756 549 1828 621 quta

10 635 12 674 ;
77 655 100 695 ,ι
109 650 183 694 flag..
196 625 273 686 disse
278 670 288 700 ,
302 631 331 686 et
344 631 462 690 ludaeos
474 632 592 690 asinum
605 633 729 691 adoram
742 633 918 693 affluxerint.
931 636 988 692 llo-
1031 633 1097 691 sola
1106 650 1215 708 pecora
1225 631 1283 690 sibi
1294 633 1333 691 ad
1344 631 1521 690 sacrificium
1531 630 1639 707 delegit
1648 630 1679 689 ln
1690 631 1827 692 Levitico.

97 711 167 816 “ff
195 728 264 770 rum
277 713 435 774 Gentilium
452 717 661 788 antesignanus
680 716 737 775 tuit
755 718 869 792 apion,
885 724 989 780 contra
1031 715 1096 774 Pari
1109 716 1213 788 modo,
1226 715 1293 774 lieet
1302 715 1334 773 in
1342 717 1468 790 AEgypto
1482 712 1602 773 teminae¹
1611 727 1745 790 quoque,
1758 724 1827 788 quae

10 837 13 848 .
77 783 165 878 ,232OEss
176 865 183 886 ν
196 811 287 870 quem
302 798 401 856 scribit
422 799 586 875 Iosephus,
598 801 652 860 lib.
664 801 705 873 ll,
719 817 784 878 cap.
800 816 829 862 x.
844 801 987 875 hpionem
1031 802 1115 858 erant
1133 799 1353 874 primogenitas,
1375 799 1433 856 siut
1450 809 1550 870 cessa,
1574 799 1648 856 Deus
1667 799 1767 854 umen
1785 795 1825 854 ab

93 893 169 940 umor
196 879 288 938 secuti
304 885 373 939 sunt
385 883 536 941 cornelius
552 885 680 957 Tacitus,
697 883 750 946 lib.
763 887 801 958 νς
814 885 987 946 Plutarchus
1031 883 1158 942 ilebraeis
1169 882 1250 940 solos
1268 883 1358 956 exigit
1379 881 1528 939 masculos
1545 878 1773 955 primogenitos,
1792 881 1826 936 ut

195 962 227 1020 in
238 964 358 1036 Semper.
371 963 425 1024 lib.
439 967 490 1037 lv,
506 965 607 1034 occsa.
624 969 657 1026 v.
671 969 810 1041 Rursum,
824 971 896 1046 quia
906 986 925 1028 a
936 972 987 1030 iu·
1031 966 1149 1041 dignior
1162 981 1249 1024 sexus
1262 967 1322 1024 Deo
1336 964 1491 1022 dicaretur.
1813 971 1819 986 ·

196 1045 268 1104 clais
280 1047 417 1120 prodiere
425 1048 577 1108 Christiani
585 1050 676 1125 primi
681 1052 772 1124 ,hinc
781 1053 813 1110 in
821 1069 873 1111 eos
882 1053 986 1114 eadem
1065 1053 1111 1111 16.
1129 1053 1200 1110 liam
1217 1063 1314 1108 terrun
1331 1063 1415 1120 quasi
1432 1061 1535 1108 aranu!
1554 1061 1584 1105 nr
1600 1061 1680 1106 nau
1698 1061 1770 1120 rua,
1788 1061 1823 1108 nr
1837 1051 1943 1102 aemes.

195 1129 345 1188 calumnia
363 1131 494 1190 derivata
514 1137 574 1205 est,
594 1136 678 1192 utdc
692 1137 884 1210 ononychite,
898 1136 987 1196 idest
1029 1147 1113 1204 quasa
1128 1147 1273 1192 arrrusurr
1286 1147 1366 1202 curu.
1386 1160 1422 1176 ·-
1443 1132 1499 1188 Pro
1514 1145 1676 1204 appensam,
1697 1130 1747 1187 alii
1759 1145 1824 1188 rer·

194 1213 280 1272 asino
298 1215 441 1287 ungulato
457 1217 577 1291 pictoris
590 1219 669 1276 illius
684 1217 771 1278 refert
781 1219 986 1294 Tertullianus,
1029 1219 1096 1274 tunt
1108 1219 1239 1286 pontus.
1259 1217 1353 1274 tudsei
1363 1215 1421 1274 hoo
1435 1229 1555 1274 rursum
1568 1228 1664 1272 orasse
1675 1212 1823 1288 acciplunt

76 1292 181 1398 ffli-
195 1297 310 1369 Apotoq.
321 1313 387 1373 cap.
399 1314 461 1358 xrr:
476 1306 538 1358 erat
550 1301 587 1371 is,
600 1301 707 1376 inquit,
721 1302 843 1360 auribus
854 1301 986 1376 asininis,
1030 1299 1068 1358 de
1081 1299 1202 1372 scheda,
1220 1299 1310 1358 tronti
1324 1314 1412 1374 super
1425 1299 1528 1356 oculos
1541 1297 1645 1369 affixa,
1659 1297 1738 1356 stab
1751 1311 1823 1356 aure

195 1380 286 1440 altero
299 1383 375 1455 pede
388 1381 562 1455 ungulatus,
581 1383 693 1442 librum
706 1389 841 1456 gestans,
860 1388 889 1444 et
901 1387 985 1456 toga·
1029 1395 1090 1439 una
1098 1383 1137 1440 ad
1146 1381 1385 1458 aliamporrecta,
1393 1379 1440 1439 cui
1447 1379 1622 1455 inscriptum
1628 1383 1706 1438 erat:
1718 1381 1824 1438 «Sanc-

194 1467 257 1534 tus,
277 1480 347 1522 cum
363 1465 420 1524 hac
441 1465 653 1540 inscriptione,
669 1470 740 1524 Deras
762 1469 984 1525 christianorum.
1028 1463 1108 1521 titlca
1125 1477 1213 1522 omne
1229 1463 1501 1539 primogenitum»
1517 1467 1546 1521 et
1563 1478 1572 1519 ε
1592 1461 1708 1532 «aad,
1722 1459 1821 1532 lsrael,

193 1545 275 1603 idem
288 1546 371 1622 apud
383 1547 537 1606 llinutium
548 1549 673 1608 Felicem
684 1549 816 1608 Caecilius
826 1549 987 1624 exprobrat
1029 1547 1104 1604 Deus
1118 1551 1187 1604 tuus
1198 1564 1276 1606 unus
1289 1551 1368 1620 est,a
1383 1549 1438 1604 etc.
1450 1547 1483 1604 ln
1494 1546 1552 1605 hoc
1563 1545 1683 1604 frontali
1693 1545 1768 1603 mira
1778 1549 1821 1603 est
1840 1548 1940 1596 renna

10 1691 11 1698 χ
83 1621 177 1669 Geel&
193 1629 324 1688 Octavio.
352 1633 530 1705 Quanquam
552 1631 722 1690 Christianis
747 1633 896 1692 calumnia
922 1632 985 1692 haeo
1028 1629 1199 1689 ludaeorum
1212 1629 1380 1706 superstitio
1402 1647 1409 1687 :
1432 1628 1535 1687 dicunt
1553 1629 1634 1687 euim
1652 1628 1821 1700 eiusmem·
1848 1609 1941 1706 'w‘

10 1777 14 1791 Ι
74 1685 181 1788 ζῇ,
193 1715 282 1786 atque
294 1713 440 1787 probrum
452 1731 489 1772 cx
498 1707 640 1772 Gnostiois
654 1715 691 1772 sit
703 1715 879 1787 condatum3
893 1717 985 1773 Gnos·
1027 1709 1187 1771 brauulam
1200 1714 1293 1788 accipi
1304 1712 1412 1772 debere
1421 1727 1457 1770 ex
1466 1713 1547 1770 corio
1557 1711 1819 1781 animalismundl,
1833 1683 1940 1788 {0212}ss

10 1797 15 1832 ’·
74 1811 111 1852 ur
127 1805 180 1850 mu
191 1795 241 1854 tici
254 1796 345 1867 enim,
353 1799 424 1854 teste
437 1797 612 1870 Epiphanio,
622 1797 719 1854 teresi
730 1798 984 1867 62,dicebantltc-
1028 1793 1136 1854 debere
1151 1795 1243 1855 verba
1257 1797 1320 1869 jam
1334 1795 1468 1854 dictailli
1481 1793 1601 1853 inscribi
1615 1797 1821 1870 capartequa
1854 1801 1913 1836 ⁸⁸⁸·

11 1947 12 1950 Ἴ
95 1866 160 1973 {¹²¹2}
193 1879 446 1964 minumsabaoth
464 1879 539 1936 asini
556 1878 684 1937 sormam
698 1878 819 1950 habere,
844 1895 881 1938 co
900 1878 985 1954 quod
1028 1879 1110 1937 carni
1120 1879 1256 1938 animalis
1273 1879 1408 1951 adhaesit,
1422 1880 1519 1954 idque
1527 1893 1620 1937 manu
1635 1879 1769 1951 dextera,
1786 1877 1821 1936 li·

11 2005 12 2008 ,
193 1963 275 2021 iudae
288 1963 400 2021 dictum
414 1967 442 2020 et
455 1963 637 2036 promissum
651 1961 688 2019 sit
708 1979 717 2019 r
741 1959 879 2035 «Ligabit
890 1963 930 2021 ad
942 1963 984 2020 vi·
1028 1961 1091 2018 ucis
1099 1964 1276 2037 rectissimis,
1286 1963 1508 2036 chartaintegra
1517 1978 1579 2021 nou
1588 1961 1715 2020 habente
1723 1961 1820 2020 ullum

192 2051 252 2104 tem
265 2043 379 2104 asinam
390 2062 510 2116 suam»
528 2045 619 2102 denes.
634 2060 701 2118 cap.
712 2059 790 2116 xurx,
801 2059 876 2103 vers.
891 2046 937 2104 11.
951 2045 985 2103 at
1027 2041 1183 2104 toramen:
1199 2048 1224 2104 si
1237 2062 1273 2106 ea
1286 2048 1323 2105 sit
1334 2047 1367 2105 in
1380 2046 1486 2118 cubili,
1504 2061 1566 2105 non
1579 2045 1667 2104 licere
1680 2045 1820 2118 conjugio

192 2131 304 2189 Numer.
326 2144 393 2202 cap.
420 2143 497 2197 xxrr,
517 2128 600 2184 asina
618 2127 736 2185 Balaam
756 2143 813 2202 pro
829 2125 937 2185 iudeis
956 2131 985 2186 et
1027 2125 1086 2198 uti,
1104 2129 1161 2186 nisi
1174 2129 1225 2188 illa
1244 2131 1322 2189 intra
1340 2130 1457 2188 tertium
1478 2129 1619 2187 scrinium
1640 2126 1820 2200 recludatur,

194 2214 242 2270 liei
261 2212 377 2286 populo
397 2211 519 2282 steterit3
538 2213 567 2267 et
587 2225 655 2268 cum
676 2225 771 2284 equos
790 2207 830 2267 ab
849 2210 984 2268 hostibus
1027 2213 1082 2266 eto.
1099 2211 1230 2288 lienique
1244 2215 1329 2286 signa
1340 2213 1420 2285 haec,
1439 2229 1507 2288 quae
1520 2211 1577 2286 ipsi
1590 2213 1665 2270 inter
1678 2225 1748 2268 suos
1761 2211 1820 2267 sin-

193 2299 295 2369 oaptos
316 2293 489 2352 subnervari
505 2292 638 2365 iussisset
657 2293 732 2349 Deus
752 2293 831 2349 lesus
857 2307 922 2367 cap.
938 2307 983 2365 xr,
1027 2293 1106 2364 gulis
1119 2295 1224 2354 diebus
1237 2314 1307 2354 cum
1318 2297 1421 2370 capiti,
1435 2300 1499 2354 tum
1511 2295 1629 2354 sinistro
1640 2293 1764 2354 brachio
1777 2295 1821 2352 at·

193 2393 269 2438 vers.
288 2380 321 2450 d,
341 2378 439 2435 asinas
457 2380 556 2432 umen
567 2374 752 2450 praeoepisset
769 2373 878 2432 servari
900 2373 982 2433 Num.
1027 2373 1134 2450 ligant,
1146 2382 1178 2436 ut
1191 2378 1408 2438 admoneantur
1419 2379 1821 2453 preceptorumnei,vocant

192 2477 259 2537 sup.
273 2476 355 2533 ¹¹¹¹,
369 2475 446 2518 vers·
459 2460 506 2516 28·
1027 2445 1115 2544 {than
1129 2463 1255 2534 teptttte'n
1265 2479 1285 2520 a
1296 2461 1395 2521 radice
1403 2443 1469 2526 'ibn
1482 2463 1577 2535 tophet
1601 2461 1686 2520 idest
1698 2463 1820 2535 coniun·
1850 2459 1938 2520 fertit

228 2547 310 2615 Quor
322 2560 348 2602 s1
358 2559 416 2602 non
429 2553 599 2613 ammiras,
615 2555 796 2600 mmmmm.
807 2569 843 2584 -
858 2539 888 2598 si
898 2539 985 2598 vilior
1027 2561 1107 2620 gere,
1120 2537 1253 2618 alligare,
1264 2545 1432 2621 appendere
1436 2564 1447 2618 ς
1461 2545 1510 2603 ael
1522 2503 1637 2608 arrian
1649 2546 1774 2618 teplitto,
1787 2545 1820 2602 id
1831 2523 1939 2632 m

151 2680 153 2685 .
192 2627 230 2688 sit
241 2629 455 2704 primogenitus
469 2625 554 2698 asini,
567 2640 660 2700 quam
670 2629 780 2683 uteum
790 2625 886 2699 pretio
896 2627 983 2684 stato,
1027 2632 1071 2684 est
1081 2629 1187 2699 oratio,
1199 2647 1229 2702 q.
1240 2627 1270 2687 d.
1285 2628 1429 2698 oratoria,
1442 2628 1515 2702 quia
1530 2628 1589 2702 ipsi
1607 2627 1639 2685 in
1651 2627 1713 2685 suis
1724 2627 1820 2703 preci·

192 2717 265 2787 puta
276 2728 342 2783 ove,
355 2712 498 2770 redimere
510 2710 594 2780 velis,
608 2711 679 2767 tunc
691 2725 762 2767 cum
773 2724 835 2768 non
848 2707 984 2766 immola·
1026 2707 1085 2769 bus
1098 2711 1133 2767 iis
1146 2710 1279 2785 quotidie
1292 2713 1427 2782 utuntur,
1440 2709 1535 2785 iisque
1548 2727 1579 2768 sa
1593 2709 1632 2768 ab
1646 2710 1729 2768 omni
1740 2709 1821 2766 malo

192 2795 239 2853 bis
252 2795 389 2870 quidem,
404 2791 601 2850 decervicabis
614 2795 732 2862 nmen,
745 2795 774 2850 et
787 2792 898 2849 cervice
909 2807 984 2866 prae·
1026 2797 1105 2852 tutos
1116 2796 1231 2869 putant.
1247 2795 1289 2852 lta
1301 2793 1431 2852 referunt
1443 2795 1474 2851 P.
1488 2795 1611 2868 Fagius,
1624 2793 1765 2865 oleaster,
1777 2795 1821 2852 bi·

192 2879 253 2936 cisa
274 2878 441 2948 interimcs;
468 2875 526 2934 hoc
547 2875 627 2931 enim
648 2873 793 2947 significat
813 2874 900 2933 liebr.
923 2881 984 2958 ἔω
1025 2891 1175 2952 pomanus
1187 2880 1217 2936 et
1229 2877 1290 2936 alii.
1307 2878 1416 2936 Verum
1429 2877 1518 2950 hujus
1536 2893 1638 2934 versus
1655 2877 1820 2949 genuinum

192 2960 290 3034 oreph,
304 2964 336 3018 ut
344 2960 391 3016 rel
403 2958 444 3016 sic
451 2958 717 3032 primogenitorum
725 2957 852 3030 AEgypti,
864 2958 907 3014 tui
917 2967 983 3030 gra·
1025 2975 1146 3018 sensum
1160 2960 1229 3018 dedi
1241 2976 1319 3019 vers.
1332 2964 1361 3020 9.

192 3044 232 3103 tia
243 3045 498 3115 interemptorum,
508 3039 619 3097 habeas
633 3041 984 3100 monumentumhiirum
1061 3045 1107 3100 17.
1125 3043 1250 3102 Nostros
1262 3057 1367 3102 snum
1384 3045 1458 3102 brus
1477 3056 1531 3100 rna
1550 3055 1619 3100 surr
1639 3055 1736 3099 ranan
1755 3043 1820 3100 Pm-
1831 3046 1936 3095 samir.

192 3128 280 3186 estin
292 3125 481 3199 Septuaginta
490 3137 547 3196 pro
558 3125 715 3194 interficies,
728 3121 787 3194 legi
799 3121 925 3182 redimes.
937 3124 984 3182 Sic
1026 3139 1166 3197 alermus,
1179 3139 1242 3196 qun
1255 3140 1352 3184 erema
1365 3140 1426 3186 rsr.
1447 3152 1484 3168 ·-
1503 3127 1562 3181 lloc
1575 3123 1630 3181 iter
1644 3140 1664 3181 a
1680 3126 1820 3184 chanaan

192 3211 272 3268 enim
282 3209 393 3268 habent
406 3208 446 3262 tta
458 3203 487 3260 dt
498 3210 531 3278 μὴ
544 3205 661 3276 stadiae,
680 3207 788 3276 λυτρώσῃ
799 3207 870 3276 dart,
883 3206 915 3263 id
929 3209 982 3278 cst,
1025 3206 1057 3266 in
1070 3211 1230 3284 AEgyptum
1240 3223 1296 3284 per
1309 3207 1490 3279 philistinos,
1503 3207 1700 3264 communiter
1713 3207 1820 3267 dicitur

191 3297 355 3350 demonem
374 3291 591 3354 commutaveris,
603 3288 719 3345 redimes
730 3287 824 3343 ettad:
838 3287 913 3346 torta
931 3301 984 3347 vo
1026 3305 1089 3352 esso
1114 3292 1218 3350 decem
1238 3292 1375 3364 dierum3
1395 3290 1480 3348 Philo
1501 3290 1543 3348 eit
1563 3306 1627 3350 esse
1647 3290 1738 3348 trium
1759 3291 1820 3350 die·

191 3375 320 3445 luerunt,
333 3374 358 3432 si
372 3371 446 3443 ovis,
460 3388 529 3429 cum
541 3386 602 3446 qua
611 3370 839 3428 commutandus
847 3374 909 3428 erat
917 3369 984 3444 pul·
1026 3389 1095 3434 rum
1109 3375 1158 3449 (1).

191 3459 238 3518 lus
249 3459 335 3530 asini,
346 3453 684 3526 non‘essetadmauum,
697 3459 768 3513 tuno
777 3455 894 3528 pullum
904 3455 983 3514 huno
1061 3460 1103 3516 tta
1121 3471 1211 3517 noers
1224 3471 1480 3526 commatrum
1496 3473 1522 3517 ει
1536 3473 1659 3516 smrssrr
1672 3474 1819 3519 intumuit

190 3543 399 3602 redimendum
418 3556 482 3598 esse
498 3539 593 3614 pretio
614 3539 688 3596 ovis.
708 3539 749 3595 lta
766 3538 882 3595 videtur
893 3555 984 3612 expo-
1026 3553 1060 3601 sn
1078 3555 1167 3600 arana
1188 3556 1379 3601 consuram.
1401 3571 1438 3586 -
1458 3541 1540 3599 Dices
1561 3561 1568 3599 :
1588 3543 1681 3601 Etiam
1701 3544 1820 3602 alienia
1898 3537 1901 3544 ’

191 3641 262 3684 nere
274 3627 302 3683 S.
317 3623 507 3690 Ambrosius,
521 3621 574 3680 lib.
591 3622 615 3678 ll
634 3623 674 3678 lte
688 3621 770 3688 Cain,
791 3635 857 3694 cap.
874 3637 911 3693 1¹3
930 3622 983 3704 sed
1025 3627 1225 3702 pugnandum
1238 3625 1293 3684 luit
1304 3642 1373 3684 cum
1386 3625 1515 3696 Amnes,
1528 3641 1594 3698 oap.
1607 3641 1676 3684 xru.
1690 3627 1821 3700 Respon-

191 3713 261 3768 tunc
275 3707 356 3766 deest
375 3705 466 3765 altera
478 3703 655 3763 conditionis
671 3718 756 3778 pars,
773 3703 881 3762 scilicet
898 3705 982 3763 haec:
1026 3711 1085 3769 deo
1099 3730 1107 3768 r
1122 3710 1200 3768 illud
1209 3709 1346 3785 pralium
1359 3709 1414 3767 tuit
1426 3708 1563 3780 unicum,
1576 3712 1645 3783 post
1656 3711 1692 3769 to
1705 3709 1768 3769 dies
1780 3710 1821 3770 ah

191 3792 220 3850 Si
234 3805 289 3849 neo
300 3805 374 3861 ove,
395 3803 450 3847 nec
462 3789 558 3863 pretio
573 3787 638 3845 osis
646 3827 656 3858 ,
675 3787 793 3862 pullum
811 3786 891 3846 huno
909 3787 983 3845 asini
1026 3792 1107 3852 sidtu
1118 3807 1154 3850 ex
1168 3797 1295 3868 AEgypto
1305 3793 1427 3864 initum,
1440 3792 1526 3866 quod
1539 3808 1601 3850 uon
1612 3795 1673 3850 tam
1687 3792 1822 3850 Hebraeo-

191 3875 335 3934 redimere
348 3873 496 3942 volueris,
516 3876 587 3930 tune
604 3887 674 3929 aum
695 3870 863 3942 interficies,
883 3877 918 3928 ut
929 3872 983 3930 ha·
1025 3884 1094 3934 rum
1114 3877 1204 3934 armis
1211 3919 1221 3949 ,
1243 3893 1336 3952 quam
1353 3876 1403 3934 Dei
1421 3875 1565 3947 singulari
1578 3891 1635 3948 ope
1654 3875 1821 3934 contectum

191 3957 264 4015 hant
273 3956 407 4026 nehraea,
420 3953 558 4012 Chaldaea
569 3959 597 4012 et
609 3959 709 4012 noster
723 3956 876 4028 interpres.
1026 3964 1070 4017 est
1085 3977 1091 4015 :
1107 3960 1132 4016 si
1148 3965 1246 4016 autem
1260 3959 1430 4016 transissent
1444 3957 1556 4014 liebroei
1574 3973 1627 4030 per
1644 3957 1820 4032 philistinos,

228 4039 310 4096 iluna
323 4052 418 4094 numu
432 4051 644 4094 ramoeanrrun
654 4049 770 4092 nonnis
779 4051 808 4092 m
817 4049 899 4094 ricns
909 4053 984 4106 rurs,
1027 4042 1124 4098 statim
1138 4046 1167 4098 et
1178 4041 1295 4098 assidue
1308 4041 1350 4096 eis
1360 4037 1745 4112 pugnandumfuissetcum
1752 4041 1821 4100 hos·

193 4135 295 4181 ranno
307 4134 443 4191 narrans,
457 4147 492 4162 -
509 4119 641 4192 quinque
654 4118 748 4188 siclis,
762 4121 796 4174 ut
808 4121 888 4189 patet
900 4121 984 4176 Num.
1027 4123 1107 4180 tibus
1120 4122 1351 4179 bellicosissimis
1358 4140 1369 4192 ;
1387 4122 1460 4178 tales
1480 4121 1560 4179 enim
1573 4126 1656 4180 eraut
1668 4123 1820 4184 Philistini.

193 4222 259 4282 cap.
274 4219 358 4275 xalta,
370 4217 447 4262 vers.
462 4204 507 4260 16.
521 4202 620 4259 Voluit
634 4204 707 4256 Deus
723 4215 774 4256 cos
793 4199 849 4257 sibi
867 4201 985 4260 oblatos
1066 4203 1298 4277 «Spiritualiter,
1316 4204 1413 4278 inquit
1425 4206 1585 4278 Repertus,
1603 4205 1661 4264 hoc
1675 4208 1749 4266 Deus
1762 4211 1822 4282 agit
1834 4209 1938 4254 musm-

194 4291 300 4348 iterum
314 4286 431 4346 redimi.
445 4289 552 4351 Primo,
569 4284 678 4341 uthere
691 4283 855 4358 redemptio
870 4285 986 4343 retr-ica·
1027 4288 1059 4346 in
1072 4288 1212 4344 omnibus
1224 4287 1322 4345 electis
1335 4288 1396 4345 suis
1408 4287 1439 4345 in
1450 4289 1566 4362 aegypti
1577 4289 1666 4358 exitu,
1680 4289 1777 4362 idest,
1790 4293 1823 4351 in
1856 4278 1922 4322 '¹²¹⁰‘

194 4377 238 4430 ret
250 4371 291 4429 eis
301 4370 476 4428 memoriam
489 4367 700 4441 redemptionis
708 4365 985 4441 primogenitorum,
1027 4372 1175 4448 principio
1188 4371 1400 4442 conversionis,
1408 4375 1441 4428 ut
1450 4369 1568 4428 novitiis
1573 4376 1708 4444 pacatam
1718 4373 1822 4430 avitiis
1839 4341 1932 4454 33ζί

195 4473 264 4514 cum
282 4457 346 4512 haec
359 4454 399 4511 ab
418 4452 525 4525 angelo
543 4454 573 4509 et
589 4455 684 4508 morte
702 4451 826 4508 liberata
845 4456 923 4511 sunt.
938 4453 987 4510 Se·
1027 4457 1113 4529 paret
1126 4454 1225 4524 viam,
1245 4458 1278 4511 nt
1291 4454 1449 4528 tranquillo
1468 4457 1496 4510 et
1510 4454 1719 4512 delectabiliter
1738 4471 1821 4528 egre-
1846 4462 1924 4508 mnu·

194 4539 291 4605 mado,
308 4537 380 4612 quia
392 4536 473 4593 solos
486 4534 597 4592 Levites
610 4549 666 4591 suo
680 4530 871 4592 tabernaculo
884 4539 914 4592 et
925 4535 987 4592 cul·
1030 4538 1163 4607 diantur,
1174 4553 1212 4594 ne
1225 4536 1330 4594 subitis
1343 4535 1553 4594 tentationibus
1566 4537 1675 4612 pulsati
1689 4542 1822 4597 assueto
1843 4529 1930 4630 ΞΜ·

194 4623 238 4680 tui
250 4624 326 4678 Deus
336 4619 542 4688 destinaveras
558 4615 671 4690 alioqui
686 4616 765 4672 enim
778 4616 865 4672 nimis
879 4633 989 4690 magna
1028 4619 1242 4694 propositosix
1251 4619 1368 4694 incepto
1378 4619 1607 4676 deterreantur.»
1618 4619 1823 4694 Pulchrequo·
1843 4599 1930 4692 „ffi

194 4703 296 4764 luisset
306 4703 396 4760 turba
409 4701 595 4759 sacerdotum
609 4703 638 4756 et
651 4698 853 4756 ministrorum
862 4699 923 4770 ltei,
935 4697 988 4774 qui
1030 4719 1090 4777 que
1100 4705 1128 4760 S.
1138 4701 1303 4774 Gregorius,
1313 4701 1366 4759 lib.
1376 4703 1455 4760 xxiv
1463 4703 1564 4759 Moral.
1574 4717 1640 4774 cap.
1650 4717 1711 4759 111:
1725 4705 1821 4776 «Tres,
1834 4713 1857 4754 er
1878 4707 1941 4764 pera·

194 4786 321 4862 proinde
342 4783 429 4844 otiosi
448 4799 526 4858 sapa
548 4781 687 4854 tuissent,
711 4785 740 4839 et
761 4785 860 4839 nmen
879 4783 919 4840 ali
938 4783 988 4840 de·
1029 4773 1143 4859 inquit,
1169 4784 1253 4842 modi
1279 4788 1348 4842 sunt
1368 4783 1524 4842 hominum
1547 4799 1759 4842 conversorum
1781 4786 1822 4844 ad
1867 4769 1907 4814 ⁶¹*

194 4870 327 4928 huissent
340 4884 358 4927 a
372 4867 489 4943 populo
513 4883 521 4926 r
542 4866 627 4941 quod
646 4865 751 4938 ingens
766 4865 869 4924 fuisset
885 4880 990 4939 grava·
1030 4869 1139 4939 mum,
1160 4867 1324 4939 inchoatio,
1344 4867 1486 4926 medietas
1506 4869 1596 4940 atque
1615 4865 1754 4941 perfectio
1769 4885 1778 4927 ε
1791 4870 1824 4928 in

193 4968 264 5012 men
299 4951 392 5012 ouli.

68 5043 181 5090 Versu·
230 4968 988 5108 t'a.¹i:fis‚-tuturistemporibus:estsynecdoche.
1064 5021 1160 5086 (¹th
1173 5019 1322 5084 wlsius
1335 5019 1576 5090 &hebeat-’2
1593 5018 1663 5085 (1⁰04
1673 5019 1749 5072 mutu
1764 5019 1824 5074 lloet

69 5127 180 5173 vemas.
229 5115 991 5188 talisourrnramoarnrrurrurrruroanu.-0m-
1030 5089 1562 5228 ffiffffiffl'hfflffl,
1575 5091 1824 5224 “xaffl‘w

194 5203 245 5263 nia
257 5203 337 5260 euim
349 5199 564 5278 primogenita,
582 5199 672 5256 etiam
682 5199 903 5270 iumentorum,
917 5201 991 5272 puta
1031 5247 1104 5289 my,
1118 5245 1168 5295 nc,
1182 5232 1222 5282 „i
1233 5232 1322 5282 ,mim
1334 5229 1477 5295 ,adim
1491 5195 1582 5296 pugna
1594 5230 1712 5282 ,mm
1726 5199 1824 5299 mg:

195 5301 357 5360 ⁰⁴l¹¹⁰fflmr
371 5284 543 5354 ”imma
561 5279 762 5351 ⁰⁸m010fflms
779 5295 856 5337 ⁰⁸0³ss
872 5283 941 5338 ⁵11¹st
959 5281 991 5338 5¹¹
1032 5301 1150 5356 laselitis
1162 5303 1226 5354 hetto
1239 5301 1353 5354 noudum
1366 5299 1471 5352 mustis
1483 5299 1588 5367 ngypu
1601 5301 1755 5354 desidedm
1768 5315 1823 5356 mo·

196 5365 519 5448 AEgyptoztncujusret
532 5363 989 5440 memoriamlteusnonjumen·
1033 5377 1142 5424 veretur.

846 5453 1001 5500 md*
1034 5451 1091 5470 “⁸''

1054 5483 1090 5526 ...p
1170 5521 1180 5538 ι
