4182 6044
164 341 167 346 '
285 353 339 413 rao
789 347 1031 407 ιοιιιιιιιιιιιι
1049 351 1083 407 ιιι
1100 349 1257 422 axonae,
1275 365 1339 409 ω.
1357 351 1413 410 vn.

286 461 349 536 ipse
367 459 499 528 Pharao,
516 455 565 514 rel
586 455 689 512 lunate
711 453 755 512 illl
777 455 1031 531 coucupiscentia,
1051 459 1081 514 et
1156 453 1464 525 &demandarent
1477 451 1917 528 ileuanareonemparmtra·

286 549 431 618 corrupta
442 545 555 600 naturae
568 539 696 597 indoles.
1122 542 1204 610 cula,
1217 545 1327 614 paruo,
1342 555 1500 613 magorum
1516 557 1524 596 ι
1538 555 1608 596 cum
1625 538 1705 595 enim
1718 538 1831 596 Pharao
1843 535 1919 598 nait

175 635 262 685 reaia.
322 631 429 694 tertio,
456 623 607 682 induravit
634 625 710 682 Daue
733 623 933 696 Pharaonem,
962 623 1080 682 subtra-
1122 640 1227 696 magos
1240 641 1311 681 suos
1325 625 1430 681 eadam
1448 627 1587 697 portenta
1601 621 1698 682 faeere
1712 619 1918 696 quermiebst

176 697 261 802 Ἥ·
284 707 383 766 hendo
394 709 438 767 illi
451 707 576 781 gratiam
590 722 676 764 suam
685 747 696 777 ,
712 722 780 784 quta
793 723 845 764 oor
857 709 921 779 ejus
935 708 1079 779 molliret,
1122 709 1232 780 Moses,
1252 707 1429 780 contempsit
1447 711 1585 781 portenta
1601 707 1687 768 ltosis
1709 711 1738 764 et
1756 706 1822 778 Pela
1837 704 1917 766 uude

167 769 267 876 βῶξ,
285 791 359 848 sicat
378 792 425 848 sol
441 791 561 848 induret
580 790 692 859 lutum,
706 805 769 846 uon
785 791 912 863 positive
925 790 1080 849 efficiendo
1121 789 1193 848 tirno
1206 807 1268 850 non
1282 795 1344 850 tam
1359 793 1434 847 Paua
1444 831 1454 860 ,
1466 805 1560 864 quam
1573 789 1654 860 magi
1668 789 1807 848 dicuntur
1819 789 1918 850 obdu·

111 931 117 938 .
220 941 236 954 ¹,
285 875 442 948 duritiem,
456 875 510 932 sed
526 875 699 945 exsugendo
713 874 881 945 humorem,
896 875 949 948 qui
967 879 1080 947 tempe-
1122 887 1203 930 rasse
1224 874 1417 934 Pharaonem.
1440 876 1600 946 Postquam
1617 889 1689 934 vero
1707 873 1788 945 magi
1805 875 1918 934 alloes

284 961 369 1020 rabat
389 965 417 1017 et
439 957 592 1016 molliebat
613 958 724 1029 lutum;
751 958 793 1015 sic
816 963 844 1015 ot
867 961 959 1028 ilaus,
982 958 1081 1031 lnquit
1121 957 1190 1014 victi
1202 962 1290 1028 sunt,
1304 957 1343 1014 ab
1357 973 1453 1031 eoque
1468 955 1616 1014 ulceribus
1627 957 1775 1030 percussi,
1787 958 1917 1031 amplius

284 1046 311 1102 S.
327 1043 519 1114 Augustinus,
531 1041 674 1098 «indurat
685 1055 808 1097 cornon
820 1039 1002 1114 apponendo
1014 1055 1080 1111 gra·
1122 1055 1224 1096 coram
1245 1040 1396 1098 Pharaone
1417 1041 1594 1111 consistere,
1617 1055 1747 1113 eumque
1765 1040 1916 1102 obdurare

283 1129 370 1198 tiam,
386 1143 447 1184 non
462 1130 560 1184 autem
574 1124 756 1198 impellendo
777 1125 816 1180 ad
831 1124 1018 1192 malitiam,»
1034 1123 1079 1180 ln·
1122 1139 1184 1180 non
1201 1128 1381 1197 potuerunt,
1397 1127 1468 1181 tuno
1489 1123 1612 1184 demum
1630 1123 1737 1181 dicitur
1754 1127 1830 1182 baua
1846 1141 1918 1185 aum

283 1211 381 1283 tellige
398 1199 550 1282 cgratiam
560 1229 595 1280 ,s
611 1225 673 1266 non
687 1224 821 1278 omnem,
837 1209 889 1265 ead
910 1209 1076 1282 copiosam,
1122 1207 1304 1278 obdurasse,
1317 1223 1383 1280 cap.
1398 1223 1439 1278 ιι,
1452 1223 1529 1264 vcra.
1542 1209 1594 1263 lt:
1611 1207 1653 1264 ibi
1666 1207 1746 1264 enim
1757 1208 1855 1282 primo
1870 1209 1917 1268 di·

283 1297 434 1369 potentem
454 1298 483 1351 et
500 1293 664 1364 efficacem3
679 1292 820 1366 relinquit
838 1291 918 1348 enim
936 1292 1012 1349 Deus
1025 1291 1080 1348 ob-
1121 1291 1206 1358 citur,
1219 1293 1303 1364 quod
1318 1295 1394 1350 oeus
1404 1291 1552 1352 indurarit
1566 1290 1765 1362 Pharaonem,
1777 1293 1850 1368 quia
1862 1294 1917 1349 sei-

284 1378 396 1435 duratis
410 1378 542 1451 aliquam
556 1377 692 1448 gratiam,
705 1391 767 1450 qua
778 1375 906 1434 subinde
918 1389 970 1431 eos
981 1376 1080 1430 movet
1122 1376 1189 1433 licet
1201 1377 1264 1433 hac
1278 1377 1326 1433 liei
1341 1375 1486 1434 miracula
1496 1375 1586 1434 simul
1600 1379 1683 1433 crant
1698 1376 1794 1450 plage
1807 1381 1837 1436 et
1849 1395 1917 1435 ver-

284 1468 313 1520 et
325 1463 424 1536 pulsat
437 1477 444 1517 ι
458 1461 571 1534 alioqui
590 1463 686 1516 assent
704 1459 761 1532 lpsl
775 1459 900 1515 omuino
918 1458 1080 1529 desperata
1121 1459 1209 1531 bera,
1223 1476 1291 1534 quae
1303 1461 1439 1517 animum
1453 1459 1612 1517 Pharaonis
1626 1460 1736 1518 durum
1749 1461 1917 1534 tundentis,

285 1547 403 1616 salutis,
422 1549 451 1602 et
470 1544 556 1618 quael
578 1543 710 1602 damnati
720 1561 729 1614 ;
748 1543 802 1599 sed
822 1541 915 1613 gratia
931 1539 995 1597 baec
1012 1555 1080 1598 rara
1121 1558 1184 1600 non
1201 1543 1390 1613 molliebant,
1404 1544 1458 1600 sed
1478 1544 1630 1600 duriorem
1643 1542 1818 1602 efficiebant.
1833 1546 1917 1606 adde
1939 1545 2008 1601 ‘aab

285 1635 343 1700 est,
357 1631 453 1687 tenuis
467 1632 495 1686 et
509 1628 637 1688 modica.
1123 1631 1214 1694 tertio,
1224 1630 1299 1684 Deus
1308 1633 1377 1702 post
1388 1627 1491 1700 plagas
1500 1626 1659 1698 objiciebat
1669 1628 1813 1688 Pharaoni
1826 1630 1917 1690 hasce
1934 1609 2009 1713 yffi

172 1725 266 1775 ansero,
321 1713 586 1782 Quarto,dandoei
601 1709 1080 1785 opes,animos,imperlum,glo·
1123 1709 1778 1782 autslmilescogltatlones:VultDeusutilli
1787 1713 1959 1774 cedmataa
1977 1743 2013 1787 qn

166 1783 271 1889 0⁶³“122
284 1799 374 1867 rium,
390 1795 501 1870 quibus
515 1796 563 1853 illc
577 1811 609 1852 se
621 1797 652 1852 ln
664 1811 718 1851 sua
731 1793 887 1868 tyrannide
897 1793 1078 1851 obfirmavit.
1122 1799 1150 1852 ta
1163 1795 1316 1866 humiliee3
1327 1796 1392 1852 vult
1403 1799 1435 1851 ut
1445 1777 1579 1851 animum
1589 1793 1754 1866 superbum
1764 1801 1794 1854 ιι
1805 1797 1917 1858 durum
1928 1803 1973 1896 ‘if
1987 1791 2014 1835 ὦ·

179 1857 249 1962 ¹390.
320 1883 422 1950 Quinto
445 1885 474 1936 at
496 1879 662 1954 aptissime,
687 1880 763 1934 ilaus
786 1875 893 1934 dicitur
915 1876 1080 1933 obdurasse
1123 1879 1273 1952 deponas3
1288 1879 1353 1936 vult
1369 1882 1401 1934 ut
1414 1877 1563 1951 populum
1581 1875 1751 1948 Hebraeum,
1766 1896 1858 1952 quem
1871 1885 1918 1953 ty·
1949 1865 2000 1959 ,ξζῖ

184 1970 248 2012 rium·
285 1966 477 2034 Pharaonem,
489 1962 561 2036 quia
574 1977 643 2020 cum
654 1961 767 2017 videret
778 1975 847 2017 eum
859 1960 971 2016 durum
984 1963 1013 2016 ct
1026 1959 1080 2016 ob·
1122 1962 1242 2019 rannice
1256 1961 1416 2036 opprimis,
1431 1961 1576 2029 dimittas,
1595 1963 1658 2018 esto
1674 1960 1723 2020 ille
1738 1962 1792 2022 tibi
1804 1977 1917 2035 magno

166 2030 894 2149 122¹ssssstinatum,quadamciroaillumegit,ex
908 2041 1019 2116 quibus
1030 2042 1079 2099 ille
1123 2045 1160 2100 sit
1173 2045 1295 2115 honori,
1310 2045 1427 2102 utilitati
1440 2049 1469 2100 et
1479 2044 1592 2114 gloriae.
1607 2043 1720 2111 Qaribue
1734 2047 1918 2117 cogitationi·

166 2153 224 2210 μη,
249 2159 271 2198 ,ι
284 2129 410 2204 sumpsit
419 2129 603 2186 occasionem
614 2126 889 2198 magisobdurandi
900 2143 941 2182 se.
952 2129 1007 2183 Pro
1018 2141 1080 2199 quo
1123 2125 1182 2184 hus
1198 2130 1326 2185 irritatus
1340 2127 1487 2201 superbus
1500 2127 1660 2184 Pharaonis
1675 2129 1805 2200 ammos,
1822 2131 1917 2201 magis

173 2215 262 2258 aiaca·
284 2217 371 2271 nota:
386 2214 498 2270 Pharao
510 2211 687 2270 dominandi
698 2211 826 2284 cupidae
837 2210 925 2284 plane
939 2209 1081 2267 ohflrma-
1124 2211 1347 2281 intumescebat,
1361 2210 1576 2281 iuduresoebat,
1588 2211 1819 2272 excandescebat
1831 2217 1859 2273 ιι
1870 2228 1917 2274 ro-

206 2277 235 2321 ¹⁸·
283 2305 329 2356 rat
345 2297 479 2358 animum
496 2295 620 2354 retinere
641 2294 794 2364 Hebraeos,
817 2299 850 2351 ut
871 2293 914 2350 eis
932 2292 1081 2352 dominari
1124 2293 1291 2352 luctabatur
1310 2299 1386 2364 Deo,
1405 2293 1579 2368 dicebatque
1592 2310 1600 2350 :
1613 2293 1684 2362 Quia
1699 2295 1773 2354 mibi
1788 2295 1917 2368 impera·

283 2386 399 2456 posset,
409 2384 503 2454 utque
514 2383 631 2450 gentem
643 2383 704 2435 tam
714 2377 860 2448 insignem
868 2382 897 2434 et
905 2375 1081 2436 industriam
1124 2376 1188 2436 biti
1201 2395 1257 2450 ego
1274 2394 1341 2435 sum
1355 2379 1468 2435 Pharao
1481 2394 1533 2434 rex
1546 2393 1684 2450 magnus.
1698 2379 1769 2447 Quis
1784 2383 1828 2440 ιιι
1841 2383 1916 2440 Deua

284 2463 425 2538 operibus
445 2462 575 2537 publicis
590 2461 674 2531 regni
691 2460 869 2533 applicaret;
884 2459 989 2528 ingens
1001 2458 1081 2516 enim
1124 2461 1312 2519 liebrmorum
1330 2463 1384 2535 qui
1395 2462 1473 2520 hano
1485 2463 1618 2535 pradum
1631 2459 1704 2520 mihi
1716 2462 1841 2535 sapisti
1854 2479 1917 2526 uon

284 2549 324 2620 ab
335 2547 376 2604 ela
387 2545 568 2620 percipiebat
578 2543 823 2601 emolumentum.
837 2543 907 2598 ilino
918 2541 1027 2600 laetum
1037 2545 1081 2597 est
1124 2545 1244 2616 oedem,
1260 2563 1322 2604 uon
1336 2547 1483 2604 dimittam
1500 2546 1659 2620 populum.
1673 2549 1707 2605 Et
1723 2547 1782 2606 hoc
1795 2549 1916 2623 propria

288 2637 334 2702 ut,
349 2647 418 2688 cum
435 2633 510 2687 Deus
524 2629 594 2686 illos
614 2627 652 2684 ab
666 2642 703 2682 ιο
724 2625 894 2710 abstrahere
911 2630 941 2682 et
957 2625 1081 2684 educere
1123 2629 1261 2687 ridentur
1272 2629 1437 2702 significare
1447 2629 1539 2688 verba
1550 2629 1714 2702 Scriptura,
1728 2631 1917 2706 quibuspost

285 2715 389 2786 vellet,
403 2713 452 2770 ille
466 2728 503 2770 eo
514 2711 609 2783 magis
623 2725 675 2767 eos
689 2708 819 2766 ιιιιιιιιιι
832 2712 962 2782 cuperet,
974 2703 1082 2780 magtr
1123 2713 1227 2787 plagas
1244 2714 1402 2787 plerasque
1424 2712 1523 2772 statim
1543 2712 1681 2772 subditur
1697 2731 1704 2770 ι
1729 2733 1743 2768 ιι
1755 2716 1916 2777 induravit-

285 2813 344 2873 que
363 2795 498 2856 animum
511 2811 600 2854 suum
616 2794 649 2850 in
666 2794 724 2851 hao
741 2792 907 2864 voluntate,
919 2791 1081 2854 ambitione
1124 2812 1185 2870 que
1197 2797 1338 2854 hominus
1348 2795 1616 2867 corPharaonis,et
1628 2811 1691 2857 nou
1702 2797 1815 2858 audivit
1826 2815 1914 2860 eos.»

285 2886 314 2940 et
327 2880 485 2956 tyrannide
498 2878 682 2938 obfirmaret.
1124 2882 1158 2940 at
1174 2881 1232 2940 hoo
1244 2897 1333 2938 sensu
1346 2881 1387 2939 ait
1399 2880 1579 2952 augustinus
1587 2918 1598 2950 ,
1610 2879 1664 2940 lib.
1679 2881 1702 2938 V
1717 2881 1817 2942 ocare
1826 2885 1917 2944 sarra

321 2973 397 3030 naus
417 2985 488 3040 ergo
506 2967 666 3026 obduravit
683 2966 882 3036 Pharaonem,
895 2969 1005 3038 prinu,
1019 2965 1081 3026 sule
1123 2979 1207 3032 aum,
1222 2981 1287 3038 cap.
1306 2981 1349 3036 ιιι,
1370 2967 1462 3023 baum
1483 2978 1546 3022 uon
1562 2967 1678 3024 tantum
1690 2979 1745 3024 aua
1759 2966 1917 3039 patientia,

283 3053 381 3130 plagis
399 3056 428 3110 at
447 3051 587 3124 flagellis,
601 3051 692 3123 idque
710 3065 746 3106 aa
765 3048 952 3109 immittendo
968 3065 1032 3108 non
1043 3049 1082 3110 si-
1124 3048 1177 3106 sed
1190 3053 1219 3105 et
1231 3048 1362 3122 potentia
1379 3047 1481 3120 (idest
1494 3046 1606 3120 potanti
1623 3047 1768 3121 imperio,
1779 3050 1879 3123 plagis
1890 3057 1917 3110 et

285 3138 350 3195 mul
362 3143 391 3194 ιι
403 3136 568 3205 excessive,
581 3135 635 3191 sed
646 3133 807 3207 paulatim,
821 3134 972 3194 moderata
986 3137 1015 3192 et
1027 3145 1082 3207 per
1124 3129 1262 3203 flagellis)
1276 3131 1460 3188 Pharaonem
1473 3129 1648 3190 obdurasse.
1663 3131 1827 3194 abdaram
1842 3151 1915 3208 ergo

285 3219 509 3292 intervalla31ta
521 3222 555 3277 ut
566 3218 701 3292 requiam
718 3216 745 3273 oi
766 3216 850 3274 daret
863 3215 1013 3276 subtracto
1026 3215 1081 3276 lla·
1125 3217 1202 3272 oeus
1217 3217 1411 3286 Pharaonem,
1424 3215 1457 3274 ιιι
1475 3219 1533 3286 ιιι,
1546 3214 1599 3274 illo
1612 3216 1805 3289 providentiae
1822 3220 1916 3280 modo

284 3303 364 3376 gello
377 3302 417 3362 ad
429 3306 564 3378 tempus,
580 3318 643 3376 quo
658 3301 749 3358 flebat
766 3305 799 3358 ut
818 3301 881 3356 hee
895 3299 1011 3371 flagella
1025 3299 1081 3358 mi·
1124 3299 1156 3356 ln
1167 3299 1316 3356 miraculis
1330 3303 1359 3356 et
1368 3297 1492 3370 flagellis
1505 3303 1570 3358 tum
1583 3298 1785 3372 immittendie,
1794 3305 1857 3362 tum
1872 3319 1917 3364 ra·

284 3403 361 3446 nora
378 3392 475 3444 essent
493 3388 556 3458 eius
567 3384 724 3458 tyrannide
744 3389 773 3441 et
787 3383 913 3454 duritie,
931 3397 986 3442 uec
1006 3381 1083 3440 mol·
1124 3382 1282 3452 vocandis,
1297 3382 1329 3438 in
1345 3397 1502 3452 magorum
1522 3381 1634 3439 omibus
1648 3385 1848 3457 permittendis
1859 3429 1871 3458 ,
1885 3389 1916 3446 iu

285 3471 339 3530 lire
355 3474 408 3528 aut
425 3469 560 3541 frangere
574 3474 696 3540 possent
709 3467 773 3538 ejus
790 3467 942 3536 animum,
956 3466 996 3524 ita
1015 3463 1082 3524 libi-
1124 3465 1222 3536 rigore
1235 3465 1390 3537 rigidoque
1399 3465 1540 3538 petitione
1550 3465 1637 3524 llosia
1647 3507 1656 3537 ,
1671 3471 1699 3523 et
1712 3467 1777 3528 aliis
1789 3468 1868 3530 circa
1880 3471 1916 3528 il-

287 3554 356 3612 dine
377 3552 552 3610 dominandi
566 3549 694 3609 Hebraeis
712 3565 870 3607 accensum
888 3553 917 3604 et
938 3547 1082 3607 obfirma·
1125 3548 1187 3604 lum
1200 3564 1272 3604 usus
1286 3551 1328 3606 est
1340 3551 1432 3617 licus,
1447 3547 1558 3620 quibus
1571 3549 1683 3610 Pharao
1696 3549 1837 3612 obduruit
1850 3571 1915 3614 ma·

286 3640 370 3706 tum,
386 3636 439 3692 sed
457 3635 557 3708 potius
570 3633 666 3702 magis
684 3649 753 3690 eum
772 3632 805 3688 in
825 3631 877 3688 llla
890 3631 1083 3690 accenderent
1126 3633 1190 3704 gis,
1204 3632 1375 3706 quibusque
1389 3635 1464 3690 Deus
1478 3649 1546 3690 eum
1564 3649 1595 3691 sa
1610 3649 1648 3694 ax
1659 3635 1781 3709 propria
1793 3639 1916 3711 malitia,

175 3729 271 3774 aaran
288 3725 317 3778 et
329 3718 522 3776 obfirmarent
537 3735 545 3774 r
561 3732 613 3774 cor
624 3715 704 3772 enim
716 3715 781 3785 ejus
794 3718 856 3772 erat
868 3714 976 3772 durum
991 3714 1083 3774 instar
1125 3718 1308 3790 proprioque
1327 3715 1487 3775 voluntatis
1500 3717 1622 3776 arbitrio
1641 3720 1736 3790 magis
1753 3720 1917 3782 onomata

169 3787 277 3896 ῑίζὲᾗξξθ
289 3801 468 3872 adamantis,
482 3801 535 3875 qui
548 3815 610 3875 quo
621 3797 716 3869 magis
726 3796 872 3866 tunditur,
885 3812 920 3854 ao
934 3797 1028 3867 magis
1038 3797 1083 3856 iu·
1126 3817 1192 3858 rum
1202 3799 1384 3873 presciebat,
1397 3814 1459 3858 uon
1470 3805 1570 3860 autem
1582 3801 1693 3874 quibas
1706 3804 1769 3878 ipsa
1783 3821 1851 3866 auur
1864 3807 1918 3868 ob-

42 3921 46 3928 ·
170 3913 275 3958 ,naqa
289 3885 434 3956 durescit3
447 3886 541 3942 durus
553 3885 632 3942 enim
647 3886 675 3939 et
689 3881 868 3954 depravatus
881 3877 1003 3938 affectus
1017 3896 1082 3938 om·
1127 3884 1234 3940 durare
1248 3883 1429 3941 intendebat.

175 3975 266 4018 iimo·
288 3969 339 4026 nia
350 3968 382 4026 in
396 3984 481 4026 suam
495 3967 634 4026 duritiem
647 3969 676 4024 et
694 3964 871 4039 pravitatem
882 3961 1038 4030 convertit3
1054 3969 1084 4020 et
1164 3965 1280 4029 Quaeras
1294 3966 1391 4029 tatio,
1405 3962 1480 4035 quid
1494 3963 1531 4020 sit
1545 3963 1666 4026 duritiae
1680 3965 1792 4042 cordis,
1807 3972 1835 4030 et
1847 3987 1917 4046 qua
1932 3975 2006 4040 ousae

288 4051 356 4109 uae
375 4051 500 4109 amma
520 4051 638 4124 flagello
658 4049 808 4108 viaeatur
826 4045 952 4104 suanae
972 4045 1084 4104 molam
1126 4045 1206 4103 iuius
1219 4046 1277 4104 sint
1286 4045 1480 4118 proprietates
1491 4051 1519 4106 a
1530 4046 1672 4110 effector
1929 4033 2011 4139 gfff,

289 4137 389 4207 (prout
402 4132 614 4192 alternantibus
627 4132 718 4190 animi
730 4131 896 4201 affectibus,
905 4129 1033 4188 subinde
1043 4131 1083 4188 ad
1162 4129 1331 4203 Respondet
1347 4131 1375 4188 S.
1391 4131 1572 4202 bernardus,
1583 4131 1637 4192 lib.
1653 4135 1663 4192 l
1678 4136 1715 4194 lle
1728 4136 1869 4198 σοηιιιιιν.
1883 4141 1918 4200 ad
1929 4160 1964 4202 a„
1978 4168 2011 4200 aa

288 4222 406 4292 tempus
418 4219 596 4276 molliuntur
608 4217 744 4274 homines
758 4217 848 4288 duri),
861 4221 961 4276 ιιιιιιιι
971 4231 1008 4274 ao
1022 4231 1083 4274 ces·
1126 4216 1278 4284 Eugenium
1292 4231 1302 4270 r
1318 4215 1400 4270 acor
1420 4214 1546 4284 durum,
1564 4214 1675 4288 inquit,
1697 4220 1739 4278 eet
1759 4223 1842 4292 quod
1865 4239 1918 4283 „30
1929 4222 1969 4290 us.
1987 4225 2010 4288 ¹a

288 4307 383 4374 sante,
396 4317 468 4362 mox
483 4301 523 4359 ad
539 4299 692 4372 ingenium
705 4304 733 4356 ot
753 4299 890 4359 duritiam
906 4313 992 4357 suam
1006 4298 1084 4358 redi·
1127 4294 1354 4370 compunctione
1365 4295 1517 4368 scinditur,
1530 4313 1583 4357 nec
1592 4298 1699 4371 pietate
1711 4302 1854 4376 mollitur,
1865 4323 1918 4368 uec
1930 4292 2010 4388 {iffi

288 4382 810 4453 batlindeliaode'rru,15,dicitur:
823 4381 955 4440 allidens
969 4383 1082 4440 Pharao
1127 4385 1263 4438 movetur
1280 4380 1434 4454 precibus,
1450 4397 1503 4440 noc
1521 4381 1597 4440 cedit
1619 4385 1725 4455 minis,
1739 4388 1814 4460 quin
1830 4391 1918 4452 etiam

288 4469 374 4542 quod
392 4468 461 4526 data
473 4471 548 4524 esset
560 4466 694 4539 requies,
707 4465 872 4537 ingravavit
888 4481 940 4524 eor
953 4477 1051 4524 suum.
1064 4486 1079 4524 a
1127 4463 1252 4535 flagellis
1263 4464 1387 4524 duratur
1402 4465 1506 4534 magis.
1522 4469 1578 4524 Cor
1591 4467 1701 4528 durum
1712 4475 1756 4528 est
1768 4471 1918 4543 ingratum

287 4552 366 4610 itas.
382 4549 561 4621 augustinus
570 4549 630 4620 hic,
641 4549 743 4616 Queat.
758 4551 1083 4621 xxxvl,etanostasius
1129 4549 1169 4608 ad
1180 4547 1335 4620 beneficia,
1348 4549 1387 4608 ad
1400 4549 1523 4608 consilia
1538 4549 1676 4622 infidum,
1688 4553 1730 4612 ad
1739 4555 1853 4626 judicia
1868 4577 1921 4619 sa-

288 4633 424 4702 nicenus,
435 4633 538 4700 Quart.
552 4635 640 4691 lllllll.
656 4634 757 4705 ltaque
771 4632 846 4691 elcut
856 4634 940 4706 pueri
953 4649 1083 4710 aequam
1129 4649 1218 4702 vum,
1232 4631 1465 4690 inverecundum
1484 4633 1523 4692 ad
1541 4635 1658 4708 turpia,
1672 4636 1861 4710 impavidum
1882 4643 1920 4702 ad

289 4721 319 4776 et
338 4715 506 4791 pervicaces
526 4714 700 4774 verberibus
722 4713 798 4772 fiunt
821 4716 970 4787 duriores,
993 4717 1035 4776 sio
1055 4721 1084 4776 ιι
1130 4715 1279 4790 pericula,
1296 4715 1492 4776 inhumanum
1510 4717 1550 4778 ad
1570 4718 1720 4790 humana,
1734 4725 1922 4786 tammarium

289 4799 404 4858 Pharao
417 4797 592 4858 verberibus
605 4797 757 4856 belundo
771 4797 845 4856 siout
857 4803 1020 4872 preceptor
1032 4799 1086 4860 tla-
1131 4800 1171 4858 ad
1192 4799 1320 4858 divina':
1337 4801 1553 4872 praeteritorum
1576 4802 1773 4877 obliviscens,
1793 4821 1926 4881 prasen-

290 4881 430 4955 gallando
450 4897 578 4956 puerum
595 4881 799 4955 pervicacem,
819 4881 926 4939 dicitur
943 4897 1012 4940 eum
1030 4882 1085 4942 tla-
1130 4883 1206 4942 tium
1220 4883 1387 4955 negligens,
1402 4883 1571 4944 futurorum
1585 4887 1789 4960 improvidum
1801 4907 1811 4950 r
1824 4891 1924 4965 ipsum

290 4964 377 5038 gellis
391 4963 452 5022 suis
472 4964 637 5035 obdurare,
656 4963 812 5036 magisque
828 4963 1011 5035 pervicacem
1026 4965 1088 5024 affl·
1132 4968 1212 5026 enim
1222 4971 1276 5038 est,
1287 4967 1334 5026 oui
1347 4969 1573 5042 praeteritorum,
1585 4973 1778 5043 pratersolas
1791 4973 1926 5046 iujurias,

292 5061 358 5106 cere
373 5063 381 5106 t
397 5044 438 5106 ita
458 5049 534 5106 Deus
554 5048 616 5106 suis
632 5047 730 5120 plagis
747 5044 855 5104 dicitur
873 5047 1046 5120 indurasse,
1059 5053 1088 5108 ιι
1132 5051 1340 5112 nihilomnino
1352 5069 1413 5110 nou
1426 5053 1562 5127 preterit,
1575 5055 1765 5128 presentium
1776 5057 1851 5118 nihil
1864 5075 1927 5118 aon

294 5128 398 5190 danus
410 5130 575 5190 reddidisse
587 5145 640 5190 sor
653 5129 825 5200 Pharaonis,
833 5129 1088 5192 nonimmittcndo
1132 5135 1223 5211 perit,
1237 5133 1405 5195 futurorum
1428 5137 1511 5195 nulla
1530 5143 1591 5208 est,
1606 5137 1663 5194 nisi
1681 5138 1757 5200 iorte
1778 5141 1819 5200 ad
1836 5142 1927 5202 ulois·

293 5213 338 5274 illi
352 5213 506 5286 duritiem,
517 5213 571 5273 sed
584 5212 754 5286 objiciendo
773 5212 816 5272 illi
832 5211 966 5285 flagella,
978 5213 1089 5289 quibus
1133 5219 1263 5278 cendum
1280 5219 1460 5294 prospeetio;
1476 5224 1520 5291 et,
1536 5225 1567 5282 ut
1579 5220 1663 5280 brari
1676 5227 1783 5284 cuneta
1795 5225 1928 5286 horribi-

259 5365 261 5370 ,
294 5296 359 5372 ipse
380 5297 475 5371 magis
497 5295 629 5374 seipsam
649 5297 825 5371 obduravit,
845 5295 1010 5376 fortiusque
1030 5305 1088 5362 lieo
1134 5305 1254 5364 hemaii
1272 5305 1352 5362 mala
1367 5305 1555 5380 complectar,
1574 5323 1626 5366 cor
1642 5308 1753 5366 durum
1769 5313 1830 5382 est,
1843 5311 1930 5387 quod

295 5381 409 5448 ιιιιιιίι.
1135 5405 1190 5448 uec
1203 5389 1404 5462 Duumtimet,
1418 5390 1620 5454 pachomium
1633 5397 1822 5455 marem.»
