4020 6026
141 343 613 384 '⁴
293 343 319 352 ''
379 341 395 350 '¹
555 341 559 352 '
613 341 942 381 Μ’
806 338 809 344 ’
943 341 1244 379 ’ψ’
1245 348 1744 386 mmmmm

228 777 232 784 .
283 643 642 896 eunoun
688 644 1182 800 rumnunur
1226 541 1607 800 uacuum

827 915 970 988 (tassio
991 914 1059 988 ill·

808 1115 1108 1152 ι-ΘΘΘΘΦ-ν

924 1329 960 1403 Ι.

490 1526 574 1622 ΒΕ
606 1527 956 1623 canonicis
997 1528 1393 1626 sceleratius,

171 1759 364 1829 &musantia
384 1759 568 1825 aecumenica
590 1761 620 1823 et
636 1753 784 1840 generalis
799 1754 979 1820 Tridentina
992 1755 1147 1840 synodus,
1162 1761 1196 1822 in
1218 1760 1334 1841 Spiritu
1350 1766 1458 1826 Sancto
1476 1761 1611 1846 ispume
1632 1788 1755 1853 congro·

130 1867 217 1944 gata,
237 1855 464 1940 praesidentibus
482 1855 516 1920 in
535 1869 572 1920 ea
590 1855 705 1920 eisdem
723 1855 820 1918 trihus
837 1853 1014 1935 Apostolicac
1034 1857 1118 1920 Sedis
1137 1857 1258 1936 legatis,
1272 1857 1328 1920 hoc
1341 1857 1399 1920 sibi
1413 1869 1556 1942 perpetuo
1570 1873 1640 1928 ante
1654 1869 1754 1936 oculos

131 1969 316 2040 proponetis,
331 1961 383 2033 ut,
397 1953 524 2018 sublatis
536 1953 705 2028 erroribus,
721 1955 837 2034 panitas
851 1953 918 2033 ipsa
931 1951 1088 2033 Evangelii
1101 1951 1134 2014 in
1148 1953 1276 2016 Ecclesia
1289 1966 1483 2019 conservetur
1502 1980 1510 2021 t
1531 1964 1610 2042 quod
1628 1967 1755 2045 promis·

131 2070 202 2118 sarm
223 2055 292 2116 tute
311 2065 365 2134 per
382 2049 544 2131 Prophetas
557 2049 591 2112 ln
606 2047 766 2130 scripturis
784 2049 909 2124 sanctis,
924 2050 1071 2112 Dominus
1093 2055 1195 2112 noster
1207 2053 1294 2114 iesus
1308 2051 1442 2116 Christus
1455 2055 1507 2117 liei
1520 2058 1614 2122 Filius
1636 2063 1754 2144 proprio

121 2165 183 2214 ore
195 2149 330 2231 primum
344 2145 557 2228 promulgavit,
571 2145 680 2209 deinde
693 2163 747 2226 per
759 2163 827 2208 suos
841 2143 995 2224 Apostolos
1009 2151 1156 2226 tanquam
1168 2145 1282 2209 iontem
1295 2149 1394 2212 omnis
1406 2157 1436 2212 et
1450 2143 1592 2218 salutaris
1608 2161 1752 2242 veritatis,

130 2252 161 2310 et
174 2261 295 2310 morum
310 2245 492 2326 disciplinae,
506 2243 591 2306 omni
603 2250 745 2306 creaturae
758 2239 913 2322 praedicari
925 2243 1038 2322 jussit:
1054 2238 1294 2324 perspiciensque
1307 2245 1385 2308 hanc
1403 2245 1560 2312 veritatem
1578 2259 1608 2314 et
1625 2255 1754 2338 discipli-

130 2355 205 2408 nam
218 2341 367 2406 contineri
379 2342 414 2404 in
427 2339 515 2404 libris
527 2341 665 2422 scriptis,
678 2346 709 2402 et
722 2340 788 2402 sine
801 2339 910 2419 scripto
923 2337 1155 2415 traditionibus,
1169 2355 1236 2420 que
1248 2341 1346 2420 ipsius
1359 2342 1470 2406 Christi
1485 2363 1536 2410 ore
1551 2349 1588 2411 ab
1603 2353 1750 2434 Apostolis

131 2447 273 2522 acceptae,
288 2443 342 2504 aut
355 2437 393 2501 ab
403 2437 476 2518 ipsis
489 2437 651 2519 apostolis,
665 2435 781 2516 Spiritu
795 2438 903 2499 Sancto
918 2435 1069 2513 dictante,
1083 2435 1170 2517 quasi
1183 2453 1237 2516 per
1249 2455 1358 2501 manus
1373 2439 1510 2520 traditae,
1532 2445 1569 2508 ad
1590 2465 1644 2511 nos
1662 2469 1754 2532 usque

130 2545 356 2620 pervenerunt:
373 2533 609 2601 orthodoxorum
623 2535 748 2598 Petrum
760 2531 897 2614 exempla
910 2539 1022 2611 secuta,
1037 2547 1141 2595 ornnes
1154 2533 1246 2598 libros
1260 2545 1323 2598 tam
1338 2538 1448 2602 veteris
1464 2557 1555 2620 quam
1570 2547 1638 2608 novi
1653 2549 1755 2614 Testa·

130 2633 246 2713 menti,
266 2649 337 2699 cum
359 2635 516 2715 utriusque
537 2647 618 2696 unus
639 2633 718 2695 [teus
739 2631 780 2694 sit
799 2639 919 2710 auctor,
936 2645 1070 2692 necnon
1088 2631 1263 2694 traditiones
1281 2632 1358 2712 ipsas
1376 2641 1445 2698 tum
1464 2639 1501 2700 ad
1514 2639 1619 2718 fidem,
1636 2649 1703 2708 tum
1717 2643 1754 2710 ad

130 2745 231 2795 mores
246 2731 446 2811 pertinentes,
468 2735 615 2810 tauquam
629 2725 677 2792 vel
695 2745 745 2791 ore
764 2736 854 2790 tenus
871 2745 888 2790 a
906 2727 1040 2805 Christo,
1054 2728 1104 2789 rel
1119 2745 1136 2789 a
1149 2724 1263 2808 Spiritu
1284 2733 1391 2794 Sancto
1410 2731 1554 2816 dictatas,
1568 2747 1598 2801 et
1612 2743 1756 2814 continua

131 2827 316 2893 successione
329 2829 363 2892 in
377 2827 508 2892 Ecclesia
520 2825 664 2891 catholica
677 2833 883 2902 conservatas,
898 2825 964 2905 pari
985 2825 1104 2906 pietatis
1117 2823 1227 2888 affectu
1242 2834 1272 2889 et
1283 2831 1451 2894 reverentia
1469 2835 1610 2916 suscipit,
1624 2847 1654 2902 et
1667 2859 1755 2906 vona»

132 2933 229 2990 ratur.
252 2929 412 2991 Sacrorum
434 2943 504 2990 vero
523 2923 674 2988 librorum
695 2922 826 2986 indicem
844 2920 916 2986 huic
937 2923 1053 2985 decreto
1072 2921 1306 2987 adscribendum
1324 2927 1456 3006 censuit,
1477 2947 1516 2994 ne
1539 2935 1587 2996 cui
1607 2933 1756 3004 dubitatio

133 3023 265 3089 suboriri
282 3023 390 3106 possit,
411 3024 537 3104 quinam
555 3021 635 3100 sint,
653 3021 706 3104 qui
727 3019 764 3084 ab
782 3021 846 3101 ipsa
867 3019 988 3102 syuodo
1009 3021 1226 3100 suscipiuntur.
1246 3025 1325 3085 Sunt
1340 3037 1410 3088 roro
1425 3025 1618 3110 infrascripti
1634 3032 1756 3099 :Testa-

135 3121 230 3186 menti
251 3121 360 3184 veteris
380 3139 388 3183 τ
407 3120 542 3202 quinque
562 3119 675 3200 Mopsi,
695 3117 726 3181 id
745 3127 804 3196 est,
819 3117 961 3195 Genesis,
976 3115 1113 3195 Euodus,
1128 3119 1292 3197 beriticus,
1307 3123 1449 3200 Numeri,
1466 3127 1753 3212 Deuteronomium;

132 3221 237 3296 iosus,
256 3217 418 3294 traditum,
436 3216 536 3294 Raith3
555 3221 684 3296 quatuor
700 3219 814 3296 Regum
829 3234 840 3292 ;
858 3213 918 3276 duo
935 3211 1202 3294 raulipomeuom
1217 3215 1317 3278 Esdraa
1333 3219 1451 3298 primus
1469 3231 1499 3284 et
1515 3215 1681 3306 secundus,
1699 3230 1754 3312 qai

134 3315 245 3380 dicitur
263 3313 439 3394 Nehemias3
457 3313 581 3390 Tobios,
603 3309 728 3390 iudith,
748 3309 874 3389 Esther,
894 3311 967 3389 tob,
986 3309 1165 3373 psalterium
1186 3311 1365 3376 vatidicum
1388 3323 1511 3381 centum
1533 3321 1754 3406 quinquaginta

134 3411 338 3488 Psalmorum,
361 3409 527 3489 Parabolos,
550 3407 755 3486 Ecclesiastes,
776 3409 934 3472 muricum
952 3405 1156 3487 canticorum,
1180 3409 1353 3490 Sapientia,
1377 3415 1614 3500 Ecclesiasticus,
1642 3421 1751 3504 isaias,

133 3511 278 3574 ieremias
295 3525 365 3572 carm
378 3506 512 3584 Baruch,
527 3506 678 3581 Ezechiel,
694 3505 818 3585 baniel;
833 3504 991 3568 duodecim
1004 3508 1157 3585 Propheta
1170 3503 1319 3585 minores,
1333 3507 1366 3571 id
1380 3517 1437 3590 est,
1453 3517 1544 3593 Osca,
1557 3513 1635 3596 Joel,
1649 3526 1751 3602 Amos,

134 3605 260 3683 abdias,
280 3609 386 3680 Jonas,
408 3602 564 3680 blichaeas,
585 3602 724 3680 Nahum,
743 3601 897 3680 Habacuc,
919 3603 1099 3683 sophonias,
1123 3606 1263 3683 Aggaeus,
1286 3607 1462 3688 Zacharias,
1485 3613 1667 3696 bialachias3
1692 3619 1752 3684 duo

133 3703 388 3777 blachabaeorum,
410 3701 528 3781 primam
551 3706 581 3762 et
607 3693 767 3763 secundus.
795 3701 979 3763 Testamenti
1001 3701 1074 3764 novi
1102 3720 1111 3762 ι
1138 3709 1267 3783 quatuor
1291 3707 1473 3786 Evangelia,
1502 3714 1668 3776 secuudum
1691 3720 1753 3780 Ma-

134 3800 265 3876 thaeum,
290 3801 439 3874 hiarcam,
458 3799 575 3860 Lucam·
588 3803 619 3859 et
636 3799 802 3875 loannem3
819 3801 912 3860 Actus
926 3797 1135 3878 Apostolorum
1156 3817 1174 3862 a
1192 3803 1271 3864 Luca
1287 3804 1469 3883 evangelista
1487 3786 1666 3891 conscripti,
1680 3831 1752 3894 qua-

133 3896 301 3960 tuordecim
316 3893 452 3976 Eristclae
465 3894 552 3957 Pauli
566 3894 689 3974 apostoli
706 3919 713 3957 :
729 3895 942 3972 accamanus,
957 3896 1024 3958 dua
1037 3897 1074 3958 ad
1088 3896 1274 3974 Corinthios,
1289 3899 1326 3961 ad
1338 3901 1472 3980 Galatas,
1488 3905 1526 3968 ad
1539 3907 1698 3988 Ephesios,
1714 3912 1752 3974 ad

134 3993 360 4074 Philippenses,
373 3991 410 4054 ad
424 3993 623 4068 colossenses,
639 3991 707 4054 duae
726 3993 763 4055 ad
775 3992 1075 4070 Thessalonicenses,
1089 3994 1155 4055 dara
1168 3993 1206 4055 ad
1219 3995 1431 4073 Timotheum,
1447 4001 1485 4062 ad
1497 4002 1618 4082 Titum,
1633 4005 1669 4067 ad
1682 4006 1753 4070 Phi·

133 4091 306 4166 lemonem,
326 4089 363 4152 ad
382 4090 543 4167 Hehraeos3
563 4089 643 4151 Petri
659 4089 783 4170 apostoli
801 4091 887 4166 duae3
906 4089 1033 4153 loannis
1051 4089 1174 4169 apostoli
1191 4097 1273 4170 tres;
1294 4093 1393 4155 iacobi
1417 4098 1541 4174 apostoli
1562 4117 1644 4180 una3
1668 4103 1753 4166 tuda

136 4185 261 4268 apostoli
279 4203 360 4261 una,
379 4192 409 4248 et
427 4185 618 4268 Apocalypsis
638 4187 764 4250 loannis
783 4186 918 4268 apostoli.
941 4187 973 4250 Si
987 4187 1056 4268 quis
1069 4191 1172 4250 autem
1186 4187 1278 4250 libros
1292 4188 1370 4269 ipsos
1383 4191 1514 4272 integros
1528 4212 1598 4259 cum
1611 4197 1754 4263 omuibus

136 4283 200 4344 suis
219 4282 367 4362 partibus,
385 4286 473 4362 prout
492 4282 527 4344 in
545 4282 673 4346 Ecclesia
687 4283 833 4347 catholica
844 4284 904 4364 legi
917 4292 1154 4362 consueverunt,
1169 4285 1246 4347 etin
1260 4286 1361 4349 Veteri
1375 4289 1502 4370 Vulgata
1514 4292 1610 4357 latina
1623 4296 1753 4361 editione

136 4376 309 4456 habentur,
322 4394 375 4458 pro
388 4378 478 4442 sacris
490 4385 521 4442 et
533 4379 684 4444 canonicis
706 4397 768 4444 aon
781 4381 962 4462 susceperit,
974 4387 1006 4445 et
1018 4381 1192 4446 traditiones
1205 4383 1359 4462 praedictas
1377 4387 1475 4453 sciens
1495 4395 1525 4452 et
1540 4393 1673 4472 prudeus
1685 4411 1754 4458 coa·

18 4489 20 4566 ᾗ
136 4473 309 4557 ωωρεοτὶτ,
323 4473 485 4541 mathema
495 4474 545 4540 stt.

916 4653 977 4731 Π.

329 4795 339 4818 ’
375 4789 774 4949 ouummcuu
809 4857 1140 4958 sacuouuu
1177 4859 1512 4964 irancuum.

177 5087 303 5168 insuper
315 5087 421 5151 eadem
433 5095 616 5152 sacrosancta
633 5091 781 5172 synodus,
797 5093 985 5156 considerans
1001 5111 1063 5157 non
1082 5111 1191 5175 parum
1209 5095 1351 5159 utilitatis
1369 5099 1505 5162 accedere
1516 5118 1602 5181 posse
1616 5102 1752 5169 Ecclesia

135 5183 205 5261 Dei,
220 5183 248 5246 si
263 5201 301 5246 ex
312 5185 455 5248 omnihus
475 5184 579 5249 latinis
599 5186 794 5264 editionibus,
812 5206 880 5269 quae
896 5191 1169 5270 circumferuntur,
1189 5211 1342 5257 sacrorum
1360 5195 1525 5277 librorum,
1548 5217 1685 5280 quaenam
1698 5221 1751 5283 pro

136 5281 312 5344 authentica
324 5279 463 5346 habenda
475 5281 532 5360 sit,
545 5282 728 5360 innotescat,
744 5285 851 5349 statuit
864 5294 894 5349 et
906 5289 1051 5366 declarat,
1066 5297 1102 5352 ut
1118 5290 1181 5354 haec
1202 5291 1268 5372 ipsa
1281 5300 1367 5356 vetus
1381 5302 1412 5357 et
1425 5294 1546 5374 vulgata
1563 5298 1671 5375 editio,
1686 5317 1751 5380 qua

134 5377 224 5460 longo
236 5383 282 5442 tot
294 5375 470 5445 saeculorum
483 5397 543 5444 usu
555 5379 590 5445 in
602 5379 667 5461 ipsa
678 5381 807 5448 Ecclesia
817 5383 940 5464 probata
950 5393 1008 5465 est,
1017 5386 1052 5448 in
1061 5387 1189 5466 publicis
1203 5389 1394 5469 lectionibus,
1405 5393 1666 5516 disputationibus,
1677 5413 1750 5476 pra·
1822 5421 2003 5529 *⁵⁵5
