4042 6032
1645 301 1744 366 0111!

110 393 192 457 Phio
207 395 340 458 minores
358 397 431 458 deos
449 413 467 458 o
486 412 606 464 summo
626 413 690 462 esse
709 401 845 461 conditos
862 415 907 460 re-
950 405 1096 468 mcasuris
1109 405 1299 480 moreretur
1310 404 1542 470 substitortutt»
1561 406 1627 472 tino
1640 405 1744 472 dicum

110 475 181 550 lert,
200 481 231 536 et
248 480 288 536 ab
307 480 366 542 illis
385 479 462 546 scca
482 480 624 556 dsucsps
641 485 671 542 et
682 484 829 557 perpolita
841 483 907 544 rcli·
950 489 1164 552 turocoasione
1176 491 1337 554 verboram
1350 491 1573 561 pontiseram
1591 493 1645 556 stu
1659 505 1743 562 spem

110 577 180 636 qua.
950 570 1018 630 vitae
1041 577 1174 644 aterum,
1195 591 1286 647 quam
1305 573 1441 647 promisit
1458 573 1511 647 qui
1529 587 1591 638 non
1604 573 1744 640 mentitur

146 647 319 714 nubilatum
339 650 396 720 sais
415 649 517 711 utrum
537 649 640 718 angeli
663 649 752 708 creati
770 649 828 706 sint
846 664 908 708 une
951 655 1043 725 Deus,
1058 659 1124 716 ante
1148 662 1268 728 tenpore
1289 659 1469 716 senatoria.»
1495 657 1690 729 Hieronymus
1715 659 1744 724 et

111 745 180 792 curn
201 731 318 790 mundo
344 746 500 806 corporeo.
526 733 554 791 S.
576 733 699 796 Basilius
716 733 830 808 scripsit
843 733 905 806 iti:
950 739 1130 808 Augustinus
1144 740 1181 814 (t)
1194 740 1297 811 legunt
1314 747 1377 803 aute
1391 746 1511 811 tenpus
1529 745 1644 810 atomo,
1661 739 1743 806 icco

112 815 315 886 «eratenim,
335 818 369 874 ιιι
381 819 514 888 apparet,
529 816 645 888 aliquid
667 817 755 874 etiarn
769 820 836 878 anie
849 817 907 874 boc
951 836 1010 892 que
1024 822 1219 897 Hieronymus
1232 825 1412 890 locutionem
1426 824 1652 898 illuminantes
1666 829 1744 882 otas

109 898 298 968 universum,
319 899 404 972 quod
417 903 514 962 naute
528 900 648 976 quidem
664 903 765 961 nostra
779 903 908 963 contem·
951 908 1053 963 nitores
1075 907 1133 964 hoo
1159 910 1226 966 loeo
1247 912 1380 982 usurpat.
1403 910 1509 971 rorum
1536 907 1599 972 haea
1624 913 1744 982 tmpore

109 981 187 1054 plari
200 997 376 1055 pessumum
395 997 457 1043 non
475 986 629 1044 esttamen
642 983 744 1044 litteris
759 983 828 1042 ullis
840 999 908 1058 pro-
951 993 1052 1044 nterea
1064 1006 1116 1048 aon
1125 993 1238 1060 sumunt
1247 995 1447 1060 mocorono
1460 990 1542 1058 uicit
1553 990 1744 1068 augustinus,

110 1065 217 1136 ditum
231 1067 317 1139 quod
330 1066 457 1131 rudibus
476 1070 505 1127 et
517 1068 684 1138 cognitione
703 1067 801 1126 adhue
815 1067 909 1126 iaiau-
952 1071 1004 1143 qui
1018 1071 1089 1129 alibi
1102 1073 1203 1130 scribit
1216 1074 1269 1147 (7),
1283 1080 1385 1131 cluna
1397 1091 1415 1130 a
1428 1074 1520 1134 paulo
1534 1073 1592 1138 dici
1606 1080 1725 1150 tempora
1733 1117 1743 1148 ,

108 1149 189 1209 tibus
204 1167 397 1226 nequaquam
407 1166 570 1224 congruere
583 1152 749 1213 videbatur.
766 1154 832 1210 Erat
844 1151 909 1224 qui·
952 1161 1126 1225 percontere
1142 1159 1402 1221 conuocaturum
1417 1163 1530 1229 tenpus.
1545 1155 1639 1220 Verba
1653 1161 1745 1234 Apos-

111 1235 181 1294 dam
203 1235 310 1299 mundi
332 1235 529 1308 productione
556 1238 647 1292 status
672 1235 823 1310 antiquior
849 1234 908 1291 illis
952 1239 1016 1308 toli,
1029 1238 1076 1296 hio
1090 1243 1203 1303 etitem.
1216 1256 1274 1310 ru,
1287 1243 1334 1311 pti,
1347 1240 1449 1304 omnia
1462 1240 1653 1308 solummodo
1667 1256 1744 1320 prm„

110 1318 227 1380 mundo
259 1319 462 1393 superioribus
489 1319 644 1382 uirtutibus
677 1322 905 1386 consertarum,
952 1322 1034 1381 terite
1047 1324 1744 1396 temporasiguificarenideptur‚coeturum1110.

110 1407 245 1476 temporo
259 1404 399 1473 anterior,
413 1403 622 1476 sempiternus,
636 1405 813 1475 perpetuum
830 1416 908 1456 crea·
952 1420 1097 1478 ronymus
1110 1407 1220 1480 optime
1234 1411 1336 1480 norat,
1351 1409 1513 1482 Scripturas
1527 1405 1633 1468 docere
1650 1423 1744 1478 unum

110 1491 191 1545 iuras
212 1490 312 1551 eutem
333 1487 364 1552 io
385 1487 450 1559 ipso
474 1490 587 1548 creator
605 1486 739 1545 omniurn
761 1489 789 1542 et
808 1482 907 1557 opifex
952 1493 1113 1549 creatorem
1139 1491 1350 1564 sempiternum
1372 1508 1455 1563 osse,
1477 1507 1531 1558 nco
1555 1491 1745 1562 aternitatarp

109 1569 239 1631 effecit...
255 1585 361 1644 nempe
374 1569 532 1628 rationales
546 1565 643 1642 neqde
654 1567 845 1640 aspectabiles
856 1582 907 1624 na·
951 1571 1100 1634 tribuebat
1111 1575 1238 1646 Angelis,
1253 1577 1305 1648 qui
1317 1575 1424 1637 eodem
1437 1575 1468 1644 ip
1480 1574 1548 1637 loeo
1559 1574 1645 1634 docet
1653 1579 1745 1648 Auges

109 1659 207 1723 tures,
228 1658 258 1711 et
275 1669 394 1715 omnem
406 1652 638 1724 intelligibilium
657 1651 808 1715 ordinem,
830 1667 909 1723 qum
952 1653 988 1711 lis
1001 1659 1116 1714 tantum
1137 1674 1204 1718 sex
1220 1658 1374 1730 largitione
1391 1658 1442 1728 Dei
1462 1659 1563 1724 datam
1580 1657 1670 1719 fuisse
1688 1658 1745 1722 im„

111 1753 241 1810 euntque
261 1741 390 1800 ruentem
409 1741 541 1794 nostram
555 1739 708 1808 superant,
728 1751 857 1808 quorum
870 1751 908 1792 no
952 1739 1201 1800 mortalitateme

112 1823 236 1882 uomina
254 1820 377 1895 quidem
401 1819 570 1890 investigari
587 1823 720 1892 possunt.
746 1822 810 1876 limo
828 1817 906 1876 cuim
989 1825 1746 1900 bltltltlll.0uandm1amigiturnngellcreetisuntl

111 1904 269 1964 invisibilis
287 1904 392 1970 mundi
404 1903 599 1968 substantiam
618 1903 785 1976 compleat,
802 1906 835 1960 ut
852 1918 908 1958 nos
952 1912 996 1964 An
1023 1923 1083 1971 una
1105 1925 1173 1970 cum
1200 1912 1314 1968 mundo
1340 1913 1505 1984 commeo?
1525 1927 1565 1970 gn
1586 1926 1659 1976 pam
1679 1915 1746 1974 ango

112 1988 220 2048 paulus
233 1989 281 2047 bis
297 1987 396 2051 vorbis
414 1989 515 2044 docet:
531 1986 675 2060 quoniam
689 1987 719 2045 in
734 1987 799 2059 ipso
813 1990 908 2043 crecta
952 1990 1031 2046 hunc
1051 1993 1258 2064 aspectabilem
1279 1995 1447 2066 mundum,
1464 1998 1498 2052 ut
1515 1995 1653 2057 docentes
1670 1995 1745 2061 ridle

112 2076 181 2130 sunt
198 2073 315 2143 omnia,
339 2073 400 2138 sire
417 2071 547 2128 risibilia
568 2072 629 2130 sire
647 2069 820 2139 invisibilia,
848 2069 907 2125 sive
951 2091 1019 2132 mus
1036 2075 1150 2148 aliquot
1167 2076 1300 2142 molestie
1314 2080 1432 2142 paneri
1446 2080 1526 2142 Circo
1545 2079 1593 2138 boo
1608 2081 1746 2147 tremitur

112 2157 232 2226 lbroni,
247 2158 310 2214 sire
322 2156 551 2224 nominationes,
567 2156 627 2213 sire
638 2153 831 2226 Principum,
847 2152 908 2208 sive
953 2159 1054 2230 despice
1073 2160 1229 2224 &aetorum
1251 2165 1401 2229 scatentia,
1421 2161 1462 2220 ait
1483 2163 1511 2220 S.
1536 2161 1663 2228 Thomas
1684 2183 1691 2220 ι
1711 2177 1746 2230 eo

111 2244 281 2312 potestates,
297 2242 356 2304 sire
370 2241 507 2310 Virtutes,
529 2239 591 2296 sire
605 2237 785 2310 Angelorum
798 2235 908 2296 crescii
952 2245 1126 2318 perantiqua
1140 2245 1204 2302 hue
1216 2248 1246 2302 st
1262 2245 1384 2307 sulphure
1398 2245 1522 2319 questio
1536 2249 1590 2306 get,
1607 2246 1744 2314 Commu.

111 2330 169 2396 tus,
183 2327 245 2384 sive
260 2325 520 2397 archangelorum.
532 2343 546 2378 u
563 2326 626 2380 Non
640 2321 724 2382 tacito
737 2319 908 2390 intelligitur
952 2328 1074 2389 nissima
1088 2331 1187 2389 tamen
1201 2327 1408 2397 theologorum
1421 2328 1564 2394 sententie
1575 2331 1665 2400 tenet,
1674 2329 1746 2404 guod

111 2411 158 2467 bio
165 2414 259 2472 status
267 2409 396 2469 anterior
405 2413 539 2482 tempora
552 2410 581 2467 et
589 2410 727 2475 aeternus,
742 2419 909 2474 congruens
953 2413 1052 2481 eripere
1065 2414 1149 2472 simui
1159 2427 1218 2473 sem
1231 2417 1357 2475 gruem
1369 2427 1496 2484 nemppe
1506 2417 1571 2471 pier
1583 2413 1679 2475 mare,

112 2493 283 2556 substantiis
298 2492 502 2565 superioribus
517 2491 642 2561 mundo,
657 2488 710 2563 qui
724 2504 832 2557 evum,
846 2488 908 2548 imo
987 2495 1069 2552 circa
1081 2495 1158 2560 bano
1171 2493 1401 2562 conuoversiam
1421 2493 1747 2567 ercammarum

111 2578 257 2640 emunitas
270 2575 506 2648 interpretandus
523 2573 649 2639 videtur.
670 2572 729 2632 lllis
742 2572 841 2633 rcrhis
853 2587 909 2644 pu·
952 2579 1066 2644 ratione
1076 2582 1214 2646 neutram
1227 2581 1341 2650 partem
1351 2577 1547 2639 demonstrari
1558 2592 1647 2652 posse
1658 2595 1664 2634 ι
1677 2592 1747 2642 aune

1 2699 2 2712 ι
111 2666 151 2720 ιιι
166 2661 311 2735 vesqulus
323 2661 360 2732 (pi
381 2659 568 2726 recensitum
587 2657 744 2732 quoddam
762 2655 908 2726 imauinc-
952 2677 1014 2726 nou
1027 2677 1065 2719 ex
1080 2665 1185 2721 natura
1198 2677 1309 2732 rerum,
1318 2661 1438 2734 Vesuuii
1452 2662 1489 2735 (8)
1498 2661 1597 2725 verbis
1606 2661 1747 2734 blamed

111 2746 201 2816 rium,
214 2745 441 2818 omnitempore
453 2744 593 2812 anterius,
606 2741 774 2814 significari.
789 2741 908 2801 suarius
953 2761 989 2804 ex
1000 2744 1048 2804 liei
1061 2745 1126 2807 sola
1138 2745 1291 2810 voluntate
1304 2745 1501 2820 pendeat,tall
1512 2747 1564 2803 eut
1573 2745 1625 2810 tali
1635 2748 1746 2820 puncto

113 2831 235 2896 omdidit
249 2833 358 2891 statum
372 2828 458 2886 illum
471 2831 625 2896 murnum,
640 2845 655 2882 o
668 2841 731 2889 non
745 2825 782 2882 de
796 2823 908 2883 ctcrni-
952 2827 1094 2903 temporis
1113 2828 1239 2898 angelos
1257 2828 1382 2902 produci
1398 2845 1406 2885 ι
1427 2829 1477 2896 Dei
1492 2833 1591 2898 eutem
1608 2828 1747 2896 voluuta-

112 2920 168 2977 otc
195 2932 214 2977 a
234 2919 319 2989 panc
341 2917 423 2984 anm,
446 2912 499 2970 sed
520 2914 637 2986 aperto
654 2913 724 2984 port
742 2909 909 2980 intelligen-
952 2918 1012 2971 tom
1026 2913 1109 2976 nulla
1121 2912 1234 2972 ratione
1251 2911 1426 2984 investigare
1445 2927 1621 2986 possumus,
1635 2914 1692 2979 uisi
1709 2929 1747 2977 er

112 3001 184 3064 dum
200 3002 275 3072 iii.»
298 2997 414 3060 petavio
429 2996 465 3069 (ti
485 2997 603 3057 videtur
624 2993 762 3054 divinitas
777 2993 841 3067 ipsa
855 3008 909 3066 po-
953 2997 988 3054 iis
1003 3011 1069 3070 qum
1087 2995 1163 3057 facin
1182 2995 1328 3062 ridemus.
1349 2997 1424 3052 cum
1443 2995 1532 3066 igitur
1552 3010 1614 3062 non
1634 3001 1748 3060 constet

111 3085 179 3155 tius,
192 3085 242 3148 vel
256 3083 306 3148 oei
320 3081 449 3141 Verbum
463 3080 600 3150 indicari,
613 3093 704 3152 aquo
716 3077 828 3134 conditi
841 3080 868 3133 ot
878 3077 909 3135 in
954 3098 991 3138 ex
1012 3080 1048 3136 iis
1069 3096 1137 3152 qum
1156 3078 1232 3141 sacta
1251 3078 1404 3148 ridemus,
1416 3081 1516 3144 utrum
1536 3079 1638 3150 nugati
1657 3079 1746 3142 simul

111 3185 187 3242 quo,
207 3185 263 3230 cau
281 3168 348 3226 loco
372 3171 400 3227 ct
419 3165 532 3238 spatio,
553 3161 760 3235 comprehensi
773 3165 841 3223 sunt
854 3175 910 3218 coe·
955 3164 1109 3226 duratione
1121 3179 1190 3221 cum
1203 3163 1508 3238 creaturacorpore'e,
1520 3165 1571 3227 aut
1583 3166 1650 3225 ants
1663 3161 1746 3230 illam

111 3252 196 3313 lestes
209 3251 342 3324 spuitur,
355 3252 516 3321 numquam
527 3246 717 3308 hismundus
732 3245 825 3307 atheo
838 3252 910 3304 tem·
954 3247 1090 3322 producti
1115 3245 1242 3316 suerint,
1264 3245 1339 3306 nihil
1363 3244 1401 3306 de
1422 3245 1573 3308 noluntsua
1595 3245 1645 3307 usi
1668 3245 1746 3314 circo

110 3353 166 3410 pua
179 3337 326 3398 assaret.
341 3333 428 3404 Quod
441 3335 555 3394 certum
568 3335 623 3400 ast,
635 3329 761 3392 Basilius
774 3328 909 3399 eredidit,
954 3336 1098 3406 punctum
1121 3329 1325 3404 productionis
1349 3329 1485 3416 ipsoram
1506 3345 1544 3393 ex
1563 3327 1637 3404 ipsis
1655 3329 1746 3397 rebus

111 3420 184 3480 nibil
202 3435 272 3479 vare
292 3417 505 3490 sempiternum
520 3430 582 3476 csse
595 3417 701 3487 practer
715 3416 826 3483 Deum,
846 3427 912 3476 sen·
955 3415 1115 3486 intelligere
1127 3429 1297 3488 possumus.

110 3505 206 3578 sitque
225 3517 296 3560 cum
315 3500 422 3570 paulo,
444 3500 476 3562 iu
494 3514 530 3557 oo
550 3497 617 3572 ipso
638 3513 731 3570 quem
744 3498 812 3555 citet
824 3496 911 3590 loco,
991 3499 1048 3558 Sed
1061 3514 1159 3574 neque
1172 3513 1209 3555 en
1224 3499 1340 3556 patrum
1353 3497 1510 3564 traditione
1516 3539 1525 3570 ,
1537 3497 1563 3556 si
1576 3496 1747 3572 praescindi·

108 3587 213 3650 pilium
227 3585 279 3650 liei
294 3585 407 3645 «tuisse
419 3586 486 3646 aute
496 3597 599 3643 omnes
611 3582 754 3649 Thronos,
770 3581 913 3644 Domina·
955 3601 1024 3644 mus
1038 3583 1076 3640 ab
1091 3580 1223 3640 Ecclesia
1237 3581 1421 3652 auctoritate,
1440 3583 1509 3644 satis
1526 3581 1648 3646 minum
1660 3598 1747 3654 argu·

107 3673 215 3739 donce,
232 3669 456 3742 principatus.»
477 3667 567 3736 igitur
581 3665 655 3722 dum
669 3665 719 3732 ait,
736 3665 866 3734 angelos
881 3667 912 3728 in
956 3671 1089 3729 mentum
1110 3682 1166 3740 pro
1180 3664 1350 3726 delinienda
1364 3666 1421 3725 hcc
1433 3665 1595 3739 quoesdoue
1613 3664 1746 3732 derivare

2 3775 3 3778 ¹
109 3753 328 3816 assumitur
342 3751 434 3818 iactos
448 3753 477 3806 et
495 3752 562 3810 ante
575 3751 692 3818 tempus
708 3748 825 3818 (nempe
841 3753 909 3810 anto
955 3767 1124 3828 possumus.
1139 3748 1632 3822 Graecusquidamsoriptorinms.
1645 3749 1747 3813 codice

109 3837 164 3898 hoo
187 3843 326 3902 nostrum
343 3838 462 3907 tompus
484 3831 699 3889 mutationibus
724 3829 915 3904 obnoxium,
955 3837 1038 3910 cpud
1058 3833 1207 3892 petavium
1226 3832 1262 3904 (9)
1281 3833 1344 3892 ait:
1366 3834 1506 3892 somnes
1525 3833 1746 3906 propemodum

3 3915 4 3990 )
110 3921 369 3996 quodcorporum
382 3920 466 3976 motu
481 3914 644 3984 metimur),
664 3928 727 3973 non
740 3917 839 3972 tamen
859 3931 911 3974 eos
955 3939 1010 3995 per
1027 3919 1131 3979 orbem
1151 3916 1284 3976 Ecclesia
1297 3916 1428 3987 magistri
1445 3915 1662 3987 intelligibilem
1680 3932 1746 3975 om·

3 4001 4 4080 }
111 4007 149 4066 ab
161 4009 273 4069 nterim
286 4005 399 4066 creatos
413 3999 510 4056 docet.
526 3997 744 4068 ambrosiaster
759 3998 791 4057 iu
804 4000 912 4057 flexae·
956 4021 1024 4062 nem
1038 4007 1066 4060 et
1081 4001 1243 4072 angelicam
1260 4004 1397 4056 naturam
1416 4013 1452 4055 ex
1469 3998 1562 4057 nihilo
1583 4005 1650 4056 ante
1666 3999 1746 4056 buno

111 4106 247 4160 morene,
270 4087 326 4150 ubi
343 4084 482 4145 Basillum
505 4083 698 4156 sequimini,
724 4087 752 4140 et
773 4099 911 4144 nonuun·
954 4087 1102 4146 mundum
1112 4083 1239 4142 extitisse
1249 4083 1508 4140 ascensurorum
1517 4083 1579 4142 haee
1588 4085 1747 4140 Doctorum

112 4191 201 4252 ιῐιιιιιιι
216 4173 256 4234 ad
270 4167 511 4229 rcrbumrertit:
538 4167 680 4236 edundi,
696 4167 801 4240 inquit,
816 4171 913 4230 Domi·
955 4169 1110 4230 consensio
1133 4167 1207 4226 laisa
1226 4169 1287 4236 est;
1302 4165 1359 4224 nisi
1379 4166 1557 4238 intelligatur
1570 4169 1637 4224 ante
1661 4180 1749 4231 mun-

112 4260 244 4322 aatioacs
264 4260 294 4314 ct
315 4255 490 4320 potestates,
517 4254 568 4309 etsi
594 4251 740 4321 clr'qucodo
761 4257 908 4323 reponet,
955 4256 1029 4313 dum
1047 4252 1211 4327 perlectum
1224 4252 1254 4309 et
1267 4251 1425 4320 ornatum,
1440 4248 1473 4308 id
1492 4253 1535 4306 est
1548 4253 1615 4312 anto
1637 4249 1749 4314 animu-

112 4349 193 4408 erant
210 4347 313 4404 muron
335 4339 413 4408 jam,
441 4336 564 4409 quando
583 4335 631 4406 bic
657 4336 788 4392 mundus
816 4335 910 4398 iactus
953 4339 1029 4396 lium
1054 4335 1249 4403 creationem,
1272 4331 1401 4402 Angelos
1427 4331 1579 4389 exstitisse.
1608 4332 1749 4390 Conditus

112 4432 192 4486 est.»
955 4427 1022 4479 anto
1041 4419 1141 4477 carnia
1157 4431 1284 4487 corpora
1298 4415 1426 4487 Angelos
1445 4415 1532 4471 docet
1548 4429 1616 4472 cum
1630 4415 1749 4490 Basilio,

146 4512 343 4581 Hieronymus
354 4505 394 4563 ad
408 4519 473 4577 cap.
486 4519 497 4559 1
510 4503 594 4575 epist.
609 4503 645 4558 cd
656 4506 723 4559 Tit:
739 4523 753 4556 c
762 4505 817 4560 Sex
827 4503 910 4564 mille
955 4506 1109 4576 Origenes,
1124 4501 1175 4574 qui
1187 4503 1287 4557 tamen
1301 4497 1406 4556 fatetur
1414 4540 1423 4569 ,
1437 4513 1500 4554 non
1514 4497 1582 4554 satis
1595 4497 1749 4556 manifeste

113 4595 238 4658 necdum
251 4589 347 4651 nostri
362 4587 445 4647 orbis
462 4587 623 4659 implentur
637 4587 726 4656 anni;
742 4591 770 4644 et
782 4591 909 4659 quantas
952 4589 1106 4664 proditum
1121 4600 1202 4653 esse,
1216 4580 1339 4656 quarmo
1357 4580 1459 4654 angeli
1480 4580 1567 4638 creati
1589 4579 1648 4638 sint
1657 4601 1666 4648 ;
1684 4583 1750 4644 ium

113 4680 192 4752 pnes
203 4674 391 4741 eternitates,
400 4674 513 4744 quauta
523 4674 668 4741 tempora,
678 4674 805 4742 quantas
819 4687 910 4728 sccu-
954 4670 1108 4742 Gregorius
1118 4664 1485 4738 Nazianzenus,zaclrarias
1494 4662 1672 4738 llytileuoeus
1683 4663 1749 4746 (ιο),

113 4763 207 4826 lomna
219 4759 350 4830 origines
363 4755 453 4817 tuisse
468 4753 674 4814 arbitrandum
688 4759 742 4823 est,
755 4754 909 4826 inquibus
1243 4801 1248 4810 .

113 4845 222 4918 nugati,
232 4841 356 4910 aaroni,
370 4837 589 4900 nominationes
602 4839 772 4909 cntcraeuuc
784 4837 909 4895 Virtutes
987 4845 1022 4911 (ιι)
1039 4847 1074 4895 nc
1086 4845 1162 4895 cirta.
1175 4844 1236 4898 oct,
1251 4842 1296 4892 lib.
1309 4841 1359 4892 liti.
1374 4841 1480 4892 samem
1496 4853 1591 4907 pecu
1605 4853 1680 4895 umes
1696 4845 1751 4962 (ξ’,

113 4921 684 4996 urncdntbeo,ctabsquetemporum
697 4919 910 4994 stetissetque
953 4938 997 4977 ιιι
1010 4914 1276 4996 clarissuma-vertit,
1289 4915 1436 4972 crumino
1449 4914 1698 4976 osculatione-m,

986 4986 1022 5052 (7)
1037 4987 1091 5035 Lib.
1109 4992 1201 5036 contro
1216 4985 1370 5036 permititur.
1386 4995 1443 5048 cop.
1455 4995 1492 5035 vr.

144 5072 179 5137 (ι)
193 5069 312 5123 plondlt
327 5068 355 5117 tu
367 5072 485 5117 Hennam.
986 5057 1022 5122 (8)
1035 5057 1093 5137 loc.
1102 5056 1157 5120 cit„
1170 5067 1226 5120 cap.
1239 5068 1277 5107 ιιι.

145 5145 179 5207 (ι)
191 5142 289 5206 lilsput.
300 5140 360 5200 pit,
375 5150 433 5201 cap.
446 5151 470 5198 ι,
483 5133 512 5186 in
525 5135 534 5186 l
547 5138 614 5198 pert.
984 5129 1022 5194 (9)
1035 5128 1091 5177 inb.
1102 5129 1127 5192 1,
1141 5127 1157 5191 ς
1170 5133 1194 5177 2.
1333 5197 1339 5212 ι
1360 5198 1366 5210 .

145 5216 179 5278 (³)
193 5221 225 5264 lte
236 5213 351 5274 Angelis,
364 5207 410 5260 lib.
422 5207 448 5272 1,
460 5219 517 5270 cap.
529 5217 562 5270 ιι,
580 5215 652 5257 uum.
664 5204 689 5259 Ι.
984 5201 1036 5265 (lp)
1046 5199 1192 5248 «Mundum
1200 5197 1269 5250 hunc
1276 5199 1420 5251 sanabilem
1430 5195 1749 5261 memtnhllomirctaur

145 5287 178 5348 (ι)
194 5277 467 5346 loia.cap.xr,§1ti.
953 5283 1005 5322 essa
1023 5277 1077 5332 post
1095 5268 1299 5334 intelligibilium
1311 5267 1512 5336 pmoemucmm
1518 5283 1556 5336 ,a
1574 5266 1666 5324 mula
1680 5269 1749 5338 opud

148 5355 180 5422 (ι)
192 5354 290 5419 unul,
303 5363 361 5416 sap·
372 5361 398 5406 t·
954 5341 1098 5403 petavium,
1111 5339 1156 5391 llb.
1170 5341 1194 5404 l,
1208 5339 1225 5408 5
1237 5342 1262 5393 i.
