<?xml version="1.0" encoding="UTF-8"?>
<!DOCTYPE html PUBLIC "-//W3C//DTD XHTML 1.0 Transitional//EN"
    "http://www.w3.org/TR/xhtml1/DTD/xhtml1-transitional.dtd">
<html xmlns="http://www.w3.org/1999/xhtml" xml:lang="en" lang="en">
 <head>
  <title>
</title>
<meta http-equiv="Content-Type" content="text/html;charset=utf-8" />
  <meta name='ocr-system' content='tesseract 3.04.00' />
  <meta name='ocr-capabilities' content='ocr_page ocr_carea ocr_par ocr_line ocrx_word'/>
</head>
<body>
  <div class='ocr_page' id='page_1' title='image "./commentariainsc00lapigoog/commentariainsc00lapigoog_0285.png"; bbox 0 0 4088 6032; ppageno 0'>
   <div class='ocr_carea' id='block_1_1' title="bbox 266 243 1383 316">
    <p class='ocr_par' dir='ltr' id='par_1_1' title="bbox 266 243 1383 316">
     <span class='ocr_line' id='line_1_1' title="bbox 266 243 1383 316; baseline -0.003 -12"><span class='ocrx_word' id='word_1_1' title='bbox 266 243 307 304; x_wconf 67' lang='lat' dir='ltr'>fil</span> <span class='ocrx_word' id='word_1_2' title='bbox 791 247 1031 304; x_wconf 71' lang='lat' dir='ltr'>collitumltlt</span> <span class='ocrx_word' id='word_1_3' title='bbox 1048 249 1082 305; x_wconf 79' lang='lat' dir='ltr'>ht</span> <span class='ocrx_word' id='word_1_4' title='bbox 1100 247 1264 316; x_wconf 75' lang='lat' dir='ltr'>Guxuslll,</span> <span class='ocrx_word' id='word_1_5' title='bbox 1279 261 1342 303; x_wconf 76' lang='lat' dir='ltr'>etr.</span> <span class='ocrx_word' id='word_1_6' title='bbox 1361 245 1383 302; x_wconf 92' lang='lat' dir='ltr'>l.</span> 
     </span>
    </p>
   </div>
   <div class='ocr_carea' id='block_1_2' title="bbox 162 346 2031 5385">
    <p class='ocr_par' dir='ltr' id='par_1_2' title="bbox 268 346 2021 3614">
     <span class='ocr_line' id='line_1_2' title="bbox 268 346 1900 425; baseline -0.006 -13"><span class='ocrx_word' id='word_1_7' title='bbox 268 350 332 412; x_wconf 81' lang='lat' dir='ltr'>eive</span> <span class='ocrx_word' id='word_1_8' title='bbox 344 352 525 410; x_wconf 86' lang='lat' dir='ltr'>temulentus</span> <span class='ocrx_word' id='word_1_9' title='bbox 534 355 578 408; x_wconf 86' lang='lat' dir='ltr'>est</span> <span class='ocrx_word' id='word_1_10' title='bbox 589 352 711 408; x_wconf 67' lang='lat' dir='ltr'>mantus</span> <span class='ocrx_word' id='word_1_11' title='bbox 717 393 728 423; x_wconf 93' lang='lat'>‚</span> <span class='ocrx_word' id='word_1_12' title='bbox 741 352 868 425; x_wconf 79' lang='lat' dir='ltr'>perierat</span> <span class='ocrx_word' id='word_1_13' title='bbox 880 354 966 410; x_wconf 89' lang='lat' dir='ltr'>illum</span> <span class='ocrx_word' id='word_1_14' title='bbox 977 369 1063 412; x_wconf 91' lang='lat' dir='ltr'>uxor.</span> <span class='ocrx_word' id='word_1_15' title='bbox 1108 353 1184 411; x_wconf 89' lang='lat' dir='ltr'>illud</span> <span class='ocrx_word' id='word_1_16' title='bbox 1197 354 1273 408; x_wconf 82' lang='lat' dir='ltr'>Paci.</span> <span class='ocrx_word' id='word_1_17' title='bbox 1288 367 1337 409; x_wconf 86' lang='lat' dir='ltr'>cur</span> <span class='ocrx_word' id='word_1_18' title='bbox 1348 369 1355 406; x_wconf 76' lang='grc' dir='ltr'><strong>ε</strong></span> <span class='ocrx_word' id='word_1_19' title='bbox 1368 353 1460 406; x_wconf 83' lang='lat' dir='ltr'>Draco</span> <span class='ocrx_word' id='word_1_20' title='bbox 1472 349 1525 406; x_wconf 91' lang='lat' dir='ltr'>istc</span> <span class='ocrx_word' id='word_1_21' title='bbox 1539 364 1631 422; x_wconf 90' lang='lat' dir='ltr'>quem</span> <span class='ocrx_word' id='word_1_22' title='bbox 1642 346 1777 404; x_wconf 81' lang='lat' dir='ltr'>formasti</span> <span class='ocrx_word' id='word_1_23' title='bbox 1788 346 1900 403; x_wconf 73' lang='lat' dir='ltr'>adillu·</span> 
     </span>
     <span class='ocr_line' id='line_1_3' title="bbox 270 430 1901 511; baseline -0.004 -17"><span class='ocrx_word' id='word_1_24' title='bbox 270 433 328 494; x_wconf 80' lang='lat' dir='ltr'>Sed</span> <span class='ocrx_word' id='word_1_25' title='bbox 341 439 371 496; x_wconf 88' lang='lat' dir='ltr'>et</span> <span class='ocrx_word' id='word_1_26' title='bbox 381 435 744 508; x_wconf 73' lang='lat' dir='ltr'>maritusaudiatrripera</span> <span class='ocrx_word' id='word_1_27' title='bbox 751 437 833 492; x_wconf 79' lang='lat' dir='ltr'>virus</span> <span class='ocrx_word' id='word_1_28' title='bbox 842 436 883 493; x_wconf 94' lang='lat' dir='ltr'>ob</span> <span class='ocrx_word' id='word_1_29' title='bbox 895 438 1065 511; x_wconf 84' lang='lat' dir='ltr'><strong>nuptiarum</strong></span> <span class='ocrx_word' id='word_1_30' title='bbox 1110 436 1241 493; x_wconf 83' lang='lat' dir='ltr'>dandum</span> <span class='ocrx_word' id='word_1_31' title='bbox 1249 435 1311 505; x_wconf 76' lang='lat' dir='ltr'>ei,a</span> <span class='ocrx_word' id='word_1_32' title='bbox 1325 432 1409 490; x_wconf 90' lang='lat' dir='ltr'>hebr.</span> <span class='ocrx_word' id='word_1_33' title='bbox 1419 439 1451 490; x_wconf 86' lang='lat' dir='ltr'>ut</span> <span class='ocrx_word' id='word_1_34' title='bbox 1462 433 1542 488; x_wconf 84' lang='lat' dir='ltr'>ludas</span> <span class='ocrx_word' id='word_1_35' title='bbox 1551 449 1611 488; x_wconf 87' lang='lat' dir='ltr'>cum</span> <span class='ocrx_word' id='word_1_36' title='bbox 1624 430 1901 491; x_wconf 62' lang='lat' dir='ltr'>collaborationem</span> 
     </span>
     <span class='ocr_line' id='line_1_4' title="bbox 270 513 1905 596; baseline -0.004 -19"><span class='ocrx_word' id='word_1_37' title='bbox 270 519 493 578; x_wconf 84' lang='lat' dir='ltr'>venerationem</span> <span class='ocrx_word' id='word_1_38' title='bbox 505 521 633 591; x_wconf 84' lang='lat' dir='ltr'>evomit3</span> <span class='ocrx_word' id='word_1_39' title='bbox 647 520 946 590; x_wconf 89' lang='lat' dir='ltr'>tuduritiamanimi,</span> <span class='ocrx_word' id='word_1_40' title='bbox 957 519 1065 577; x_wconf 85' lang='lat' dir='ltr'>tuleri-</span> <span class='ocrx_word' id='word_1_41' title='bbox 1108 524 1300 596; x_wconf 90' lang='lat' dir='ltr'>sumpserunt</span> <span class='ocrx_word' id='word_1_42' title='bbox 1319 537 1355 576; x_wconf 81' lang='lat' dir='ltr'>ex</span> <span class='ocrx_word' id='word_1_43' title='bbox 1370 518 1424 575; x_wconf 92' lang='lat' dir='ltr'>lib.</span> <span class='ocrx_word' id='word_1_44' title='bbox 1449 522 1483 576; x_wconf 84' lang='lat' dir='ltr'>lv</span> <span class='ocrx_word' id='word_1_45' title='bbox 1503 519 1598 575; x_wconf 79' lang='lat' dir='ltr'>Badra</span> <span class='ocrx_word' id='word_1_46' title='bbox 1616 533 1682 590; x_wconf 88' lang='lat' dir='ltr'>cap.</span> <span class='ocrx_word' id='word_1_47' title='bbox 1697 533 1739 586; x_wconf 83' lang='lat' dir='ltr'>rr,</span> <span class='ocrx_word' id='word_1_48' title='bbox 1759 516 1803 572; x_wconf 89' lang='lat' dir='ltr'>uti</span> <span class='ocrx_word' id='word_1_49' title='bbox 1816 513 1905 580; x_wconf 71' lang='lat' dir='ltr'>refert¹</span> 
     </span>
     <span class='ocr_line' id='line_1_5' title="bbox 271 599 1901 678; baseline -0.006 -17"><span class='ocrx_word' id='word_1_50' title='bbox 271 607 378 676; x_wconf 64' lang='lat' dir='ltr'>taum,</span> <span class='ocrx_word' id='word_1_51' title='bbox 395 607 429 661; x_wconf 92' lang='lat' dir='ltr'>tu</span> <span class='ocrx_word' id='word_1_52' title='bbox 451 604 654 661; x_wconf 79' lang='lat' dir='ltr'>crudelitatem</span> <span class='ocrx_word' id='word_1_53' title='bbox 672 603 713 661; x_wconf 93' lang='lat' dir='ltr'>oh</span> <span class='ocrx_word' id='word_1_54' title='bbox 735 605 854 661; x_wconf 89' lang='lat' dir='ltr'>unionis</span> <span class='ocrx_word' id='word_1_55' title='bbox 873 605 1065 662; x_wconf 85' lang='lat' dir='ltr'>reverentiam</span> <span class='ocrx_word' id='word_1_56' title='bbox 1108 607 1240 678; x_wconf 81' lang='lat' dir='ltr'>lyranus</span> <span class='ocrx_word' id='word_1_57' title='bbox 1259 609 1287 661; x_wconf 91' lang='lat' dir='ltr'>et</span> <span class='ocrx_word' id='word_1_58' title='bbox 1306 603 1472 662; x_wconf 67' lang='lat' dir='ltr'>abulensis.</span> <span class='ocrx_word' id='word_1_59' title='bbox 1485 605 1551 659; x_wconf 77' lang='lat' dir='ltr'>llaec</span> <span class='ocrx_word' id='word_1_60' title='bbox 1569 606 1639 659; x_wconf 86' lang='lat' dir='ltr'>suut</span> <span class='ocrx_word' id='word_1_61' title='bbox 1653 599 1756 656; x_wconf 88' lang='lat' dir='ltr'>deliria</span> <span class='ocrx_word' id='word_1_62' title='bbox 1779 600 1901 660; x_wconf 78' lang='lat' dir='ltr'>istorum</span> 
     </span>
     <span class='ocr_line' id='line_1_6' title="bbox 271 687 1285 762; baseline -0.002 -17"><span class='ocrx_word' id='word_1_63' title='bbox 271 703 335 746; x_wconf 91' lang='lat' dir='ltr'>non</span> <span class='ocrx_word' id='word_1_64' title='bbox 349 687 494 762; x_wconf 72' lang='lat' dir='ltr'>deponis?</span> <span class='ocrx_word' id='word_1_65' title='bbox 507 691 550 744; x_wconf 82' lang='lat' dir='ltr'>An</span> <span class='ocrx_word' id='word_1_66' title='bbox 564 689 735 761; x_wconf 87' lang='lat' dir='ltr'>exemplum</span> <span class='ocrx_word' id='word_1_67' title='bbox 746 691 853 762; x_wconf 75' lang='lat' dir='ltr'>viperae</span> <span class='ocrx_word' id='word_1_68' title='bbox 869 688 956 745; x_wconf 87' lang='lat' dir='ltr'>nobis</span> <span class='ocrx_word' id='word_1_69' title='bbox 966 693 995 744; x_wconf 88' lang='lat' dir='ltr'>et</span> <span class='ocrx_word' id='word_1_70' title='bbox 1006 687 1065 744; x_wconf 91' lang='lat' dir='ltr'>alio</span> <span class='ocrx_word' id='word_1_71' title='bbox 1108 690 1285 762; x_wconf 89' lang='lat' dir='ltr'>sapientum.</span> 
     </span>
     <span class='ocr_line' id='line_1_7' title="bbox 272 770 1901 846; baseline -0.004 -15"><span class='ocrx_word' id='word_1_72' title='bbox 272 771 366 831; x_wconf 90' lang='lat' dir='ltr'>modo</span> <span class='ocrx_word' id='word_1_73' title='bbox 379 773 521 846; x_wconf 78' lang='lat' dir='ltr'>prodest?</span> <span class='ocrx_word' id='word_1_74' title='bbox 533 771 718 829; x_wconf 78' lang='lat' dir='ltr'>Adulterium</span> <span class='ocrx_word' id='word_1_75' title='bbox 727 778 837 830; x_wconf 79' lang='lat' dir='ltr'>naturae</span> <span class='ocrx_word' id='word_1_76' title='bbox 849 774 1003 846; x_wconf 88' lang='lat' dir='ltr'>quoddam</span> <span class='ocrx_word' id='word_1_77' title='bbox 1011 775 1065 841; x_wconf 89' lang='lat' dir='ltr'>est,</span> <span class='ocrx_word' id='word_1_78' title='bbox 1143 776 1216 829; x_wconf 90' lang='lat' dir='ltr'>Nota</span> <span class='ocrx_word' id='word_1_79' title='bbox 1229 775 1255 825; x_wconf 76' lang='grc' dir='ltr'>τὸ</span> <span class='ocrx_word' id='word_1_80' title='bbox 1277 778 1333 828; x_wconf 88' lang='lat' dir='ltr'>ecte</span> <span class='ocrx_word' id='word_1_81' title='bbox 1352 771 1474 842; x_wconf 77' lang='lat' dir='ltr'>grundio</span> <span class='ocrx_word' id='word_1_82' title='bbox 1487 790 1496 826; x_wconf 78' lang='lat' dir='ltr'>r</span> <span class='ocrx_word' id='word_1_83' title='bbox 1510 785 1580 827; x_wconf 88' lang='lat' dir='ltr'>eum</span> <span class='ocrx_word' id='word_1_84' title='bbox 1601 770 1680 826; x_wconf 91' lang='lat' dir='ltr'>enim</span> <span class='ocrx_word' id='word_1_85' title='bbox 1700 783 1790 841; x_wconf 89' lang='lat' dir='ltr'>super</span> <span class='ocrx_word' id='word_1_86' title='bbox 1808 782 1901 839; x_wconf 80' lang='lat' dir='ltr'>aquus</span> 
     </span>
     <span class='ocr_line' id='line_1_8' title="bbox 272 851 1902 931; baseline -0.006 -15"><span class='ocrx_word' id='word_1_87' title='bbox 272 859 383 931; x_wconf 76' lang='lat' dir='ltr'>riperta</span> <span class='ocrx_word' id='word_1_88' title='bbox 396 873 587 930; x_wconf 83' lang='lat' dir='ltr'>murenaequc</span> <span class='ocrx_word' id='word_1_89' title='bbox 610 857 783 930; x_wconf 84' lang='lat' dir='ltr'>complexus</span> <span class='ocrx_word' id='word_1_90' title='bbox 790 875 799 928; x_wconf 82' lang='lat'>3</span> <span class='ocrx_word' id='word_1_91' title='bbox 815 857 928 914; x_wconf 88' lang='lat' dir='ltr'>discant</span> <span class='ocrx_word' id='word_1_92' title='bbox 939 855 1066 929; x_wconf 80' lang='lat' dir='ltr'>ergoilli</span> <span class='ocrx_word' id='word_1_93' title='bbox 1110 855 1232 913; x_wconf 89' lang='lat' dir='ltr'>dorsum</span> <span class='ocrx_word' id='word_1_94' title='bbox 1257 856 1398 925; x_wconf 81' lang='lat' dir='ltr'>efferunt,</span> <span class='ocrx_word' id='word_1_95' title='bbox 1411 854 1536 927; x_wconf 88' lang='lat' dir='ltr'>ingentis</span> <span class='ocrx_word' id='word_1_96' title='bbox 1556 854 1660 911; x_wconf 81' lang='lat' dir='ltr'>iusulae</span> <span class='ocrx_word' id='word_1_97' title='bbox 1681 855 1809 927; x_wconf 87' lang='lat' dir='ltr'>speciem</span> <span class='ocrx_word' id='word_1_98' title='bbox 1823 851 1902 907; x_wconf 86' lang='lat' dir='ltr'>exhi-</span> 
     </span>
     <span class='ocr_line' id='line_1_9' title="bbox 274 936 1689 1016; baseline -0.004 -18"><span class='ocrx_word' id='word_1_99' title='bbox 274 941 328 1016; x_wconf 93' lang='lat' dir='ltr'>qui</span> <span class='ocrx_word' id='word_1_100' title='bbox 338 940 443 998; x_wconf 87' lang='lat' dir='ltr'>alienis</span> <span class='ocrx_word' id='word_1_101' title='bbox 453 941 629 998; x_wconf 79' lang='lat' dir='ltr'>insidiantur</span> <span class='ocrx_word' id='word_1_102' title='bbox 640 939 765 1014; x_wconf 89' lang='lat' dir='ltr'>nuptiis,</span> <span class='ocrx_word' id='word_1_103' title='bbox 778 939 896 997; x_wconf 89' lang='lat' dir='ltr'>cuinam</span> <span class='ocrx_word' id='word_1_104' title='bbox 905 939 1000 1011; x_wconf 89' lang='lat' dir='ltr'>reptili</span> <span class='ocrx_word' id='word_1_105' title='bbox 1009 938 1066 995; x_wconf 89' lang='lat' dir='ltr'>siut</span> <span class='ocrx_word' id='word_1_106' title='bbox 1107 936 1192 1010; x_wconf 90' lang='lat' dir='ltr'>bent,</span> <span class='ocrx_word' id='word_1_107' title='bbox 1212 939 1251 998; x_wconf 93' lang='lat' dir='ltr'>ait</span> <span class='ocrx_word' id='word_1_108' title='bbox 1265 941 1293 997; x_wconf 90' lang='lat' dir='ltr'>S.</span> <span class='ocrx_word' id='word_1_109' title='bbox 1308 940 1430 996; x_wconf 85' lang='lat' dir='ltr'>Basilius</span> <span class='ocrx_word' id='word_1_110' title='bbox 1442 944 1470 996; x_wconf 90' lang='lat' dir='ltr'>et</span> <span class='ocrx_word' id='word_1_111' title='bbox 1481 939 1689 995; x_wconf 85' lang='lat' dir='ltr'>Theodorctus.</span> 
     </span>
     <span class='ocr_line' id='line_1_10' title="bbox 275 1023 1903 1098; baseline -0.004 -15"><span class='ocrx_word' id='word_1_112' title='bbox 275 1026 396 1084; x_wconf 83' lang='lat' dir='ltr'>similes.</span> <span class='ocrx_word' id='word_1_113' title='bbox 409 1047 424 1082; x_wconf 74' lang='lat' dir='ltr'>a</span> <span class='ocrx_word' id='word_1_114' title='bbox 437 1027 556 1082; x_wconf 78' lang='lat' dir='ltr'>Miratur</span> <span class='ocrx_word' id='word_1_115' title='bbox 567 1024 674 1081; x_wconf 89' lang='lat' dir='ltr'>deinde</span> <span class='ocrx_word' id='word_1_116' title='bbox 687 1027 714 1082; x_wconf 92' lang='lat' dir='ltr'>S.</span> <span class='ocrx_word' id='word_1_117' title='bbox 735 1024 857 1081; x_wconf 85' lang='lat' dir='ltr'>Basilius</span> <span class='ocrx_word' id='word_1_118' title='bbox 869 1023 1022 1098; x_wconf 87' lang='lat' dir='ltr'>quomodo</span> <span class='ocrx_word' id='word_1_119' title='bbox 1034 1023 1066 1080; x_wconf 92' lang='lat' dir='ltr'>in</span> <span class='ocrx_word' id='word_1_120' title='bbox 1144 1025 1182 1078; x_wconf 85' lang='lat' dir='ltr'>Er</span> <span class='ocrx_word' id='word_1_121' title='bbox 1194 1038 1293 1079; x_wconf 83' lang='lat' dir='ltr'>ouuru</span> <span class='ocrx_word' id='word_1_122' title='bbox 1306 1039 1416 1080; x_wconf 69' lang='lat' dir='ltr'>curura</span> <span class='ocrx_word' id='word_1_123' title='bbox 1431 1038 1570 1081; x_wconf 80' lang='lat' dir='ltr'>rrvnurna</span> <span class='ocrx_word' id='word_1_124' title='bbox 1585 1037 1677 1089; x_wconf 69' lang='lat' dir='ltr'>trouu</span> <span class='ocrx_word' id='word_1_125' title='bbox 1690 1035 1903 1078; x_wconf 72' lang='lat' dir='ltr'>hortarere.-</span> 
     </span>
     <span class='ocr_line' id='line_1_11' title="bbox 274 1103 1901 1181; baseline -0.004 -14"><span class='ocrx_word' id='word_1_126' title='bbox 274 1109 369 1168; x_wconf 85' lang='lat' dir='ltr'>salem</span> <span class='ocrx_word' id='word_1_127' title='bbox 383 1114 506 1180; x_wconf 83' lang='lat' dir='ltr'>cogatur</span> <span class='ocrx_word' id='word_1_128' title='bbox 520 1107 609 1166; x_wconf 88' lang='lat' dir='ltr'>maris</span> <span class='ocrx_word' id='word_1_129' title='bbox 623 1123 717 1181; x_wconf 88' lang='lat' dir='ltr'>aqua,</span> <span class='ocrx_word' id='word_1_130' title='bbox 737 1108 893 1180; x_wconf 91' lang='lat' dir='ltr'>quomodo</span> <span class='ocrx_word' id='word_1_131' title='bbox 910 1106 1066 1164; x_wconf 84' lang='lat' dir='ltr'>corallium</span> <span class='ocrx_word' id='word_1_132' title='bbox 1111 1124 1126 1159; x_wconf 81' lang='lat' dir='ltr'>a</span> <span class='ocrx_word' id='word_1_133' title='bbox 1141 1111 1235 1179; x_wconf 80' lang='lat' dir='ltr'>Atque</span> <span class='ocrx_word' id='word_1_134' title='bbox 1257 1127 1272 1164; x_wconf 77' lang='lat' dir='ltr'>a</span> <span class='ocrx_word' id='word_1_135' title='bbox 1300 1108 1349 1163; x_wconf 91' lang='lat' dir='ltr'>hie</span> <span class='ocrx_word' id='word_1_136' title='bbox 1375 1106 1533 1178; x_wconf 84' lang='lat' dir='ltr'>siguificat,</span> <span class='ocrx_word' id='word_1_137' title='bbox 1554 1108 1586 1162; x_wconf 81' lang='lat' dir='ltr'>id</span> <span class='ocrx_word' id='word_1_138' title='bbox 1611 1113 1667 1175; x_wconf 85' lang='lat' dir='ltr'>est,</span> <span class='ocrx_word' id='word_1_139' title='bbox 1693 1103 1778 1178; x_wconf 88' lang='lat' dir='ltr'>quasi</span> <span class='ocrx_word' id='word_1_140' title='bbox 1802 1104 1879 1160; x_wconf 90' lang='lat' dir='ltr'>dicat</span> <span class='ocrx_word' id='word_1_141' title='bbox 1894 1121 1901 1160; x_wconf 94' lang='lat'><strong>:</strong></span> 
     </span>
     <span class='ocr_line' id='line_1_12' title="bbox 274 1187 1904 1261; baseline -0.004 -10"><span class='ocrx_word' id='word_1_142' title='bbox 274 1192 307 1251; x_wconf 90' lang='lat' dir='ltr'>in</span> <span class='ocrx_word' id='word_1_143' title='bbox 316 1191 393 1250; x_wconf 90' lang='lat' dir='ltr'>mari</span> <span class='ocrx_word' id='word_1_144' title='bbox 406 1191 443 1248; x_wconf 91' lang='lat' dir='ltr'>sit</span> <span class='ocrx_word' id='word_1_145' title='bbox 461 1190 570 1260; x_wconf 89' lang='lat' dir='ltr'>herba,</span> <span class='ocrx_word' id='word_1_146' title='bbox 582 1191 635 1248; x_wconf 88' lang='lat' dir='ltr'>sed</span> <span class='ocrx_word' id='word_1_147' title='bbox 656 1205 725 1246; x_wconf 89' lang='lat' dir='ltr'>eum</span> <span class='ocrx_word' id='word_1_148' title='bbox 737 1189 768 1245; x_wconf 93' lang='lat' dir='ltr'>in</span> <span class='ocrx_word' id='word_1_149' title='bbox 786 1205 884 1246; x_wconf 89' lang='lat' dir='ltr'>aerem</span> <span class='ocrx_word' id='word_1_150' title='bbox 902 1189 1020 1246; x_wconf 85' lang='lat' dir='ltr'>effertur</span> <span class='ocrx_word' id='word_1_151' title='bbox 1034 1190 1065 1245; x_wconf 93' lang='lat' dir='ltr'>in</span> <span class='ocrx_word' id='word_1_152' title='bbox 1109 1191 1221 1247; x_wconf 78' lang='lat' dir='ltr'>creauit</span> <span class='ocrx_word' id='word_1_153' title='bbox 1232 1193 1308 1247; x_wconf 86' lang='lat' dir='ltr'>Deus</span> <span class='ocrx_word' id='word_1_154' title='bbox 1320 1207 1409 1247; x_wconf 92' lang='lat' dir='ltr'>omne</span> <span class='ocrx_word' id='word_1_155' title='bbox 1424 1189 1535 1249; x_wconf 88' lang='lat' dir='ltr'>animal</span> <span class='ocrx_word' id='word_1_156' title='bbox 1546 1189 1649 1246; x_wconf 80' lang='lat' dir='ltr'>vivens</span> <span class='ocrx_word' id='word_1_157' title='bbox 1661 1189 1692 1246; x_wconf 92' lang='lat' dir='ltr'>in</span> <span class='ocrx_word' id='word_1_158' title='bbox 1704 1187 1790 1261; x_wconf 88' lang='lat' dir='ltr'>aquis</span> <span class='ocrx_word' id='word_1_159' title='bbox 1797 1229 1808 1259; x_wconf 91' lang='lat'>,</span> <span class='ocrx_word' id='word_1_160' title='bbox 1819 1187 1904 1261; x_wconf 89' lang='lat' dir='ltr'>quod</span> 
     </span>
     <span class='ocr_line' id='line_1_13' title="bbox 274 1270 1905 1350; baseline -0.005 -16"><span class='ocrx_word' id='word_1_161' title='bbox 274 1277 406 1350; x_wconf 80' lang='lat' dir='ltr'>lapidem</span> <span class='ocrx_word' id='word_1_162' title='bbox 417 1275 625 1346; x_wconf 82' lang='lat' dir='ltr'>transgeletur3</span> <span class='ocrx_word' id='word_1_163' title='bbox 636 1274 791 1348; x_wconf 90' lang='lat' dir='ltr'>quomodo</span> <span class='ocrx_word' id='word_1_164' title='bbox 806 1271 955 1330; x_wconf 87' lang='lat' dir='ltr'>vilissimis</span> <span class='ocrx_word' id='word_1_165' title='bbox 963 1274 1065 1330; x_wconf 91' lang='lat' dir='ltr'>ostreis</span> <span class='ocrx_word' id='word_1_166' title='bbox 1109 1272 1218 1332; x_wconf 89' lang='lat' dir='ltr'>scilicet</span> <span class='ocrx_word' id='word_1_167' title='bbox 1231 1275 1263 1332; x_wconf 91' lang='lat' dir='ltr'>in</span> <span class='ocrx_word' id='word_1_168' title='bbox 1273 1291 1305 1332; x_wconf 91' lang='lat' dir='ltr'>se</span> <span class='ocrx_word' id='word_1_169' title='bbox 1318 1273 1409 1332; x_wconf 90' lang='lat' dir='ltr'>hahet</span> <span class='ocrx_word' id='word_1_170' title='bbox 1427 1273 1608 1349; x_wconf 86' lang='lat' dir='ltr'>principium</span> <span class='ocrx_word' id='word_1_171' title='bbox 1632 1275 1746 1341; x_wconf 91' lang='lat' dir='ltr'>motus,</span> <span class='ocrx_word' id='word_1_172' title='bbox 1758 1276 1831 1345; x_wconf 90' lang='lat' dir='ltr'>puta</span> <span class='ocrx_word' id='word_1_173' title='bbox 1843 1270 1905 1326; x_wconf 89' lang='lat' dir='ltr'>ani-</span> 
     </span>
     <span class='ocr_line' id='line_1_14' title="bbox 274 1355 1904 1437; baseline -0.005 -19"><span class='ocrx_word' id='word_1_174' title='bbox 274 1361 419 1437; x_wconf 83' lang='lat' dir='ltr'>pretiosos</span> <span class='ocrx_word' id='word_1_175' title='bbox 432 1359 557 1418; x_wconf 88' lang='lat' dir='ltr'>uniones</span> <span class='ocrx_word' id='word_1_176' title='bbox 571 1362 676 1414; x_wconf 89' lang='lat' dir='ltr'>natura</span> <span class='ocrx_word' id='word_1_177' title='bbox 696 1356 891 1431; x_wconf 86' lang='lat' dir='ltr'>impresserit,·</span> <span class='ocrx_word' id='word_1_178' title='bbox 908 1356 1064 1431; x_wconf 92' lang='lat' dir='ltr'>quomodo</span> <span class='ocrx_word' id='word_1_179' title='bbox 1108 1372 1205 1429; x_wconf 88' lang='lat' dir='ltr'>mam,</span> <span class='ocrx_word' id='word_1_180' title='bbox 1217 1375 1319 1432; x_wconf 89' lang='lat' dir='ltr'>quase</span> <span class='ocrx_word' id='word_1_181' title='bbox 1329 1363 1433 1430; x_wconf 90' lang='lat' dir='ltr'>suopte</span> <span class='ocrx_word' id='word_1_182' title='bbox 1443 1362 1518 1415; x_wconf 90' lang='lat' dir='ltr'>nutu</span> <span class='ocrx_word' id='word_1_183' title='bbox 1526 1373 1645 1415; x_wconf 85' lang='lat' dir='ltr'>movere</span> <span class='ocrx_word' id='word_1_184' title='bbox 1652 1360 1766 1430; x_wconf 90' lang='lat' dir='ltr'>potest,</span> <span class='ocrx_word' id='word_1_185' title='bbox 1776 1355 1904 1427; x_wconf 88' lang='lat' dir='ltr'>ideoque</span> 
     </span>
     <span class='ocr_line' id='line_1_15' title="bbox 275 1440 1391 1520; baseline -0.003 -16"><span class='ocrx_word' id='word_1_186' title='bbox 275 1459 462 1520; x_wconf 79' lang='lat' dir='ltr'>expurpurae</span> <span class='ocrx_word' id='word_1_187' title='bbox 473 1441 539 1498; x_wconf 84' lang='lat' dir='ltr'>vilis</span> <span class='ocrx_word' id='word_1_188' title='bbox 549 1440 683 1514; x_wconf 91' lang='lat' dir='ltr'>pisciculi</span> <span class='ocrx_word' id='word_1_189' title='bbox 694 1441 896 1511; x_wconf 84' lang='lat' dir='ltr'>sanguinefiat</span> <span class='ocrx_word' id='word_1_190' title='bbox 904 1441 987 1498; x_wconf 92' lang='lat' dir='ltr'>color</span> <span class='ocrx_word' id='word_1_191' title='bbox 995 1457 1065 1515; x_wconf 93' lang='lat' dir='ltr'>pur-</span> <span class='ocrx_word' id='word_1_192' title='bbox 1107 1444 1391 1502; x_wconf 84' lang='lat' dir='ltr'>vocaturmotabile.</span> 
     </span>
     <span class='ocr_line' id='line_1_16' title="bbox 274 1525 2014 1604; baseline -0.003 -18"><span class='ocrx_word' id='word_1_193' title='bbox 274 1543 385 1604; x_wconf 87' lang='lat' dir='ltr'>pareus</span> <span class='ocrx_word' id='word_1_194' title='bbox 392 1569 402 1600; x_wconf 86' lang='lat'>,</span> <span class='ocrx_word' id='word_1_195' title='bbox 414 1540 476 1601; x_wconf 91' lang='lat' dir='ltr'>quo</span> <span class='ocrx_word' id='word_1_196' title='bbox 490 1529 585 1582; x_wconf 78' lang='lat' dir='ltr'>vestes</span> <span class='ocrx_word' id='word_1_197' title='bbox 602 1540 707 1596; x_wconf 91' lang='lat' dir='ltr'>regum</span> <span class='ocrx_word' id='word_1_198' title='bbox 719 1525 888 1596; x_wconf 84' lang='lat' dir='ltr'>tinguntur3</span> <span class='ocrx_word' id='word_1_199' title='bbox 910 1525 1066 1598; x_wconf 62' lang='lat' dir='ltr'>quemme</span> <span class='ocrx_word' id='word_1_200' title='bbox 1143 1529 1189 1585; x_wconf 76' lang='lat' dir='ltr'>te.</span> <span class='ocrx_word' id='word_1_201' title='bbox 1204 1530 1413 1597; x_wconf 80' lang='lat' dir='ltr'>Bausnrxr&#39;rqua</span> <span class='ocrx_word' id='word_1_202' title='bbox 1427 1543 1470 1584; x_wconf 81' lang='lat' dir='ltr'>ars</span> <span class='ocrx_word' id='word_1_203' title='bbox 1491 1541 1612 1584; x_wconf 77' lang='lat' dir='ltr'>niceas:</span> <span class='ocrx_word' id='word_1_204' title='bbox 1627 1527 1762 1583; x_wconf 71' lang='lat' dir='ltr'>cumcurn</span> <span class='ocrx_word' id='word_1_205' title='bbox 1783 1539 1819 1580; x_wconf 83' lang='lat' dir='ltr'>ar</span> <span class='ocrx_word' id='word_1_206' title='bbox 1830 1539 1904 1581; x_wconf 79' lang='lat' dir='ltr'>uun·</span> <span class='ocrx_word' id='word_1_207' title='bbox 1917 1536 1973 1578; x_wconf 63' lang='lat' dir='ltr'>var„</span> <span class='ocrx_word' id='word_1_208' title='bbox 1983 1535 2014 1580; x_wconf 77' lang='lat' dir='ltr'>u.</span> 
     </span>
     <span class='ocr_line' id='line_1_17' title="bbox 275 1605 1905 1686; baseline -0.005 -15"><span class='ocrx_word' id='word_1_209' title='bbox 275 1610 528 1686; x_wconf 88' lang='lat' dir='ltr'>remorapisculus</span> <span class='ocrx_word' id='word_1_210' title='bbox 537 1609 674 1667; x_wconf 88' lang='lat' dir='ltr'>sicariuis</span> <span class='ocrx_word' id='word_1_211' title='bbox 684 1608 852 1681; x_wconf 76' lang='lat' dir='ltr'>adhaeserit,</span> <span class='ocrx_word' id='word_1_212' title='bbox 861 1623 968 1679; x_wconf 89' lang='lat' dir='ltr'>naves,</span> <span class='ocrx_word' id='word_1_213' title='bbox 978 1605 1066 1666; x_wconf 90' lang='lat' dir='ltr'>etiam</span> <span class='ocrx_word' id='word_1_214' title='bbox 1109 1611 1393 1668; x_wconf 61' lang='lat' dir='ltr'>erraremus-Dei</span> <span class='ocrx_word' id='word_1_215' title='bbox 1411 1609 1585 1667; x_wconf 90' lang='lat' dir='ltr'>benedicere</span> <span class='ocrx_word' id='word_1_216' title='bbox 1598 1613 1641 1665; x_wconf 88' lang='lat' dir='ltr'>est</span> <span class='ocrx_word' id='word_1_217' title='bbox 1652 1606 1841 1678; x_wconf 79' lang='lat' dir='ltr'>benefacere3</span> <span class='ocrx_word' id='word_1_218' title='bbox 1853 1607 1905 1664; x_wconf 90' lang='lat' dir='ltr'>he·</span> 
     </span>
     <span class='ocr_line' id='line_1_18' title="bbox 275 1691 1905 1767; baseline -0.004 -13"><span class='ocrx_word' id='word_1_219' title='bbox 275 1695 375 1754; x_wconf 82' lang='lat' dir='ltr'>valido</span> <span class='ocrx_word' id='word_1_220' title='bbox 394 1697 484 1752; x_wconf 81' lang='lat' dir='ltr'>rento</span> <span class='ocrx_word' id='word_1_221' title='bbox 503 1696 598 1764; x_wconf 88' lang='lat' dir='ltr'>actas,</span> <span class='ocrx_word' id='word_1_222' title='bbox 620 1693 702 1750; x_wconf 87' lang='lat' dir='ltr'>sistat</span> <span class='ocrx_word' id='word_1_223' title='bbox 713 1698 743 1751; x_wconf 89' lang='lat' dir='ltr'>et</span> <span class='ocrx_word' id='word_1_224' title='bbox 760 1691 930 1751; x_wconf 84' lang='lat' dir='ltr'>immobiles</span> <span class='ocrx_word' id='word_1_225' title='bbox 949 1692 1065 1751; x_wconf 90' lang='lat' dir='ltr'>reddat.</span> <span class='ocrx_word' id='word_1_226' title='bbox 1109 1693 1320 1750; x_wconf 88' lang='lat' dir='ltr'>nalecitautem</span> <span class='ocrx_word' id='word_1_227' title='bbox 1334 1697 1409 1750; x_wconf 85' lang='lat' dir='ltr'>heus</span> <span class='ocrx_word' id='word_1_228' title='bbox 1420 1692 1553 1767; x_wconf 90' lang='lat' dir='ltr'>piscibus</span> <span class='ocrx_word' id='word_1_229' title='bbox 1564 1697 1593 1750; x_wconf 93' lang='lat' dir='ltr'>et</span> <span class='ocrx_word' id='word_1_230' title='bbox 1614 1692 1737 1762; x_wconf 89' lang='lat' dir='ltr'>avibus,</span> <span class='ocrx_word' id='word_1_231' title='bbox 1749 1692 1807 1748; x_wconf 91' lang='lat' dir='ltr'>hoc</span> <span class='ocrx_word' id='word_1_232' title='bbox 1821 1691 1905 1765; x_wconf 91' lang='lat' dir='ltr'>ipso,</span> 
     </span>
     <span class='ocr_line' id='line_1_19' title="bbox 275 1775 1907 1851; baseline -0.002 -15"><span class='ocrx_word' id='word_1_233' title='bbox 275 1779 340 1836; x_wconf 83' lang='lat' dir='ltr'>liaec</span> <span class='ocrx_word' id='word_1_234' title='bbox 362 1776 464 1834; x_wconf 88' lang='lat' dir='ltr'>omnia</span> <span class='ocrx_word' id='word_1_235' title='bbox 484 1778 513 1834; x_wconf 92' lang='lat' dir='ltr'>S.</span> <span class='ocrx_word' id='word_1_236' title='bbox 527 1775 650 1833; x_wconf 86' lang='lat' dir='ltr'>Basilius</span> <span class='ocrx_word' id='word_1_237' title='bbox 673 1777 743 1834; x_wconf 72' lang='lat' dir='ltr'>hora</span> <span class='ocrx_word' id='word_1_238' title='bbox 761 1779 790 1834; x_wconf 78' lang='grc'>7.</span> <span class='ocrx_word' id='word_1_239' title='bbox 807 1777 887 1832; x_wconf 89' lang='lat' dir='ltr'>ldern</span> <span class='ocrx_word' id='word_1_240' title='bbox 900 1776 938 1831; x_wconf 87' lang='lat' dir='ltr'>de</span> <span class='ocrx_word' id='word_1_241' title='bbox 949 1790 1068 1832; x_wconf 88' lang='lat' dir='ltr'>remora</span> <span class='ocrx_word' id='word_1_242' title='bbox 1108 1792 1171 1849; x_wconf 90' lang='lat' dir='ltr'>quo</span> <span class='ocrx_word' id='word_1_243' title='bbox 1182 1777 1284 1834; x_wconf 83' lang='lat' dir='ltr'>tribuit</span> <span class='ocrx_word' id='word_1_244' title='bbox 1296 1776 1337 1834; x_wconf 88' lang='lat' dir='ltr'>eis</span> <span class='ocrx_word' id='word_1_245' title='bbox 1360 1777 1541 1851; x_wconf 90' lang='lat' dir='ltr'>appetitum,</span> <span class='ocrx_word' id='word_1_246' title='bbox 1555 1776 1658 1834; x_wconf 77' lang='lat' dir='ltr'>ulmal</span> <span class='ocrx_word' id='word_1_247' title='bbox 1681 1775 1843 1849; x_wconf 88' lang='lat' dir='ltr'>potentiam</span> <span class='ocrx_word' id='word_1_248' title='bbox 1855 1791 1907 1846; x_wconf 86' lang='lat' dir='ltr'>ge·</span> 
     </span>
     <span class='ocr_line' id='line_1_20' title="bbox 274 1857 1906 1933; baseline -0.002 -13"><span class='ocrx_word' id='word_1_249' title='bbox 274 1860 363 1920; x_wconf 85' lang='lat' dir='ltr'>tradit</span> <span class='ocrx_word' id='word_1_250' title='bbox 375 1861 496 1932; x_wconf 85' lang='lat' dir='ltr'>Plinius,</span> <span class='ocrx_word' id='word_1_251' title='bbox 511 1861 693 1932; x_wconf 83' lang='lat' dir='ltr'>Plutarchus,</span> <span class='ocrx_word' id='word_1_252' title='bbox 704 1857 924 1931; x_wconf 71' lang='lat' dir='ltr'>aldrovandus,</span> <span class='ocrx_word' id='word_1_253' title='bbox 936 1858 989 1932; x_wconf 92' lang='lat' dir='ltr'>qui</span> <span class='ocrx_word' id='word_1_254' title='bbox 999 1874 1067 1916; x_wconf 89' lang='lat' dir='ltr'>cau·</span> <span class='ocrx_word' id='word_1_255' title='bbox 1108 1860 1233 1917; x_wconf 90' lang='lat' dir='ltr'>ueraudi</span> <span class='ocrx_word' id='word_1_256' title='bbox 1244 1859 1301 1916; x_wconf 89' lang='lat' dir='ltr'>sibi</span> <span class='ocrx_word' id='word_1_257' title='bbox 1321 1859 1436 1930; x_wconf 91' lang='lat' dir='ltr'>simile,</span> <span class='ocrx_word' id='word_1_258' title='bbox 1450 1863 1483 1916; x_wconf 87' lang='lat' dir='ltr'>ut</span> <span class='ocrx_word' id='word_1_259' title='bbox 1493 1875 1563 1916; x_wconf 89' lang='lat' dir='ltr'>eum</span> <span class='ocrx_word' id='word_1_260' title='bbox 1576 1875 1638 1916; x_wconf 91' lang='lat' dir='ltr'>non</span> <span class='ocrx_word' id='word_1_261' title='bbox 1659 1859 1775 1930; x_wconf 87' lang='lat' dir='ltr'>possint</span> <span class='ocrx_word' id='word_1_262' title='bbox 1794 1859 1861 1933; x_wconf 89' lang='lat' dir='ltr'>ipsa</span> <span class='ocrx_word' id='word_1_263' title='bbox 1872 1859 1906 1916; x_wconf 90' lang='lat' dir='ltr'>in</span> 
     </span>
     <span class='ocr_line' id='line_1_21' title="bbox 276 1942 1905 2018; baseline -0.003 -14"><span class='ocrx_word' id='word_1_264' title='bbox 276 1963 339 2004; x_wconf 88' lang='lat' dir='ltr'>sam</span> <span class='ocrx_word' id='word_1_265' title='bbox 357 1944 487 2002; x_wconf 80' lang='lat' dir='ltr'>referunt</span> <span class='ocrx_word' id='word_1_266' title='bbox 506 1944 538 2001; x_wconf 91' lang='lat' dir='ltr'>in</span> <span class='ocrx_word' id='word_1_267' title='bbox 558 1961 697 2003; x_wconf 86' lang='lat' dir='ltr'>arcanam</span> <span class='ocrx_word' id='word_1_268' title='bbox 717 1945 891 2018; x_wconf 87' lang='lat' dir='ltr'>qualitatem</span> <span class='ocrx_word' id='word_1_269' title='bbox 913 1959 1068 2000; x_wconf 67' lang='lat' dir='ltr'>remorata</span> <span class='ocrx_word' id='word_1_270' title='bbox 1107 1957 1141 2001; x_wconf 88' lang='lat' dir='ltr'>se</span> <span class='ocrx_word' id='word_1_271' title='bbox 1165 1943 1321 2001; x_wconf 89' lang='lat' dir='ltr'>individua</span> <span class='ocrx_word' id='word_1_272' title='bbox 1344 1959 1461 2018; x_wconf 89' lang='lat' dir='ltr'>semper</span> <span class='ocrx_word' id='word_1_273' title='bbox 1486 1959 1621 2013; x_wconf 89' lang='lat' dir='ltr'>manere,</span> <span class='ocrx_word' id='word_1_274' title='bbox 1645 1942 1698 1999; x_wconf 89' lang='lat' dir='ltr'>sed</span> <span class='ocrx_word' id='word_1_275' title='bbox 1723 1943 1905 2014; x_wconf 89' lang='lat' dir='ltr'>moriantur,</span> 
     </span>
     <span class='ocr_line' id='line_1_22' title="bbox 275 2026 1906 2102; baseline -0.003 -13"><span class='ocrx_word' id='word_1_276' title='bbox 275 2035 380 2089; x_wconf 87' lang='lat' dir='ltr'>natura</span> <span class='ocrx_word' id='word_1_277' title='bbox 393 2029 535 2100; x_wconf 89' lang='lat' dir='ltr'>inditam,</span> <span class='ocrx_word' id='word_1_278' title='bbox 557 2029 655 2102; x_wconf 89' lang='lat' dir='ltr'>qualis</span> <span class='ocrx_word' id='word_1_279' title='bbox 667 2033 711 2086; x_wconf 89' lang='lat' dir='ltr'>est</span> <span class='ocrx_word' id='word_1_280' title='bbox 724 2027 757 2086; x_wconf 89' lang='lat' dir='ltr'>in</span> <span class='ocrx_word' id='word_1_281' title='bbox 773 2031 909 2099; x_wconf 87' lang='lat' dir='ltr'>magnete</span> <span class='ocrx_word' id='word_1_282' title='bbox 930 2026 970 2084; x_wconf 90' lang='lat' dir='ltr'>ad</span> <span class='ocrx_word' id='word_1_283' title='bbox 980 2031 1067 2084; x_wconf 89' lang='lat' dir='ltr'>attra-</span> <span class='ocrx_word' id='word_1_284' title='bbox 1108 2034 1248 2085; x_wconf 85' lang='lat' dir='ltr'>maneant</span> <span class='ocrx_word' id='word_1_285' title='bbox 1259 2028 1363 2086; x_wconf 87' lang='lat' dir='ltr'>saltem</span> <span class='ocrx_word' id='word_1_286' title='bbox 1374 2029 1407 2086; x_wconf 92' lang='lat' dir='ltr'>in</span> <span class='ocrx_word' id='word_1_287' title='bbox 1425 2026 1577 2102; x_wconf 90' lang='lat' dir='ltr'>prolibus,</span> <span class='ocrx_word' id='word_1_288' title='bbox 1589 2034 1618 2084; x_wconf 90' lang='lat' dir='ltr'>et</span> <span class='ocrx_word' id='word_1_289' title='bbox 1631 2028 1670 2084; x_wconf 89' lang='lat' dir='ltr'>ita</span> <span class='ocrx_word' id='word_1_290' title='bbox 1684 2027 1769 2102; x_wconf 89' lang='lat' dir='ltr'>quasi</span> <span class='ocrx_word' id='word_1_291' title='bbox 1791 2027 1906 2084; x_wconf 76' lang='lat' dir='ltr'>curni-</span> 
     </span>
     <span class='ocr_line' id='line_1_23' title="bbox 274 2111 1957 2186; baseline -0.002 -15"><span class='ocrx_word' id='word_1_292' title='bbox 274 2113 408 2171; x_wconf 88' lang='lat' dir='ltr'>bendum</span> <span class='ocrx_word' id='word_1_293' title='bbox 418 2111 529 2170; x_wconf 85' lang='lat' dir='ltr'>ferrum</span> <span class='ocrx_word' id='word_1_294' title='bbox 543 2117 571 2169; x_wconf 90' lang='lat' dir='ltr'>et</span> <span class='ocrx_word' id='word_1_295' title='bbox 583 2111 777 2170; x_wconf 87' lang='lat' dir='ltr'>indicandum</span> <span class='ocrx_word' id='word_1_296' title='bbox 798 2112 915 2186; x_wconf 89' lang='lat' dir='ltr'>polum.</span> <span class='ocrx_word' id='word_1_297' title='bbox 928 2113 1018 2170; x_wconf 92' lang='lat' dir='ltr'>Porro</span> <span class='ocrx_word' id='word_1_298' title='bbox 1031 2111 1067 2167; x_wconf 91' lang='lat' dir='ltr'>iis</span> <span class='ocrx_word' id='word_1_299' title='bbox 1108 2111 1907 2186; x_wconf 78' lang='lat' dir='ltr'>latamquamdamhabeantromuisenimresappetit</span> <span class='ocrx_word' id='word_1_300' title='bbox 1954 2147 1957 2154; x_wconf 45' lang='grc' dir='ltr'>ι</span> 
     </span>
     <span class='ocr_line' id='line_1_24' title="bbox 275 2192 1907 2269; baseline -0.002 -14"><span class='ocrx_word' id='word_1_301' title='bbox 275 2196 416 2256; x_wconf 90' lang='lat' dir='ltr'>omnibus</span> <span class='ocrx_word' id='word_1_302' title='bbox 430 2197 458 2253; x_wconf 89' lang='lat' dir='ltr'>S.</span> <span class='ocrx_word' id='word_1_303' title='bbox 480 2194 604 2252; x_wconf 87' lang='lat' dir='ltr'>Basilius</span> <span class='ocrx_word' id='word_1_304' title='bbox 622 2195 708 2253; x_wconf 90' lang='lat' dir='ltr'>docet</span> <span class='ocrx_word' id='word_1_305' title='bbox 731 2198 837 2267; x_wconf 84' lang='lat' dir='ltr'>primo,</span> <span class='ocrx_word' id='word_1_306' title='bbox 859 2192 999 2252; x_wconf 89' lang='lat' dir='ltr'>admirari</span> <span class='ocrx_word' id='word_1_307' title='bbox 1017 2193 1068 2252; x_wconf 89' lang='lat' dir='ltr'>Bei</span> <span class='ocrx_word' id='word_1_308' title='bbox 1109 2193 1156 2252; x_wconf 90' lang='lat' dir='ltr'>sui</span> <span class='ocrx_word' id='word_1_309' title='bbox 1169 2197 1423 2252; x_wconf 79' lang='lat' dir='ltr'>conservationem</span> <span class='ocrx_word' id='word_1_310' title='bbox 1434 2200 1463 2252; x_wconf 89' lang='lat' dir='ltr'>et</span> <span class='ocrx_word' id='word_1_311' title='bbox 1483 2196 1689 2267; x_wconf 74' lang='lat' dir='ltr'>aeternitatem,</span> <span class='ocrx_word' id='word_1_312' title='bbox 1714 2196 1794 2252; x_wconf 90' lang='lat' dir='ltr'>unde</span> <span class='ocrx_word' id='word_1_313' title='bbox 1811 2195 1907 2269; x_wconf 89' lang='lat' dir='ltr'>expli-</span> 
     </span>
     <span class='ocr_line' id='line_1_25' title="bbox 275 2277 1907 2357; baseline -0.001 -19"><span class='ocrx_word' id='word_1_314' title='bbox 275 2280 453 2357; x_wconf 88' lang='lat' dir='ltr'>potentiam,</span> <span class='ocrx_word' id='word_1_315' title='bbox 473 2277 648 2352; x_wconf 86' lang='lat' dir='ltr'>sapientiam</span> <span class='ocrx_word' id='word_1_316' title='bbox 666 2283 695 2335; x_wconf 87' lang='lat' dir='ltr'>et</span> <span class='ocrx_word' id='word_1_317' title='bbox 718 2278 952 2336; x_wconf 86' lang='lat' dir='ltr'>munificentiam</span> <span class='ocrx_word' id='word_1_318' title='bbox 963 2279 996 2335; x_wconf 89' lang='lat' dir='ltr'>in</span> <span class='ocrx_word' id='word_1_319' title='bbox 1009 2278 1067 2336; x_wconf 91' lang='lat' dir='ltr'>hoc</span> <span class='ocrx_word' id='word_1_320' title='bbox 1108 2278 1507 2351; x_wconf 76' lang='lat' dir='ltr'>oamsuhditrccrcscita,a</span> <span class='ocrx_word' id='word_1_321' title='bbox 1525 2295 1586 2336; x_wconf 93' lang='lat' dir='ltr'>non</span> <span class='ocrx_word' id='word_1_322' title='bbox 1597 2278 1907 2353; x_wconf 86' lang='lat' dir='ltr'>magnitudine(hanc</span> 
     </span>
     <span class='ocr_line' id='line_1_26' title="bbox 276 2361 1904 2438; baseline -0.001 -17"><span class='ocrx_word' id='word_1_323' title='bbox 276 2364 365 2422; x_wconf 88' lang='lat' dir='ltr'>maris</span> <span class='ocrx_word' id='word_1_324' title='bbox 377 2364 505 2433; x_wconf 81' lang='lat' dir='ltr'>theatro,</span> <span class='ocrx_word' id='word_1_325' title='bbox 518 2361 604 2436; x_wconf 91' lang='lat' dir='ltr'>eique</span> <span class='ocrx_word' id='word_1_326' title='bbox 617 2377 674 2434; x_wconf 91' lang='lat' dir='ltr'>pro</span> <span class='ocrx_word' id='word_1_327' title='bbox 686 2365 730 2419; x_wconf 89' lang='lat' dir='ltr'>tot</span> <span class='ocrx_word' id='word_1_328' title='bbox 738 2361 908 2433; x_wconf 89' lang='lat' dir='ltr'>beneficiis,</span> <span class='ocrx_word' id='word_1_329' title='bbox 919 2365 1068 2435; x_wconf 88' lang='lat' dir='ltr'>quotsunt</span> <span class='ocrx_word' id='word_1_330' title='bbox 1108 2363 1188 2426; x_wconf 84' lang='lat' dir='ltr'>enim</span> <span class='ocrx_word' id='word_1_331' title='bbox 1195 2365 1306 2435; x_wconf 75' lang='lat' dir='ltr'>lostam</span> <span class='ocrx_word' id='word_1_332' title='bbox 1319 2361 1351 2422; x_wconf 90' lang='lat' dir='ltr'>in</span> <span class='ocrx_word' id='word_1_333' title='bbox 1363 2364 1460 2438; x_wconf 89' lang='lat' dir='ltr'>prima</span> <span class='ocrx_word' id='word_1_334' title='bbox 1473 2379 1528 2422; x_wconf 89' lang='lat' dir='ltr'>sua</span> <span class='ocrx_word' id='word_1_335' title='bbox 1538 2365 1684 2422; x_wconf 84' lang='lat' dir='ltr'>creatione</span> <span class='ocrx_word' id='word_1_336' title='bbox 1698 2364 1887 2436; x_wconf 89' lang='lat' dir='ltr'>acceperunt)</span> <span class='ocrx_word' id='word_1_337' title='bbox 1894 2405 1904 2437; x_wconf 92' lang='lat'>,</span> 
     </span>
     <span class='ocr_line' id='line_1_27' title="bbox 277 2444 1904 2523; baseline -0.001 -17"><span class='ocrx_word' id='word_1_338' title='bbox 277 2449 386 2523; x_wconf 85' lang='lat' dir='ltr'>pisces,</span> <span class='ocrx_word' id='word_1_339' title='bbox 400 2448 461 2506; x_wconf 92' lang='lat' dir='ltr'>imo</span> <span class='ocrx_word' id='word_1_340' title='bbox 475 2449 563 2519; x_wconf 77' lang='lat' dir='ltr'>guttis</span> <span class='ocrx_word' id='word_1_341' title='bbox 579 2446 610 2503; x_wconf 92' lang='lat' dir='ltr'>in</span> <span class='ocrx_word' id='word_1_342' title='bbox 622 2446 713 2517; x_wconf 91' lang='lat' dir='ltr'>mari,</span> <span class='ocrx_word' id='word_1_343' title='bbox 724 2447 833 2518; x_wconf 88' lang='lat' dir='ltr'>jugiter</span> <span class='ocrx_word' id='word_1_344' title='bbox 850 2447 958 2519; x_wconf 71' lang='lat' dir='ltr'>gratim</span> <span class='ocrx_word' id='word_1_345' title='bbox 969 2461 1066 2520; x_wconf 87' lang='lat' dir='ltr'>agere.</span> <span class='ocrx_word' id='word_1_346' title='bbox 1109 2444 1179 2518; x_wconf 81' lang='lat' dir='ltr'>red,</span> <span class='ocrx_word' id='word_1_347' title='bbox 1191 2451 1225 2504; x_wconf 91' lang='lat' dir='ltr'>ut</span> <span class='ocrx_word' id='word_1_348' title='bbox 1236 2446 1441 2519; x_wconf 88' lang='lat' dir='ltr'>hebraiccest‚</span> <span class='ocrx_word' id='word_1_349' title='bbox 1454 2454 1508 2510; x_wconf 80' lang='lat' dir='ltr'>ue</span> <span class='ocrx_word' id='word_1_350' title='bbox 1521 2463 1604 2520; x_wconf 83' lang='lat' dir='ltr'>pera,</span> <span class='ocrx_word' id='word_1_351' title='bbox 1619 2447 1707 2504; x_wconf 89' lang='lat' dir='ltr'>idest</span> <span class='ocrx_word' id='word_1_352' title='bbox 1719 2448 1904 2518; x_wconf 81' lang='lat' dir='ltr'>fructificate,</span> 
     </span>
     <span class='ocr_line' id='line_1_28' title="bbox 276 2529 1906 2606; baseline -0.001 -17"><span class='ocrx_word' id='word_1_353' title='bbox 276 2533 411 2602; x_wconf 65' lang='grc' dir='ltr'><em>Βοωπάο,</em></span> <span class='ocrx_word' id='word_1_354' title='bbox 431 2530 559 2588; x_wconf 88' lang='lat' dir='ltr'>ostendit</span> <span class='ocrx_word' id='word_1_355' title='bbox 575 2530 730 2603; x_wconf 91' lang='lat' dir='ltr'>quomodo</span> <span class='ocrx_word' id='word_1_356' title='bbox 753 2531 916 2588; x_wconf 88' lang='lat' dir='ltr'>debeamus</span> <span class='ocrx_word' id='word_1_357' title='bbox 933 2531 1068 2604; x_wconf 89' lang='lat' dir='ltr'>expisci·</span> <span class='ocrx_word' id='word_1_358' title='bbox 1108 2529 1170 2590; x_wconf 79' lang='lat' dir='ltr'>sire</span> <span class='ocrx_word' id='word_1_359' title='bbox 1191 2531 1370 2606; x_wconf 87' lang='lat' dir='ltr'>prolificate‚</span> <span class='ocrx_word' id='word_1_360' title='bbox 1393 2537 1427 2588; x_wconf 95' lang='lat' dir='ltr'>ut</span> <span class='ocrx_word' id='word_1_361' title='bbox 1451 2546 1576 2588; x_wconf 88' lang='lat' dir='ltr'>numero</span> <span class='ocrx_word' id='word_1_362' title='bbox 1602 2531 1855 2605; x_wconf 73' lang='lat' dir='ltr'>multiphcemlni5</span> <span class='ocrx_word' id='word_1_363' title='bbox 1873 2536 1906 2588; x_wconf 91' lang='lat' dir='ltr'>et</span> 
     </span>
     <span class='ocr_line' id='line_1_29' title="bbox 277 2611 2018 2691; baseline -0.003 -19"><span class='ocrx_word' id='word_1_364' title='bbox 277 2617 334 2674; x_wconf 87' lang='lat' dir='ltr'>bus</span> <span class='ocrx_word' id='word_1_365' title='bbox 344 2614 467 2687; x_wconf 88' lang='lat' dir='ltr'>aliisque</span> <span class='ocrx_word' id='word_1_366' title='bbox 474 2611 652 2671; x_wconf 88' lang='lat' dir='ltr'>animalibus</span> <span class='ocrx_word' id='word_1_367' title='bbox 661 2617 690 2670; x_wconf 89' lang='lat' dir='ltr'>et</span> <span class='ocrx_word' id='word_1_368' title='bbox 700 2615 838 2671; x_wconf 83' lang='lat' dir='ltr'>creaturis</span> <span class='ocrx_word' id='word_1_369' title='bbox 851 2613 974 2685; x_wconf 89' lang='lat' dir='ltr'>singulis</span> <span class='ocrx_word' id='word_1_370' title='bbox 979 2655 989 2684; x_wconf 91' lang='lat'>,</span> <span class='ocrx_word' id='word_1_371' title='bbox 999 2630 1069 2672; x_wconf 85' lang='lat' dir='ltr'>coo-</span> <span class='ocrx_word' id='word_1_372' title='bbox 1108 2632 1178 2687; x_wconf 84' lang='lat' dir='ltr'>ros,</span> <span class='ocrx_word' id='word_1_373' title='bbox 1192 2633 1211 2673; x_wconf 91' lang='lat'><strong>0</strong></span> <span class='ocrx_word' id='word_1_374' title='bbox 1224 2617 1336 2690; x_wconf 81' lang='lat' dir='ltr'>pisces,</span> <span class='ocrx_word' id='word_1_375' title='bbox 1350 2615 1459 2689; x_wconf 82' lang='lat' dir='ltr'>replete</span> <span class='ocrx_word' id='word_1_376' title='bbox 1473 2631 1577 2691; x_wconf 78' lang='lat' dir='ltr'>aquas.</span> <span class='ocrx_word' id='word_1_377' title='bbox 1601 2617 1691 2687; x_wconf 77' lang='lat' dir='ltr'>Major</span> <span class='ocrx_word' id='word_1_378' title='bbox 1703 2621 1747 2673; x_wconf 79' lang='lat' dir='ltr'>est</span> <span class='ocrx_word' id='word_1_379' title='bbox 1758 2614 1837 2674; x_wconf 76' lang='lat' dir='ltr'>enim</span> <span class='ocrx_word' id='word_1_380' title='bbox 1849 2615 1904 2673; x_wconf 82' lang='lat' dir='ltr'>foe-</span> <span class='ocrx_word' id='word_1_381' title='bbox 1917 2622 1960 2666; x_wconf 76' lang='lat' dir='ltr'>aar</span> <span class='ocrx_word' id='word_1_382' title='bbox 1977 2635 2018 2666; x_wconf 76' lang='lat' dir='ltr'>aa·</span> 
     </span>
     <span class='ocr_line' id='line_1_30' title="bbox 278 2684 2021 2778; baseline -0.001 -21"><span class='ocrx_word' id='word_1_383' title='bbox 278 2697 1068 2772; x_wconf 83' lang='lat' dir='ltr'>grueeliceredoeumentavitae,omnesqueearumdo·</span> <span class='ocrx_word' id='word_1_384' title='bbox 1109 2703 1176 2758; x_wconf 90' lang='lat' dir='ltr'>tura</span> <span class='ocrx_word' id='word_1_385' title='bbox 1194 2699 1322 2775; x_wconf 89' lang='lat' dir='ltr'>piscium</span> <span class='ocrx_word' id='word_1_386' title='bbox 1344 2716 1437 2774; x_wconf 89' lang='lat' dir='ltr'>quam</span> <span class='ocrx_word' id='word_1_387' title='bbox 1450 2700 1564 2772; x_wconf 82' lang='lat' dir='ltr'>arium;</span> <span class='ocrx_word' id='word_1_388' title='bbox 1580 2704 1609 2757; x_wconf 89' lang='lat' dir='ltr'>et</span> <span class='ocrx_word' id='word_1_389' title='bbox 1628 2698 1730 2758; x_wconf 86' lang='lat' dir='ltr'>avium</span> <span class='ocrx_word' id='word_1_390' title='bbox 1751 2699 1847 2772; x_wconf 88' lang='lat' dir='ltr'>major</span> <span class='ocrx_word' id='word_1_391' title='bbox 1859 2702 1905 2757; x_wconf 89' lang='lat' dir='ltr'>est</span> <span class='ocrx_word' id='word_1_392' title='bbox 1916 2685 1951 2740; x_wconf 66' lang='lat'>³⁰¹</span> <span class='ocrx_word' id='word_1_393' title='bbox 1960 2684 2021 2778; x_wconf 52' lang='lat' dir='ltr'>¹⁰²}ss</span> 
     </span>
     <span class='ocr_line' id='line_1_31' title="bbox 278 2757 2011 2859; baseline 0.001 -20"><span class='ocrx_word' id='word_1_394' title='bbox 278 2789 321 2840; x_wconf 87' lang='lat' dir='ltr'>tes</span> <span class='ocrx_word' id='word_1_395' title='bbox 338 2786 367 2838; x_wconf 89' lang='lat' dir='ltr'>et</span> <span class='ocrx_word' id='word_1_396' title='bbox 387 2781 516 2838; x_wconf 84' lang='lat' dir='ltr'>actiones</span> <span class='ocrx_word' id='word_1_397' title='bbox 531 2779 758 2839; x_wconf 86' lang='lat' dir='ltr'>accommodare</span> <span class='ocrx_word' id='word_1_398' title='bbox 772 2781 812 2840; x_wconf 90' lang='lat' dir='ltr'>ad</span> <span class='ocrx_word' id='word_1_399' title='bbox 829 2780 1067 2839; x_wconf 81' lang='lat' dir='ltr'>intormationem</span> <span class='ocrx_word' id='word_1_400' title='bbox 1108 2798 1202 2859; x_wconf 90' lang='lat' dir='ltr'>quam</span> <span class='ocrx_word' id='word_1_401' title='bbox 1223 2785 1261 2841; x_wconf 90' lang='lat' dir='ltr'>sit</span> <span class='ocrx_word' id='word_1_402' title='bbox 1281 2782 1455 2841; x_wconf 88' lang='lat' dir='ltr'>animalium</span> <span class='ocrx_word' id='word_1_403' title='bbox 1477 2783 1676 2855; x_wconf 66' lang='lat' dir='ltr'>terrestrium</span> <span class='ocrx_word' id='word_1_404' title='bbox 1702 2783 1790 2857; x_wconf 88' lang='lat' dir='ltr'>quia,</span> <span class='ocrx_word' id='word_1_405' title='bbox 1813 2787 1846 2840; x_wconf 90' lang='lat' dir='ltr'>ut</span> <span class='ocrx_word' id='word_1_406' title='bbox 1862 2783 1906 2840; x_wconf 87' lang='lat' dir='ltr'>ait</span> <span class='ocrx_word' id='word_1_407' title='bbox 1918 2757 2011 2852; x_wconf 51' lang='lat' dir='ltr'>“aff</span> 
     </span>
     <span class='ocr_line' id='line_1_32' title="bbox 278 2863 2001 2942; baseline 0.002 -19"><span class='ocrx_word' id='word_1_408' title='bbox 278 2864 455 2923; x_wconf 80' lang='lat' dir='ltr'>morumrin</span> <span class='ocrx_word' id='word_1_409' title='bbox 468 2863 725 2937; x_wconf 88' lang='lat' dir='ltr'>speculumenim,</span> <span class='ocrx_word' id='word_1_410' title='bbox 738 2877 823 2938; x_wconf 79' lang='lat' dir='ltr'>teque</span> <span class='ocrx_word' id='word_1_411' title='bbox 836 2864 1069 2925; x_wconf 84' lang='lat' dir='ltr'>aeinauxilium</span> <span class='ocrx_word' id='word_1_412' title='bbox 1109 2867 1286 2939; x_wconf 78' lang='lat' dir='ltr'>Aristoteles,</span> <span class='ocrx_word' id='word_1_413' title='bbox 1300 2868 1355 2927; x_wconf 89' lang='lat' dir='ltr'>lib.</span> <span class='ocrx_word' id='word_1_414' title='bbox 1369 2869 1404 2924; x_wconf 93' lang='lat' dir='ltr'>lll</span> <span class='ocrx_word' id='word_1_415' title='bbox 1418 2867 1451 2924; x_wconf 85' lang='lat' dir='ltr'>dc</span> <span class='ocrx_word' id='word_1_416' title='bbox 1466 2867 1642 2926; x_wconf 72' lang='lat' dir='ltr'>decoctione</span> <span class='ocrx_word' id='word_1_417' title='bbox 1655 2869 1847 2942; x_wconf 81' lang='lat' dir='ltr'>auimatcep.</span> <span class='ocrx_word' id='word_1_418' title='bbox 1860 2884 1903 2939; x_wconf 88' lang='lat' dir='ltr'>xr,</span> <span class='ocrx_word' id='word_1_419' title='bbox 1938 2881 2001 2942; x_wconf 68' lang='lat' dir='ltr'>uum</span> 
     </span>
     <span class='ocr_line' id='line_1_33' title="bbox 278 2931 2013 3026; baseline 0.002 -20"><span class='ocrx_word' id='word_1_420' title='bbox 278 2951 366 3006; x_wconf 83' lang='lat' dir='ltr'>abeo</span> <span class='ocrx_word' id='word_1_421' title='bbox 376 2949 451 3005; x_wconf 75' lang='lat' dir='ltr'>date</span> <span class='ocrx_word' id='word_1_422' title='bbox 460 2952 529 3005; x_wconf 90' lang='lat' dir='ltr'>sunt</span> <span class='ocrx_word' id='word_1_423' title='bbox 539 2947 665 3005; x_wconf 91' lang='lat' dir='ltr'>homini.</span> <span class='ocrx_word' id='word_1_424' title='bbox 676 2951 717 3006; x_wconf 86' lang='lat' dir='ltr'>lte</span> <span class='ocrx_word' id='word_1_425' title='bbox 726 2951 847 3023; x_wconf 83' lang='lat' dir='ltr'>Saprens</span> <span class='ocrx_word' id='word_1_426' title='bbox 855 2951 980 3008; x_wconf 74' lang='lat' dir='ltr'>Procae.</span> <span class='ocrx_word' id='word_1_427' title='bbox 990 2966 1031 3020; x_wconf 82' lang='lat' dir='ltr'>rt,</span> <span class='ocrx_word' id='word_1_428' title='bbox 1039 2954 1067 3022; x_wconf 83' lang='grc'>6,</span> <span class='ocrx_word' id='word_1_429' title='bbox 1108 2950 1219 3009; x_wconf 90' lang='lat' dir='ltr'>humor</span> <span class='ocrx_word' id='word_1_430' title='bbox 1232 2967 1294 3026; x_wconf 90' lang='lat' dir='ltr'>quo</span> <span class='ocrx_word' id='word_1_431' title='bbox 1312 2950 1468 3010; x_wconf 88' lang='lat' dir='ltr'>abundant</span> <span class='ocrx_word' id='word_1_432' title='bbox 1480 2951 1592 3026; x_wconf 88' lang='lat' dir='ltr'>pisces,</span> <span class='ocrx_word' id='word_1_433' title='bbox 1612 2955 1748 3010; x_wconf 88' lang='lat' dir='ltr'>naturam</span> <span class='ocrx_word' id='word_1_434' title='bbox 1761 2949 1851 3011; x_wconf 85' lang='lat' dir='ltr'>hahet</span> <span class='ocrx_word' id='word_1_435' title='bbox 1864 2953 1906 3010; x_wconf 87' lang='lat' dir='ltr'>ad</span> <span class='ocrx_word' id='word_1_436' title='bbox 1924 2931 2013 2976; x_wconf 68' lang='lat' dir='ltr'>nnuma</span> 
     </span>
     <span class='ocr_line' id='line_1_34' title="bbox 277 3031 1906 3109; baseline 0.002 -20"><span class='ocrx_word' id='word_1_437' title='bbox 277 3031 430 3089; x_wconf 84' lang='lat' dir='ltr'>hominem</span> <span class='ocrx_word' id='word_1_438' title='bbox 441 3031 564 3090; x_wconf 90' lang='lat' dir='ltr'>inertem</span> <span class='ocrx_word' id='word_1_439' title='bbox 573 3033 714 3091; x_wconf 87' lang='lat' dir='ltr'>amandat</span> <span class='ocrx_word' id='word_1_440' title='bbox 726 3033 766 3090; x_wconf 90' lang='lat' dir='ltr'>ud</span> <span class='ocrx_word' id='word_1_441' title='bbox 776 3033 933 3092; x_wconf 76' lang='lat' dir='ltr'>formicas:</span> <span class='ocrx_word' id='word_1_442' title='bbox 950 3035 1068 3106; x_wconf 67' lang='lat' dir='ltr'>«Vade,</span> <span class='ocrx_word' id='word_1_443' title='bbox 1109 3034 1312 3107; x_wconf 86' lang='lat' dir='ltr'>effingendam</span> <span class='ocrx_word' id='word_1_444' title='bbox 1320 3034 1601 3109; x_wconf 87' lang='lat' dir='ltr'>eilormundumqua</span> <span class='ocrx_word' id='word_1_445' title='bbox 1609 3033 1801 3106; x_wconf 86' lang='lat' dir='ltr'>habiliorem,</span> <span class='ocrx_word' id='word_1_446' title='bbox 1810 3050 1906 3109; x_wconf 88' lang='lat' dir='ltr'>quam</span> 
     </span>
     <span class='ocr_line' id='line_1_35' title="bbox 279 3115 1197 3190; baseline 0.003 -16"><span class='ocrx_word' id='word_1_447' title='bbox 279 3116 332 3186; x_wconf 66' lang='lat' dir='ltr'>ait,</span> <span class='ocrx_word' id='word_1_448' title='bbox 345 3115 385 3173; x_wconf 86' lang='lat' dir='ltr'>ad</span> <span class='ocrx_word' id='word_1_449' title='bbox 395 3115 565 3188; x_wconf 80' lang='lat' dir='ltr'>formicam,</span> <span class='ocrx_word' id='word_1_450' title='bbox 579 3132 598 3172; x_wconf 94' lang='lat' dir='ltr'>o</span> <span class='ocrx_word' id='word_1_451' title='bbox 612 3117 707 3190; x_wconf 87' lang='lat' dir='ltr'>piger,</span> <span class='ocrx_word' id='word_1_452' title='bbox 719 3122 748 3173; x_wconf 92' lang='lat' dir='ltr'>et</span> <span class='ocrx_word' id='word_1_453' title='bbox 757 3116 983 3176; x_wconf 82' lang='lat' dir='ltr'>consideravias</span> <span class='ocrx_word' id='word_1_454' title='bbox 994 3117 1068 3190; x_wconf 83' lang='lat' dir='ltr'>ejus,</span> <span class='ocrx_word' id='word_1_455' title='bbox 1108 3121 1197 3177; x_wconf 89' lang='lat' dir='ltr'>terra.</span> 
     </span>
     <span class='ocr_line' id='line_1_36' title="bbox 278 3197 1908 3280; baseline 0.004 -24"><span class='ocrx_word' id='word_1_456' title='bbox 278 3203 307 3256; x_wconf 93' lang='lat' dir='ltr'>et</span> <span class='ocrx_word' id='word_1_457' title='bbox 315 3197 665 3273; x_wconf 81' lang='lat' dir='ltr'>discesapientiam,quae</span> <span class='ocrx_word' id='word_1_458' title='bbox 675 3216 743 3258; x_wconf 91' lang='lat' dir='ltr'>cum</span> <span class='ocrx_word' id='word_1_459' title='bbox 753 3216 815 3258; x_wconf 90' lang='lat' dir='ltr'>non</span> <span class='ocrx_word' id='word_1_460' title='bbox 824 3201 933 3259; x_wconf 89' lang='lat' dir='ltr'>haheat</span> <span class='ocrx_word' id='word_1_461' title='bbox 945 3203 1068 3274; x_wconf 89' lang='lat' dir='ltr'>ducem,</span> <span class='ocrx_word' id='word_1_462' title='bbox 1145 3203 1242 3275; x_wconf 76' lang='lat' dir='ltr'>Adde,</span> <span class='ocrx_word' id='word_1_463' title='bbox 1265 3203 1361 3278; x_wconf 86' lang='lat' dir='ltr'>pisces</span> <span class='ocrx_word' id='word_1_464' title='bbox 1383 3206 1494 3260; x_wconf 82' lang='lat' dir='ltr'>etnves</span> <span class='ocrx_word' id='word_1_465' title='bbox 1508 3218 1649 3275; x_wconf 86' lang='lat' dir='ltr'>generare</span> <span class='ocrx_word' id='word_1_466' title='bbox 1667 3219 1721 3278; x_wconf 90' lang='lat' dir='ltr'>per</span> <span class='ocrx_word' id='word_1_467' title='bbox 1746 3219 1820 3275; x_wconf 88' lang='lat' dir='ltr'>ova,</span> <span class='ocrx_word' id='word_1_468' title='bbox 1836 3221 1908 3280; x_wconf 79' lang='lat' dir='ltr'>quoe</span> 
     </span>
     <span class='ocr_line' id='line_1_37' title="bbox 279 3284 1908 3364; baseline 0.004 -25"><span class='ocrx_word' id='word_1_469' title='bbox 279 3297 332 3339; x_wconf 88' lang='lat' dir='ltr'>nec</span> <span class='ocrx_word' id='word_1_470' title='bbox 353 3285 646 3356; x_wconf 81' lang='lat' dir='ltr'>praeceptorem‚nec</span> <span class='ocrx_word' id='word_1_471' title='bbox 665 3284 846 3359; x_wconf 89' lang='lat' dir='ltr'>principem,</span> <span class='ocrx_word' id='word_1_472' title='bbox 865 3290 950 3359; x_wconf 88' lang='lat' dir='ltr'>parat</span> <span class='ocrx_word' id='word_1_473' title='bbox 967 3286 1000 3343; x_wconf 89' lang='lat' dir='ltr'>in</span> <span class='ocrx_word' id='word_1_474' title='bbox 1016 3302 1070 3345; x_wconf 86' lang='lat' dir='ltr'>oes·</span> <span class='ocrx_word' id='word_1_475' title='bbox 1109 3285 1266 3346; x_wconf 84' lang='lat' dir='ltr'>taciliusin</span> <span class='ocrx_word' id='word_1_476' title='bbox 1286 3286 1407 3346; x_wconf 88' lang='lat' dir='ltr'>matrice</span> <span class='ocrx_word' id='word_1_477' title='bbox 1428 3285 1663 3360; x_wconf 90' lang='lat' dir='ltr'>multiplicantur</span> <span class='ocrx_word' id='word_1_478' title='bbox 1689 3303 1780 3364; x_wconf 89' lang='lat' dir='ltr'>quam</span> <span class='ocrx_word' id='word_1_479' title='bbox 1801 3286 1908 3360; x_wconf 74' lang='lat' dir='ltr'>iaetus,</span> 
     </span>
     <span class='ocr_line' id='line_1_38' title="bbox 279 3366 1909 3447; baseline 0.003 -23"><span class='ocrx_word' id='word_1_480' title='bbox 279 3370 335 3424; x_wconf 89' lang='lat' dir='ltr'>tata</span> <span class='ocrx_word' id='word_1_481' title='bbox 346 3366 448 3424; x_wconf 91' lang='lat' dir='ltr'>cibum</span> <span class='ocrx_word' id='word_1_482' title='bbox 458 3366 533 3436; x_wconf 86' lang='lat' dir='ltr'>sibi,</span> <span class='ocrx_word' id='word_1_483' title='bbox 547 3371 576 3423; x_wconf 88' lang='lat' dir='ltr'>et</span> <span class='ocrx_word' id='word_1_484' title='bbox 593 3372 753 3440; x_wconf 76' lang='lat' dir='ltr'>mugregat</span> <span class='ocrx_word' id='word_1_485' title='bbox 765 3368 797 3425; x_wconf 90' lang='lat' dir='ltr'>in</span> <span class='ocrx_word' id='word_1_486' title='bbox 816 3385 912 3427; x_wconf 88' lang='lat' dir='ltr'>messe</span> <span class='ocrx_word' id='word_1_487' title='bbox 924 3369 1010 3444; x_wconf 92' lang='lat' dir='ltr'>quod</span> <span class='ocrx_word' id='word_1_488' title='bbox 1020 3386 1070 3427; x_wconf 91' lang='lat' dir='ltr'>co-</span> <span class='ocrx_word' id='word_1_489' title='bbox 1110 3387 1188 3446; x_wconf 89' lang='lat' dir='ltr'>quos</span> <span class='ocrx_word' id='word_1_490' title='bbox 1201 3374 1284 3428; x_wconf 87' lang='lat' dir='ltr'>utero</span> <span class='ocrx_word' id='word_1_491' title='bbox 1297 3374 1411 3442; x_wconf 83' lang='lat' dir='ltr'>gestant</span> <span class='ocrx_word' id='word_1_492' title='bbox 1425 3369 1583 3428; x_wconf 87' lang='lat' dir='ltr'>terrestria.</span> <span class='ocrx_word' id='word_1_493' title='bbox 1597 3370 1678 3429; x_wconf 89' lang='lat' dir='ltr'>Unde</span> <span class='ocrx_word' id='word_1_494' title='bbox 1691 3368 1797 3430; x_wconf 82' lang='lat' dir='ltr'>avibus</span> <span class='ocrx_word' id='word_1_495' title='bbox 1806 3375 1836 3429; x_wconf 89' lang='lat' dir='ltr'>et</span> <span class='ocrx_word' id='word_1_496' title='bbox 1845 3370 1909 3447; x_wconf 87' lang='lat' dir='ltr'>pis·</span> 
     </span>
     <span class='ocr_line' id='line_1_39' title="bbox 279 3449 1909 3527; baseline 0.006 -22"><span class='ocrx_word' id='word_1_497' title='bbox 279 3449 417 3506; x_wconf 77' lang='lat' dir='ltr'>medat.»</span> <span class='ocrx_word' id='word_1_498' title='bbox 1110 3453 1195 3511; x_wconf 87' lang='lat' dir='ltr'>cibus</span> <span class='ocrx_word' id='word_1_499' title='bbox 1212 3453 1399 3511; x_wconf 80' lang='lat' dir='ltr'>benedixisse</span> <span class='ocrx_word' id='word_1_500' title='bbox 1420 3456 1497 3512; x_wconf 83' lang='lat' dir='ltr'>Beue</span> <span class='ocrx_word' id='word_1_501' title='bbox 1516 3455 1636 3527; x_wconf 88' lang='lat' dir='ltr'>legitur,</span> <span class='ocrx_word' id='word_1_502' title='bbox 1657 3460 1831 3514; x_wconf 87' lang='lat' dir='ltr'>nonautam</span> <span class='ocrx_word' id='word_1_503' title='bbox 1850 3459 1909 3514; x_wconf 89' lang='lat' dir='ltr'>ter-</span> 
     </span>
     <span class='ocr_line' id='line_1_40' title="bbox 314 3535 1908 3614; baseline 0.005 -24"><span class='ocrx_word' id='word_1_504' title='bbox 314 3535 436 3590; x_wconf 82' lang='lat' dir='ltr'>Raerun</span> <span class='ocrx_word' id='word_1_505' title='bbox 457 3549 552 3592; x_wconf 70' lang='lat' dir='ltr'>mma</span> <span class='ocrx_word' id='word_1_506' title='bbox 572 3535 795 3607; x_wconf 54' lang='lat' dir='ltr'>susurra-id</span> <span class='ocrx_word' id='word_1_507' title='bbox 814 3539 874 3606; x_wconf 88' lang='lat' dir='ltr'>est,</span> <span class='ocrx_word' id='word_1_508' title='bbox 893 3537 996 3610; x_wconf 84' lang='lat' dir='ltr'>reptile</span> <span class='ocrx_word' id='word_1_509' title='bbox 1017 3538 1070 3596; x_wconf 88' lang='lat' dir='ltr'>ha·</span> <span class='ocrx_word' id='word_1_510' title='bbox 1109 3538 1252 3610; x_wconf 82' lang='lat' dir='ltr'>restribus</span> <span class='ocrx_word' id='word_1_511' title='bbox 1267 3555 1275 3595; x_wconf 74' lang='grc' dir='ltr'><strong><em>ε</em></strong></span> <span class='ocrx_word' id='word_1_512' title='bbox 1289 3538 1417 3609; x_wconf 86' lang='lat' dir='ltr'>lieet‚ut</span> <span class='ocrx_word' id='word_1_513' title='bbox 1433 3542 1510 3596; x_wconf 89' lang='lat' dir='ltr'>recte</span> <span class='ocrx_word' id='word_1_514' title='bbox 1524 3539 1691 3598; x_wconf 84' lang='lat' dir='ltr'>advertiis.</span> <span class='ocrx_word' id='word_1_515' title='bbox 1707 3539 1908 3614; x_wconf 73' lang='lat' dir='ltr'>Augustinus,</span> 
     </span>
    </p>

    <p class='ocr_par' dir='ltr' id='par_1_3' title="bbox 280 3615 1909 3866">
     <span class='ocr_line' id='line_1_41' title="bbox 280 3615 1909 3699; baseline 0.006 -24"><span class='ocrx_word' id='word_1_516' title='bbox 280 3617 352 3675; x_wconf 90' lang='lat' dir='ltr'>bens</span> <span class='ocrx_word' id='word_1_517' title='bbox 370 3615 500 3674; x_wconf 89' lang='lat' dir='ltr'>animam</span> <span class='ocrx_word' id='word_1_518' title='bbox 517 3617 656 3690; x_wconf 73' lang='lat' dir='ltr'>viventis,</span> <span class='ocrx_word' id='word_1_519' title='bbox 674 3618 735 3674; x_wconf 85' lang='lat' dir='ltr'>siva</span> <span class='ocrx_word' id='word_1_520' title='bbox 753 3618 889 3676; x_wconf 87' lang='lat' dir='ltr'>animalis</span> <span class='ocrx_word' id='word_1_521' title='bbox 908 3621 1067 3681; x_wconf 86' lang='lat' dir='ltr'>sentientis.</span> <span class='ocrx_word' id='word_1_522' title='bbox 1111 3622 1165 3681; x_wconf 90' lang='lat' dir='ltr'>lib.</span> <span class='ocrx_word' id='word_1_523' title='bbox 1184 3625 1218 3680; x_wconf 92' lang='lat' dir='ltr'>lll</span> <span class='ocrx_word' id='word_1_524' title='bbox 1230 3625 1271 3679; x_wconf 87' lang='lat' dir='ltr'>Be</span> <span class='ocrx_word' id='word_1_525' title='bbox 1296 3623 1361 3680; x_wconf 82' lang='lat' dir='ltr'>Gen.</span> <span class='ocrx_word' id='word_1_526' title='bbox 1377 3622 1415 3680; x_wconf 82' lang='lat' dir='ltr'>cd</span> <span class='ocrx_word' id='word_1_527' title='bbox 1434 3625 1493 3681; x_wconf 84' lang='lat' dir='ltr'>titt.</span> <span class='ocrx_word' id='word_1_528' title='bbox 1515 3639 1582 3697; x_wconf 89' lang='lat' dir='ltr'>cap.</span> <span class='ocrx_word' id='word_1_529' title='bbox 1600 3637 1669 3695; x_wconf 76' lang='lat' dir='ltr'>utu,</span> <span class='ocrx_word' id='word_1_530' title='bbox 1693 3623 1778 3699; x_wconf 91' lang='lat' dir='ltr'>quod</span> <span class='ocrx_word' id='word_1_531' title='bbox 1796 3623 1829 3682; x_wconf 91' lang='lat' dir='ltr'>in</span> <span class='ocrx_word' id='word_1_532' title='bbox 1844 3639 1909 3684; x_wconf 87' lang='lat' dir='ltr'>uuo</span> 
     </span>
     <span class='ocr_line' id='line_1_42' title="bbox 282 3701 1909 3783; baseline 0.002 -23"><span class='ocrx_word' id='word_1_533' title='bbox 282 3701 404 3774; x_wconf 88' lang='lat' dir='ltr'>Beptilia</span> <span class='ocrx_word' id='word_1_534' title='bbox 422 3706 509 3758; x_wconf 87' lang='lat' dir='ltr'>vocat</span> <span class='ocrx_word' id='word_1_535' title='bbox 526 3701 639 3775; x_wconf 90' lang='lat' dir='ltr'>pisces,</span> <span class='ocrx_word' id='word_1_536' title='bbox 659 3701 731 3775; x_wconf 90' lang='lat' dir='ltr'>quia</span> <span class='ocrx_word' id='word_1_537' title='bbox 753 3701 848 3776; x_wconf 85' lang='lat' dir='ltr'>pisces</span> <span class='ocrx_word' id='word_1_538' title='bbox 873 3719 935 3761; x_wconf 93' lang='lat' dir='ltr'>non</span> <span class='ocrx_word' id='word_1_539' title='bbox 958 3704 1070 3762; x_wconf 90' lang='lat' dir='ltr'>habent</span> <span class='ocrx_word' id='word_1_540' title='bbox 1112 3723 1285 3779; x_wconf 89' lang='lat' dir='ltr'>expressum</span> <span class='ocrx_word' id='word_1_541' title='bbox 1298 3711 1358 3777; x_wconf 88' lang='lat' dir='ltr'>est,</span> <span class='ocrx_word' id='word_1_542' title='bbox 1372 3706 1403 3763; x_wconf 94' lang='lat' dir='ltr'>in</span> <span class='ocrx_word' id='word_1_543' title='bbox 1417 3704 1508 3764; x_wconf 85' lang='lat' dir='ltr'>altera</span> <span class='ocrx_word' id='word_1_544' title='bbox 1522 3705 1611 3764; x_wconf 89' lang='lat' dir='ltr'>simili</span> <span class='ocrx_word' id='word_1_545' title='bbox 1626 3723 1712 3783; x_wconf 75' lang='lat' dir='ltr'>uque</span> <span class='ocrx_word' id='word_1_546' title='bbox 1726 3707 1909 3782; x_wconf 82' lang='lat' dir='ltr'>subintelligi</span> 
     </span>
     <span class='ocr_line' id='line_1_43' title="bbox 281 3785 1908 3866; baseline 0.004 -21"><span class='ocrx_word' id='word_1_547' title='bbox 281 3787 386 3862; x_wconf 88' lang='lat' dir='ltr'>pedes,</span> <span class='ocrx_word' id='word_1_548' title='bbox 399 3785 452 3843; x_wconf 88' lang='lat' dir='ltr'>sod</span> <span class='ocrx_word' id='word_1_549' title='bbox 468 3791 569 3844; x_wconf 85' lang='lat' dir='ltr'>ventre</span> <span class='ocrx_word' id='word_1_550' title='bbox 583 3785 727 3844; x_wconf 89' lang='lat' dir='ltr'>incubant</span> <span class='ocrx_word' id='word_1_551' title='bbox 739 3786 826 3860; x_wconf 87' lang='lat' dir='ltr'>aquis</span> <span class='ocrx_word' id='word_1_552' title='bbox 835 3831 846 3862; x_wconf 92' lang='lat'>,</span> <span class='ocrx_word' id='word_1_553' title='bbox 866 3789 953 3863; x_wconf 87' lang='lat' dir='ltr'>quasi</span> <span class='ocrx_word' id='word_1_554' title='bbox 967 3806 1070 3864; x_wconf 89' lang='lat' dir='ltr'>repen·</span> <span class='ocrx_word' id='word_1_555' title='bbox 1113 3792 1229 3849; x_wconf 88' lang='lat' dir='ltr'>debeat.</span> <span class='ocrx_word' id='word_1_556' title='bbox 1249 3790 1367 3849; x_wconf 92' lang='lat' dir='ltr'>llomini</span> <span class='ocrx_word' id='word_1_557' title='bbox 1383 3806 1455 3848; x_wconf 84' lang='lat' dir='ltr'>vero</span> <span class='ocrx_word' id='word_1_558' title='bbox 1475 3789 1583 3863; x_wconf 86' lang='lat' dir='ltr'>legitur</span> <span class='ocrx_word' id='word_1_559' title='bbox 1603 3793 1679 3850; x_wconf 89' lang='lat' dir='ltr'>Beus</span> <span class='ocrx_word' id='word_1_560' title='bbox 1702 3791 1908 3866; x_wconf 85' lang='lat' dir='ltr'>benedixisse,</span> 
     </span>
    </p>

    <p class='ocr_par' dir='ltr' id='par_1_4' title="bbox 182 3869 1908 3948">
     <span class='ocr_line' id='line_1_44' title="bbox 182 3869 1908 3948; baseline 0.003 -18"><span class='ocrx_word' id='word_1_561' title='bbox 182 3871 270 3930; x_wconf 73' lang='lat' dir='ltr'>rapte·</span> <span class='ocrx_word' id='word_1_562' title='bbox 283 3879 324 3928; x_wconf 83' lang='lat' dir='ltr'>tas</span> <span class='ocrx_word' id='word_1_563' title='bbox 335 3874 364 3927; x_wconf 90' lang='lat' dir='ltr'>et</span> <span class='ocrx_word' id='word_1_564' title='bbox 381 3869 567 3942; x_wconf 82' lang='lat' dir='ltr'>remigantes.</span> <span class='ocrx_word' id='word_1_565' title='bbox 583 3871 630 3928; x_wconf 75' lang='lat' dir='ltr'>Ad</span> <span class='ocrx_word' id='word_1_566' title='bbox 650 3870 745 3945; x_wconf 86' lang='lat' dir='ltr'>pisces</span> <span class='ocrx_word' id='word_1_567' title='bbox 756 3871 832 3930; x_wconf 86' lang='lat' dir='ltr'>reier</span> <span class='ocrx_word' id='word_1_568' title='bbox 849 3872 1016 3947; x_wconf 87' lang='lat' dir='ltr'>amphibia,</span> <span class='ocrx_word' id='word_1_569' title='bbox 1027 3874 1071 3930; x_wconf 88' lang='lat' dir='ltr'>uti</span> <span class='ocrx_word' id='word_1_570' title='bbox 1110 3877 1175 3932; x_wconf 87' lang='lat' dir='ltr'>tum</span> <span class='ocrx_word' id='word_1_571' title='bbox 1188 3873 1260 3948; x_wconf 89' lang='lat' dir='ltr'>quia</span> <span class='ocrx_word' id='word_1_572' title='bbox 1268 3872 1361 3932; x_wconf 91' lang='lat' dir='ltr'>homo</span> <span class='ocrx_word' id='word_1_573' title='bbox 1369 3873 1511 3932; x_wconf 90' lang='lat' dir='ltr'>dominus</span> <span class='ocrx_word' id='word_1_574' title='bbox 1520 3879 1564 3932; x_wconf 86' lang='lat' dir='ltr'>est</span> <span class='ocrx_word' id='word_1_575' title='bbox 1574 3875 1750 3934; x_wconf 87' lang='lat' dir='ltr'>animalium</span> <span class='ocrx_word' id='word_1_576' title='bbox 1758 3876 1908 3948; x_wconf 88' lang='lat' dir='ltr'>omnium,</span> 
     </span>
    </p>

    <p class='ocr_par' dir='ltr' id='par_1_5' title="bbox 162 3931 1909 4041">
     <span class='ocr_line' id='line_1_45' title="bbox 162 3931 1909 4041; baseline 0.005 -32"><span class='ocrx_word' id='word_1_577' title='bbox 162 3931 269 4041; x_wconf 42' lang='lat' dir='ltr'>bicor?</span> <span class='ocrx_word' id='word_1_578' title='bbox 283 3958 350 4012; x_wconf 90' lang='lat' dir='ltr'>sunt</span> <span class='ocrx_word' id='word_1_579' title='bbox 361 3953 443 4026; x_wconf 91' lang='lat' dir='ltr'>fibri,</span> <span class='ocrx_word' id='word_1_580' title='bbox 462 3954 561 4026; x_wconf 81' lang='lat' dir='ltr'>lutroe,</span> <span class='ocrx_word' id='word_1_581' title='bbox 576 3954 800 4028; x_wconf 81' lang='lat' dir='ltr'>hippopotami3</span> <span class='ocrx_word' id='word_1_582' title='bbox 823 3956 967 4030; x_wconf 77' lang='lat' dir='ltr'>quaelicet</span> <span class='ocrx_word' id='word_1_583' title='bbox 980 3957 1071 4032; x_wconf 90' lang='lat' dir='ltr'>pedes</span> <span class='ocrx_word' id='word_1_584' title='bbox 1111 3961 1175 4016; x_wconf 87' lang='lat' dir='ltr'>tum</span> <span class='ocrx_word' id='word_1_585' title='bbox 1187 3957 1259 4031; x_wconf 90' lang='lat' dir='ltr'>quia</span> <span class='ocrx_word' id='word_1_586' title='bbox 1270 3956 1363 4015; x_wconf 89' lang='lat' dir='ltr'>homo</span> <span class='ocrx_word' id='word_1_587' title='bbox 1377 3975 1432 4032; x_wconf 88' lang='lat' dir='ltr'>per</span> <span class='ocrx_word' id='word_1_588' title='bbox 1444 3974 1549 4018; x_wconf 89' lang='lat' dir='ltr'>omues</span> <span class='ocrx_word' id='word_1_589' title='bbox 1566 3964 1652 4018; x_wconf 71' lang='lat' dir='ltr'>terrra</span> <span class='ocrx_word' id='word_1_590' title='bbox 1663 3961 1831 4036; x_wconf 82' lang='lat' dir='ltr'>provincias</span> <span class='ocrx_word' id='word_1_591' title='bbox 1844 3960 1909 4018; x_wconf 86' lang='lat' dir='ltr'>dis-</span> 
     </span>
    </p>

    <p class='ocr_par' dir='ltr' id='par_1_6' title="bbox 164 4012 1907 4198">
     <span class='ocr_line' id='line_1_46' title="bbox 164 4012 1907 4118; baseline 0.001 -14"><span class='ocrx_word' id='word_1_592' title='bbox 164 4012 255 4104; x_wconf 56' lang='lat' dir='ltr'>facere.</span> <span class='ocrx_word' id='word_1_593' title='bbox 282 4037 427 4108; x_wconf 85' lang='lat' dir='ltr'>habeant,</span> <span class='ocrx_word' id='word_1_594' title='bbox 439 4037 474 4094; x_wconf 91' lang='lat' dir='ltr'>iis</span> <span class='ocrx_word' id='word_1_595' title='bbox 486 4042 584 4096; x_wconf 65' lang='lat' dir='ltr'>umen</span> <span class='ocrx_word' id='word_1_596' title='bbox 598 4054 659 4096; x_wconf 89' lang='lat' dir='ltr'>nou</span> <span class='ocrx_word' id='word_1_597' title='bbox 671 4040 858 4112; x_wconf 86' lang='lat' dir='ltr'>gradiuntur,</span> <span class='ocrx_word' id='word_1_598' title='bbox 871 4041 944 4098; x_wconf 93' lang='lat' dir='ltr'>dum</span> <span class='ocrx_word' id='word_1_599' title='bbox 959 4045 1028 4098; x_wconf 89' lang='lat' dir='ltr'>sunt</span> <span class='ocrx_word' id='word_1_600' title='bbox 1040 4041 1071 4100; x_wconf 92' lang='lat' dir='ltr'>in</span> <span class='ocrx_word' id='word_1_601' title='bbox 1112 4041 1305 4100; x_wconf 83' lang='lat' dir='ltr'>seminandus</span> <span class='ocrx_word' id='word_1_602' title='bbox 1318 4046 1396 4112; x_wconf 85' lang='lat' dir='ltr'>erat,</span> <span class='ocrx_word' id='word_1_603' title='bbox 1405 4059 1476 4101; x_wconf 92' lang='lat' dir='ltr'>cum</span> <span class='ocrx_word' id='word_1_604' title='bbox 1488 4049 1593 4102; x_wconf 80' lang='lat' dir='ltr'>caetera</span> <span class='ocrx_word' id='word_1_605' title='bbox 1599 4044 1754 4118; x_wconf 84' lang='lat' dir='ltr'>animalia,</span> <span class='ocrx_word' id='word_1_606' title='bbox 1764 4044 1907 4105; x_wconf 83' lang='lat' dir='ltr'>eliaalius</span> 
     </span>
     <span class='ocr_line' id='line_1_47' title="bbox 282 4121 1649 4198; baseline 0.005 -18"><span class='ocrx_word' id='word_1_607' title='bbox 282 4122 382 4195; x_wconf 85' lang='lat' dir='ltr'>aquis,</span> <span class='ocrx_word' id='word_1_608' title='bbox 395 4121 450 4178; x_wconf 87' lang='lat' dir='ltr'>sed</span> <span class='ocrx_word' id='word_1_609' title='bbox 459 4122 495 4178; x_wconf 89' lang='lat' dir='ltr'>iis</span> <span class='ocrx_word' id='word_1_610' title='bbox 508 4123 638 4180; x_wconf 89' lang='lat' dir='ltr'>natando</span> <span class='ocrx_word' id='word_1_611' title='bbox 650 4128 773 4181; x_wconf 87' lang='lat' dir='ltr'>utuntur</span> <span class='ocrx_word' id='word_1_612' title='bbox 785 4139 842 4198; x_wconf 91' lang='lat' dir='ltr'>pro</span> <span class='ocrx_word' id='word_1_613' title='bbox 853 4123 988 4195; x_wconf 89' lang='lat' dir='ltr'>remigio.</span> <span class='ocrx_word' id='word_1_614' title='bbox 1113 4126 1203 4184; x_wconf 89' lang='lat' dir='ltr'>terras</span> <span class='ocrx_word' id='word_1_615' title='bbox 1217 4125 1389 4183; x_wconf 87' lang='lat' dir='ltr'>naturaliter</span> <span class='ocrx_word' id='word_1_616' title='bbox 1400 4142 1462 4185; x_wconf 92' lang='lat' dir='ltr'>non</span> <span class='ocrx_word' id='word_1_617' title='bbox 1477 4127 1649 4187; x_wconf 83' lang='lat' dir='ltr'>sustineant</span> 
     </span>
    </p>

    <p class='ocr_par' dir='ltr' id='par_1_7' title="bbox 164 4213 2031 4793">
     <span class='ocr_line' id='line_1_48' title="bbox 164 4213 2031 4293; baseline 0.005 -24"><span class='ocrx_word' id='word_1_618' title='bbox 164 4217 223 4260; x_wconf 63' lang='grc' dir='ltr'>νου·</span> <span class='ocrx_word' id='word_1_619' title='bbox 233 4219 268 4260; x_wconf 80' lang='lat'>¹¹·</span> <span class='ocrx_word' id='word_1_620' title='bbox 316 4215 362 4271; x_wconf 79' lang='lat' dir='ltr'>tl.</span> <span class='ocrx_word' id='word_1_621' title='bbox 377 4213 556 4278; x_wconf 79' lang='lat' dir='ltr'>Cnnxrrrour</span> <span class='ocrx_word' id='word_1_622' title='bbox 568 4215 641 4269; x_wconf 82' lang='lat' dir='ltr'>haus</span> <span class='ocrx_word' id='word_1_623' title='bbox 655 4227 723 4270; x_wconf 84' lang='lat' dir='ltr'>curu</span> <span class='ocrx_word' id='word_1_624' title='bbox 733 4228 868 4271; x_wconf 72' lang='lat' dir='ltr'>curuare.</span> <span class='ocrx_word' id='word_1_625' title='bbox 884 4216 977 4272; x_wconf 77' lang='lat' dir='ltr'>«cete</span> <span class='ocrx_word' id='word_1_626' title='bbox 991 4236 1006 4271; x_wconf 75' lang='lat' dir='ltr'>a</span> <span class='ocrx_word' id='word_1_627' title='bbox 1021 4215 1074 4274; x_wconf 92' lang='lat' dir='ltr'>hc-</span> <span class='ocrx_word' id='word_1_628' title='bbox 1149 4213 1229 4270; x_wconf 84' lang='lat' dir='ltr'>Dices</span> <span class='ocrx_word' id='word_1_629' title='bbox 1244 4230 1251 4268; x_wconf 90' lang='lat'><strong>:</strong></span> <span class='ocrx_word' id='word_1_630' title='bbox 1268 4214 1390 4272; x_wconf 84' lang='lat' dir='ltr'>Phoenix</span> <span class='ocrx_word' id='word_1_631' title='bbox 1402 4216 1464 4273; x_wconf 85' lang='lat' dir='ltr'>avis</span> <span class='ocrx_word' id='word_1_632' title='bbox 1477 4222 1522 4275; x_wconf 89' lang='lat' dir='ltr'>est</span> <span class='ocrx_word' id='word_1_633' title='bbox 1534 4217 1622 4275; x_wconf 90' lang='lat' dir='ltr'>unica</span> <span class='ocrx_word' id='word_1_634' title='bbox 1635 4217 1666 4275; x_wconf 93' lang='lat' dir='ltr'>in</span> <span class='ocrx_word' id='word_1_635' title='bbox 1680 4219 1796 4277; x_wconf 89' lang='lat' dir='ltr'>mundo</span> <span class='ocrx_word' id='word_1_636' title='bbox 1811 4235 1820 4277; x_wconf 80' lang='lat' dir='ltr'>r</span> <span class='ocrx_word' id='word_1_637' title='bbox 1833 4235 1906 4293; x_wconf 89' lang='lat' dir='ltr'>ergo</span> <span class='ocrx_word' id='word_1_638' title='bbox 1919 4233 1960 4280; x_wconf 72' lang='lat' dir='ltr'>Aa</span> <span class='ocrx_word' id='word_1_639' title='bbox 1976 4233 2031 4292; x_wconf 71' lang='lat' dir='ltr'>pne</span> 
     </span>
     <span class='ocr_line' id='line_1_49' title="bbox 281 4292 2031 4374; baseline 0.005 -24"><span class='ocrx_word' id='word_1_640' title='bbox 281 4292 379 4350; x_wconf 90' lang='lat' dir='ltr'>braice</span> <span class='ocrx_word' id='word_1_641' title='bbox 401 4297 545 4348; x_wconf 86' lang='lat' dir='ltr'>vocantur</span> <span class='ocrx_word' id='word_1_642' title='bbox 561 4299 680 4354; x_wconf 68' lang='lat' dir='ltr'>D‘t’ttt</span> <span class='ocrx_word' id='word_1_643' title='bbox 702 4296 856 4364; x_wconf 78' lang='lat' dir='ltr'>thaninim,</span> <span class='ocrx_word' id='word_1_644' title='bbox 877 4295 963 4367; x_wconf 90' lang='lat' dir='ltr'>quod</span> <span class='ocrx_word' id='word_1_645' title='bbox 981 4294 1072 4365; x_wconf 87' lang='lat' dir='ltr'>signi·</span> <span class='ocrx_word' id='word_1_646' title='bbox 1113 4295 1145 4353; x_wconf 91' lang='lat' dir='ltr'>in</span> <span class='ocrx_word' id='word_1_647' title='bbox 1155 4313 1191 4353; x_wconf 92' lang='lat' dir='ltr'>ea</span> <span class='ocrx_word' id='word_1_648' title='bbox 1204 4313 1266 4354; x_wconf 91' lang='lat' dir='ltr'>non</span> <span class='ocrx_word' id='word_1_649' title='bbox 1277 4301 1320 4355; x_wconf 90' lang='lat' dir='ltr'>est</span> <span class='ocrx_word' id='word_1_650' title='bbox 1341 4315 1445 4357; x_wconf 82' lang='lat' dir='ltr'>rerum</span> <span class='ocrx_word' id='word_1_651' title='bbox 1458 4305 1485 4354; x_wconf 76' lang='lat' dir='ltr'>rt</span> <span class='ocrx_word' id='word_1_652' title='bbox 1499 4305 1609 4358; x_wconf 69' lang='lat' dir='ltr'>oscito</span> <span class='ocrx_word' id='word_1_653' title='bbox 1620 4306 1648 4358; x_wconf 83' lang='lat' dir='ltr'>et</span> <span class='ocrx_word' id='word_1_654' title='bbox 1668 4297 2031 4374; x_wconf 70' lang='lat' dir='ltr'>multiplicamini.¹¹1¹¹¹¹¹&#39;¹⁰,¹</span> 
     </span>
     <span class='ocr_line' id='line_1_50' title="bbox 281 4357 2031 4466; baseline 0.007 -33"><span class='ocrx_word' id='word_1_655' title='bbox 281 4375 350 4433; x_wconf 87' lang='lat' dir='ltr'>licat</span> <span class='ocrx_word' id='word_1_656' title='bbox 360 4375 502 4432; x_wconf 87' lang='lat' dir='ltr'>dracones</span> <span class='ocrx_word' id='word_1_657' title='bbox 508 4377 560 4444; x_wconf 89' lang='lat' dir='ltr'>,ct</span> <span class='ocrx_word' id='word_1_658' title='bbox 578 4375 680 4432; x_wconf 88' lang='lat' dir='ltr'>omnia</span> <span class='ocrx_word' id='word_1_659' title='bbox 697 4375 828 4446; x_wconf 83' lang='lat' dir='ltr'>ingentia</span> <span class='ocrx_word' id='word_1_660' title='bbox 839 4376 979 4434; x_wconf 88' lang='lat' dir='ltr'>animalia</span> <span class='ocrx_word' id='word_1_661' title='bbox 985 4419 994 4449; x_wconf 91' lang='lat'>,</span> <span class='ocrx_word' id='word_1_662' title='bbox 1009 4382 1071 4434; x_wconf 86' lang='lat' dir='ltr'>tam</span> <span class='ocrx_word' id='word_1_663' title='bbox 1112 4379 1289 4454; x_wconf 86' lang='lat' dir='ltr'>Respondeo</span> <span class='ocrx_word' id='word_1_664' title='bbox 1310 4380 1351 4439; x_wconf 93' lang='lat' dir='ltr'>ad</span> <span class='ocrx_word' id='word_1_665' title='bbox 1371 4383 1545 4440; x_wconf 79' lang='lat' dir='ltr'>antecedens</span> <span class='ocrx_word' id='word_1_666' title='bbox 1565 4400 1574 4440; x_wconf 77' lang='lat' dir='ltr'><strong><em>z</em></strong></span> <span class='ocrx_word' id='word_1_667' title='bbox 1595 4383 1761 4442; x_wconf 88' lang='lat' dir='ltr'>Phoeniccm</span> <span class='ocrx_word' id='word_1_668' title='bbox 1784 4384 1908 4444; x_wconf 84' lang='lat' dir='ltr'>existere</span> <span class='ocrx_word' id='word_1_669' title='bbox 1921 4357 2031 4466; x_wconf 42' lang='grc' dir='ltr'>ἔξω</span> 
     </span>
     <span class='ocr_line' id='line_1_51' title="bbox 282 4458 1909 4545; baseline 0.007 -29"><span class='ocrx_word' id='word_1_670' title='bbox 282 4459 425 4518; x_wconf 87' lang='lat' dir='ltr'>terrestria</span> <span class='ocrx_word' id='word_1_671' title='bbox 450 4474 542 4534; x_wconf 90' lang='lat' dir='ltr'>quam</span> <span class='ocrx_word' id='word_1_672' title='bbox 553 4460 704 4532; x_wconf 88' lang='lat' dir='ltr'>aquatica,</span> <span class='ocrx_word' id='word_1_673' title='bbox 716 4458 758 4516; x_wconf 91' lang='lat' dir='ltr'>uti</span> <span class='ocrx_word' id='word_1_674' title='bbox 770 4465 839 4517; x_wconf 90' lang='lat' dir='ltr'>sunt</span> <span class='ocrx_word' id='word_1_675' title='bbox 849 4460 988 4532; x_wconf 72' lang='lat' dir='ltr'>halante,</span> <span class='ocrx_word' id='word_1_676' title='bbox 1003 4478 1072 4537; x_wconf 78' lang='lat' dir='ltr'>qua</span> <span class='ocrx_word' id='word_1_677' title='bbox 1114 4463 1201 4520; x_wconf 85' lang='lat' dir='ltr'>multi</span> <span class='ocrx_word' id='word_1_678' title='bbox 1214 4469 1362 4536; x_wconf 87' lang='lat' dir='ltr'>veterum,</span> <span class='ocrx_word' id='word_1_679' title='bbox 1375 4481 1437 4523; x_wconf 92' lang='lat' dir='ltr'>non</span> <span class='ocrx_word' id='word_1_680' title='bbox 1448 4471 1509 4524; x_wconf 86' lang='lat' dir='ltr'>tam</span> <span class='ocrx_word' id='word_1_681' title='bbox 1522 4483 1561 4525; x_wconf 89' lang='lat' dir='ltr'>ex</span> <span class='ocrx_word' id='word_1_682' title='bbox 1576 4471 1654 4526; x_wconf 91' lang='lat' dir='ltr'>certa</span> <span class='ocrx_word' id='word_1_683' title='bbox 1665 4467 1800 4542; x_wconf 88' lang='lat' dir='ltr'>scientia,</span> <span class='ocrx_word' id='word_1_684' title='bbox 1815 4485 1909 4545; x_wconf 82' lang='lat' dir='ltr'>quana</span> 
     </span>
     <span class='ocr_line' id='line_1_52' title="bbox 281 4542 1907 4628; baseline 0.008 -30"><span class='ocrx_word' id='word_1_685' title='bbox 281 4547 350 4600; x_wconf 92' lang='lat' dir='ltr'>sunt</span> <span class='ocrx_word' id='word_1_686' title='bbox 369 4542 456 4618; x_wconf 87' lang='lat' dir='ltr'>quasi</span> <span class='ocrx_word' id='word_1_687' title='bbox 475 4542 618 4600; x_wconf 87' lang='lat' dir='ltr'>dracones</span> <span class='ocrx_word' id='word_1_688' title='bbox 643 4543 780 4618; x_wconf 88' lang='lat' dir='ltr'>aquatici.</span> <span class='ocrx_word' id='word_1_689' title='bbox 809 4544 853 4601; x_wconf 90' lang='lat' dir='ltr'>Sic</span> <span class='ocrx_word' id='word_1_690' title='bbox 875 4561 987 4602; x_wconf 90' lang='lat' dir='ltr'>nomen</span> <span class='ocrx_word' id='word_1_691' title='bbox 1011 4550 1072 4604; x_wconf 88' lang='lat' dir='ltr'>ceto</span> <span class='ocrx_word' id='word_1_692' title='bbox 1115 4562 1153 4604; x_wconf 91' lang='lat' dir='ltr'>ex</span> <span class='ocrx_word' id='word_1_693' title='bbox 1166 4547 1317 4604; x_wconf 89' lang='lat' dir='ltr'>communi</span> <span class='ocrx_word' id='word_1_694' title='bbox 1337 4564 1457 4607; x_wconf 89' lang='lat' dir='ltr'>rumore</span> <span class='ocrx_word' id='word_1_695' title='bbox 1478 4556 1676 4611; x_wconf 86' lang='lat' dir='ltr'>assernerunt.</span> <span class='ocrx_word' id='word_1_696' title='bbox 1692 4555 1799 4610; x_wconf 81' lang='lat' dir='ltr'>Verum</span> <span class='ocrx_word' id='word_1_697' title='bbox 1811 4558 1907 4628; x_wconf 85' lang='lat' dir='ltr'>posta-</span> 
     </span>
     <span class='ocr_line' id='line_1_53' title="bbox 281 4625 1911 4712; baseline 0.009 -30"><span class='ocrx_word' id='word_1_698' title='bbox 281 4641 440 4682; x_wconf 83' lang='lat' dir='ltr'>commuue</span> <span class='ocrx_word' id='word_1_699' title='bbox 455 4629 498 4683; x_wconf 90' lang='lat' dir='ltr'>est</span> <span class='ocrx_word' id='word_1_700' title='bbox 521 4625 662 4684; x_wconf 91' lang='lat' dir='ltr'>omnibus</span> <span class='ocrx_word' id='word_1_701' title='bbox 681 4626 798 4700; x_wconf 81' lang='lat' dir='ltr'>maguis</span> <span class='ocrx_word' id='word_1_702' title='bbox 811 4631 840 4685; x_wconf 91' lang='lat' dir='ltr'>et</span> <span class='ocrx_word' id='word_1_703' title='bbox 853 4629 974 4687; x_wconf 84' lang='lat' dir='ltr'>octaceis</span> <span class='ocrx_word' id='word_1_704' title='bbox 987 4627 1074 4703; x_wconf 86' lang='lat' dir='ltr'>pisci·</span> <span class='ocrx_word' id='word_1_705' title='bbox 1115 4629 1208 4689; x_wconf 89' lang='lat' dir='ltr'>riores</span> <span class='ocrx_word' id='word_1_706' title='bbox 1223 4631 1391 4708; x_wconf 86' lang='lat' dir='ltr'>Philosophi</span> <span class='ocrx_word' id='word_1_707' title='bbox 1401 4639 1428 4692; x_wconf 92' lang='lat' dir='ltr'>et</span> <span class='ocrx_word' id='word_1_708' title='bbox 1439 4636 1566 4709; x_wconf 89' lang='lat' dir='ltr'>Physici,</span> <span class='ocrx_word' id='word_1_709' title='bbox 1579 4637 1632 4712; x_wconf 92' lang='lat' dir='ltr'>qui</span> <span class='ocrx_word' id='word_1_710' title='bbox 1643 4638 1681 4695; x_wconf 88' lang='lat' dir='ltr'>da</span> <span class='ocrx_word' id='word_1_711' title='bbox 1694 4637 1911 4697; x_wconf 86' lang='lat' dir='ltr'>avibusexacte</span> 
     </span>
     <span class='ocr_line' id='line_1_54' title="bbox 281 4708 1912 4793; baseline 0.009 -28"><span class='ocrx_word' id='word_1_712' title='bbox 281 4709 352 4780; x_wconf 91' lang='lat' dir='ltr'>bus,</span> <span class='ocrx_word' id='word_1_713' title='bbox 366 4712 401 4766; x_wconf 89' lang='lat' dir='ltr'>ut</span> <span class='ocrx_word' id='word_1_714' title='bbox 411 4708 497 4766; x_wconf 92' lang='lat' dir='ltr'>docet</span> <span class='ocrx_word' id='word_1_715' title='bbox 510 4709 664 4769; x_wconf 86' lang='lat' dir='ltr'>Gesuarus.</span> <span class='ocrx_word' id='word_1_716' title='bbox 1116 4716 1295 4790; x_wconf 88' lang='lat' dir='ltr'>scripserunt</span> <span class='ocrx_word' id='word_1_717' title='bbox 1303 4758 1313 4789; x_wconf 96' lang='lat'>,</span> <span class='ocrx_word' id='word_1_718' title='bbox 1334 4716 1409 4774; x_wconf 90' lang='lat' dir='ltr'>inter</span> <span class='ocrx_word' id='word_1_719' title='bbox 1423 4734 1501 4793; x_wconf 92' lang='lat' dir='ltr'>quos</span> <span class='ocrx_word' id='word_1_720' title='bbox 1518 4720 1642 4778; x_wconf 88' lang='lat' dir='ltr'>ultimus</span> <span class='ocrx_word' id='word_1_721' title='bbox 1655 4725 1684 4779; x_wconf 93' lang='lat' dir='ltr'>et</span> <span class='ocrx_word' id='word_1_722' title='bbox 1706 4722 1912 4780; x_wconf 88' lang='lat' dir='ltr'>exactissimus</span> 
     </span>
    </p>

    <p class='ocr_par' dir='ltr' id='par_1_8' title="bbox 316 4791 1915 4880">
     <span class='ocr_line' id='line_1_55' title="bbox 316 4791 1915 4880; baseline 0.01 -32"><span class='ocrx_word' id='word_1_723' title='bbox 316 4791 409 4849; x_wconf 84' lang='lat' dir='ltr'>iudaei</span> <span class='ocrx_word' id='word_1_724' title='bbox 432 4809 485 4867; x_wconf 87' lang='lat' dir='ltr'>per</span> <span class='ocrx_word' id='word_1_725' title='bbox 508 4798 644 4852; x_wconf 78' lang='lat' dir='ltr'>tonaiaim</span> <span class='ocrx_word' id='word_1_726' title='bbox 664 4794 813 4870; x_wconf 90' lang='lat' dir='ltr'>accipiunt</span> <span class='ocrx_word' id='word_1_727' title='bbox 832 4796 963 4855; x_wconf 72' lang='lat' dir='ltr'>balaenas</span> <span class='ocrx_word' id='word_1_728' title='bbox 981 4800 1074 4858; x_wconf 87' lang='lat' dir='ltr'>maxi·</span> <span class='ocrx_word' id='word_1_729' title='bbox 1115 4804 1159 4857; x_wconf 92' lang='lat' dir='ltr'>est</span> <span class='ocrx_word' id='word_1_730' title='bbox 1172 4800 1287 4874; x_wconf 85' lang='lat' dir='ltr'>Ulysses</span> <span class='ocrx_word' id='word_1_731' title='bbox 1311 4801 1535 4875; x_wconf 67' lang='lat' dir='ltr'>aldrovandus,</span> <span class='ocrx_word' id='word_1_732' title='bbox 1558 4805 1724 4864; x_wconf 84' lang='lat' dir='ltr'>Phoeniccm</span> <span class='ocrx_word' id='word_1_733' title='bbox 1737 4821 1794 4880; x_wconf 92' lang='lat' dir='ltr'>pro</span> <span class='ocrx_word' id='word_1_734' title='bbox 1807 4804 1915 4864; x_wconf 84' lang='lat' dir='ltr'>tabula</span> 
     </span>
    </p>

    <p class='ocr_par' dir='ltr' id='par_1_9' title="bbox 282 4878 1918 5385">
     <span class='ocr_line' id='line_1_56' title="bbox 282 4878 1916 4965; baseline 0.01 -33"><span class='ocrx_word' id='word_1_735' title='bbox 282 4891 361 4947; x_wconf 88' lang='lat' dir='ltr'>mas,</span> <span class='ocrx_word' id='word_1_736' title='bbox 374 4893 450 4951; x_wconf 88' lang='lat' dir='ltr'>quas</span> <span class='ocrx_word' id='word_1_737' title='bbox 462 4878 538 4935; x_wconf 87' lang='lat' dir='ltr'>duas</span> <span class='ocrx_word' id='word_1_738' title='bbox 548 4882 663 4940; x_wconf 89' lang='lat' dir='ltr'>tautum</span> <span class='ocrx_word' id='word_1_739' title='bbox 676 4885 787 4939; x_wconf 90' lang='lat' dir='ltr'>creatas</span> <span class='ocrx_word' id='word_1_740' title='bbox 798 4898 860 4938; x_wconf 90' lang='lat' dir='ltr'>csse</span> <span class='ocrx_word' id='word_1_741' title='bbox 872 4882 974 4938; x_wconf 75' lang='lat' dir='ltr'>dicum</span> <span class='ocrx_word' id='word_1_742' title='bbox 990 4882 1075 4956; x_wconf 86' lang='lat' dir='ltr'>(nesi</span> <span class='ocrx_word' id='word_1_743' title='bbox 1113 4883 1384 4961; x_wconf 88' lang='lat' dir='ltr'>habeut,eumquo</span> <span class='ocrx_word' id='word_1_744' title='bbox 1401 4902 1465 4945; x_wconf 93' lang='lat' dir='ltr'>non</span> <span class='ocrx_word' id='word_1_745' title='bbox 1484 4889 1622 4962; x_wconf 88' lang='lat' dir='ltr'>existere,</span> <span class='ocrx_word' id='word_1_746' title='bbox 1637 4906 1692 4948; x_wconf 92' lang='lat' dir='ltr'>neo</span> <span class='ocrx_word' id='word_1_747' title='bbox 1715 4906 1850 4965; x_wconf 88' lang='lat' dir='ltr'>unquam</span> <span class='ocrx_word' id='word_1_748' title='bbox 1862 4906 1916 4949; x_wconf 88' lang='lat' dir='ltr'>cx-</span> 
     </span>
     <span class='ocr_line' id='line_1_57' title="bbox 282 4961 1915 5049; baseline 0.009 -32"><span class='ocrx_word' id='word_1_749' title='bbox 282 4961 382 5035; x_wconf 91' lang='lat' dir='ltr'>plures</span> <span class='ocrx_word' id='word_1_750' title='bbox 395 4966 506 5031; x_wconf 87' lang='lat' dir='ltr'>essent,</span> <span class='ocrx_word' id='word_1_751' title='bbox 517 4963 611 5036; x_wconf 90' lang='lat' dir='ltr'>pisces</span> <span class='ocrx_word' id='word_1_752' title='bbox 623 4981 727 5022; x_wconf 90' lang='lat' dir='ltr'>omnes</span> <span class='ocrx_word' id='word_1_753' title='bbox 740 4965 933 5035; x_wconf 85' lang='lat' dir='ltr'>devorarant,</span> <span class='ocrx_word' id='word_1_754' title='bbox 945 4971 974 5022; x_wconf 92' lang='lat' dir='ltr'>et</span> <span class='ocrx_word' id='word_1_755' title='bbox 984 4981 1075 5024; x_wconf 85' lang='lat' dir='ltr'>naves</span> <span class='ocrx_word' id='word_1_756' title='bbox 1116 4967 1206 5026; x_wconf 88' lang='lat' dir='ltr'>titisse</span> <span class='ocrx_word' id='word_1_757' title='bbox 1219 4969 1321 5027; x_wconf 90' lang='lat' dir='ltr'>mullis</span> <span class='ocrx_word' id='word_1_758' title='bbox 1333 4973 1548 5032; x_wconf 86' lang='lat' dir='ltr'>demonstrant.</span> <span class='ocrx_word' id='word_1_759' title='bbox 1562 4973 1684 5033; x_wconf 75' lang='lat' dir='ltr'>Phoenix</span> <span class='ocrx_word' id='word_1_760' title='bbox 1694 4988 1766 5044; x_wconf 85' lang='lat' dir='ltr'>ergo</span> <span class='ocrx_word' id='word_1_761' title='bbox 1779 4973 1843 5031; x_wconf 83' lang='lat' dir='ltr'>avis</span> <span class='ocrx_word' id='word_1_762' title='bbox 1853 4977 1915 5049; x_wconf 85' lang='lat' dir='ltr'>est,</span> 
     </span>
     <span class='ocr_line' id='line_1_58' title="bbox 282 5045 1916 5132; baseline 0.008 -28"><span class='ocrx_word' id='word_1_763' title='bbox 282 5060 386 5104; x_wconf 89' lang='lat' dir='ltr'>omnes</span> <span class='ocrx_word' id='word_1_764' title='bbox 409 5045 632 5124; x_wconf 87' lang='lat' dir='ltr'>absorberent),</span> <span class='ocrx_word' id='word_1_765' title='bbox 659 5050 768 5108; x_wconf 90' lang='lat' dir='ltr'>scilicet</span> <span class='ocrx_word' id='word_1_766' title='bbox 801 5050 958 5122; x_wconf 79' lang='lat' dir='ltr'>feminam,</span> <span class='ocrx_word' id='word_1_767' title='bbox 983 5068 1075 5126; x_wconf 89' lang='lat' dir='ltr'>quam</span> <span class='ocrx_word' id='word_1_768' title='bbox 1116 5067 1275 5126; x_wconf 83' lang='lat' dir='ltr'>nonvera,</span> <span class='ocrx_word' id='word_1_769' title='bbox 1289 5055 1343 5114; x_wconf 86' lang='lat' dir='ltr'>sed</span> <span class='ocrx_word' id='word_1_770' title='bbox 1356 5053 1538 5130; x_wconf 85' lang='lat' dir='ltr'>symbolica,</span> <span class='ocrx_word' id='word_1_771' title='bbox 1551 5058 1596 5117; x_wconf 88' lang='lat' dir='ltr'>uti</span> <span class='ocrx_word' id='word_1_772' title='bbox 1606 5057 1763 5118; x_wconf 69' lang='lat' dir='ltr'>utendam</span> <span class='ocrx_word' id='word_1_773' title='bbox 1776 5072 1845 5132; x_wconf 81' lang='lat' dir='ltr'>cap.</span> <span class='ocrx_word' id='word_1_774' title='bbox 1859 5072 1916 5130; x_wconf 77' lang='lat' dir='ltr'>tu,</span> 
     </span>
     <span class='ocr_line' id='line_1_59' title="bbox 283 5131 1236 5209; baseline 0.012 -23"><span class='ocrx_word' id='word_1_775' title='bbox 283 5131 359 5187; x_wconf 83' lang='lat' dir='ltr'>Deus</span> <span class='ocrx_word' id='word_1_776' title='bbox 371 5133 492 5205; x_wconf 87' lang='lat' dir='ltr'>occidit,</span> <span class='ocrx_word' id='word_1_777' title='bbox 506 5138 534 5189; x_wconf 91' lang='lat' dir='ltr'>et</span> <span class='ocrx_word' id='word_1_778' title='bbox 541 5139 669 5191; x_wconf 86' lang='lat' dir='ltr'>reservat</span> <span class='ocrx_word' id='word_1_779' title='bbox 677 5150 743 5191; x_wconf 91' lang='lat' dir='ltr'>eam</span> <span class='ocrx_word' id='word_1_780' title='bbox 748 5134 834 5206; x_wconf 87' lang='lat' dir='ltr'>justis</span> <span class='ocrx_word' id='word_1_781' title='bbox 843 5134 884 5193; x_wconf 87' lang='lat' dir='ltr'>ad</span> <span class='ocrx_word' id='word_1_782' title='bbox 891 5135 1076 5209; x_wconf 89' lang='lat' dir='ltr'>epulandum</span> <span class='ocrx_word' id='word_1_783' title='bbox 1116 5153 1193 5198; x_wconf 75' lang='lat' dir='ltr'>vers,</span> <span class='ocrx_word' id='word_1_784' title='bbox 1205 5139 1236 5197; x_wconf 81' lang='lat'>2.</span> 
     </span>
     <span class='ocr_line' id='line_1_60' title="bbox 282 5215 1917 5300; baseline 0.009 -30"><span class='ocrx_word' id='word_1_785' title='bbox 282 5215 550 5289; x_wconf 79' lang='lat' dir='ltr'>temporsltessiae3</span> <span class='ocrx_word' id='word_1_786' title='bbox 563 5219 592 5274; x_wconf 88' lang='lat' dir='ltr'>et</span> <span class='ocrx_word' id='word_1_787' title='bbox 611 5218 796 5288; x_wconf 68' lang='lat' dir='ltr'>mamalum,</span> <span class='ocrx_word' id='word_1_788' title='bbox 816 5233 907 5290; x_wconf 89' lang='lat' dir='ltr'>quem</span> <span class='ocrx_word' id='word_1_789' title='bbox 928 5224 1075 5293; x_wconf 88' lang='lat' dir='ltr'>reservat,</span> <span class='ocrx_word' id='word_1_790' title='bbox 1152 5221 1917 5300; x_wconf 55' lang='lat' dir='ltr'>suasthuanomeuuauetcxaos.ambronas,</span> 
     </span>
     <span class='ocr_line' id='line_1_61' title="bbox 283 5299 1918 5385; baseline 0.007 -27"><span class='ocrx_word' id='word_1_791' title='bbox 283 5301 318 5368; x_wconf 74' lang='lat' dir='ltr'>ut</span> <span class='ocrx_word' id='word_1_792' title='bbox 327 5313 441 5372; x_wconf 78' lang='lat' dir='ltr'>cumea</span> <span class='ocrx_word' id='word_1_793' title='bbox 450 5299 715 5364; x_wconf 78' lang='lat' dir='ltr'>certishorisludat</span> <span class='ocrx_word' id='word_1_794' title='bbox 723 5300 848 5378; x_wconf 77' lang='lat' dir='ltr'>anguls</span> <span class='ocrx_word' id='word_1_795' title='bbox 859 5301 1078 5376; x_wconf 62' lang='lat' dir='ltr'>circuamicta</span> <span class='ocrx_word' id='word_1_796' title='bbox 1118 5304 1173 5364; x_wconf 91' lang='lat' dir='ltr'>lib.</span> <span class='ocrx_word' id='word_1_797' title='bbox 1187 5307 1209 5362; x_wconf 80' lang='lat' dir='ltr'>v</span> <span class='ocrx_word' id='word_1_798' title='bbox 1222 5309 1350 5374; x_wconf 68' lang='lat' dir='ltr'>Beuum„</span> <span class='ocrx_word' id='word_1_799' title='bbox 1363 5309 1502 5372; x_wconf 77' lang='lat' dir='ltr'>docahu</span> <span class='ocrx_word' id='word_1_800' title='bbox 1508 5315 1539 5371; x_wconf 84' lang='lat' dir='ltr'>et</span> <span class='ocrx_word' id='word_1_801' title='bbox 1548 5310 1685 5384; x_wconf 63' lang='lat' dir='ltr'>miratum</span> <span class='ocrx_word' id='word_1_802' title='bbox 1698 5313 1790 5385; x_wconf 73' lang='lat' dir='ltr'>prinu</span> <span class='ocrx_word' id='word_1_803' title='bbox 1798 5351 1808 5383; x_wconf 89' lang='lat'>,</span> <span class='ocrx_word' id='word_1_804' title='bbox 1820 5325 1918 5384; x_wconf 87' lang='lat' dir='ltr'>apum</span> 
     </span>
    </p>
   </div>
   <div class='ocr_carea' id='block_1_3' title="bbox 0 0 2066 6032">
    <p class='ocr_par' dir='ltr' id='par_1_10' title="bbox 0 0 2066 6032">
     <span class='ocr_line' id='line_1_62' title="bbox 0 0 2066 6032; baseline 0 0"><span class='ocrx_word' id='word_1_805' title='bbox 0 0 2066 6032; x_wconf 95' lang='lat' dir='ltr'> </span> 
     </span>
    </p>
   </div>
  </div>
 </body>
</html>
