4134 6056
305 271 359 332 400
809 277 1051 338 matthatiam
1068 281 1102 339 tlt
1120 231 1282 354 tatastat,
1298 292 1362 344 tlte.
1379 287 1426 346 llis

306 377 579 439 adhueadannum
591 379 731 440 victuros.
743 382 861 442 accedit
872 385 1098 460 quodchristus
1177 392 1205 446 t.
1217 392 1398 452 marturan
1412 403 1497 452 ocum
1509 402 1618 452 rrsrm.
1629 389 1747 450 -lltnc
1758 391 1866 465 patant
1880 388 1932 448 ali·
1944 396 2006 446 tau.
2030 399 2056 448 a.

307 462 386 521 dicat
398 469 615 536 sensatarum,
628 465 724 525 utiur
739 466 771 524 in
784 471 885 540 noch,
905 485 996 543 quem
1007 470 1097 529 henas
1141 472 1194 547 qui
1214 473 1297 548 apud
1315 474 1494 536 abulensem
1515 475 1548 535 iu
1566 489 1632 550 cap.
1652 490 1718 546 rur,
1738 477 1843 548 quest.
1863 473 1933 544 ⁴92,

306 545 577 644 domueremotum,
586 549 648 608 imo
656 566 718 610 non
725 555 882 611 venturum
890 557 987 627 putat,
994 555 1097 616 ltcttlu.
1140 555 1235 614 Adam
1245 561 1275 615 et
1287 559 1377 618 livam
1391 574 1454 617 non
1464 559 1605 620 habuisse
1619 558 1724 618 oculos
1735 560 1865 633 apertos,
1880 555 1935 616 sed

304 632 921 711 rr,t3.Srcutergoiurobservattempua,
935 638 1097 712 quoherus
1140 637 1229 699 tuisse
1238 641 1931 717 cacos,doneccomcderuutpomumvctitum:

304 715 447 787 dormiat,
461 720 494 775 ni
506 732 576 775 eum
589 718 696 792 spoliet
710 737 718 776 ι
732 719 774 778 sic
785 735 867 779 mors
879 721 1096 796 inexpectantes
1139 725 1210 782 tunc
1220 725 1398 800 enimaperti
1408 726 1565 786 suntoculi
1574 725 1746 796 amborum,
1758 724 1933 784 etviderunt

303 803 331 858 et
338 799 424 874 quasi
434 800 614 860 dormientes
626 802 756 877 corripit.
768 803 825 872 Qui
839 804 916 878 sapit
928 820 1014 877 ergo,
1027 819 1095 878 ape·
1139 820 1172 864 se
1182 821 1245 866 esse
1258 810 1375 882 nudos,
1387 826 1464 869 vers.
1479 814 1507 868 ¹1.
1521 813 1629 870 Verum
1641 812 1699 869 hoc
1711 813 1858 884 repugnat
1868 807 1933 867 teli·

302 882 357 942 riat
370 884 488 956 oculos,
504 889 533 943 et
545 885 624 946 hanc
636 886 748 946 claram
760 887 873 946 diaboli
886 887 1023 947 fraudem
1036 890 1096 948 dis·
1138 888 1218 948 citati
1230 895 1323 950 status
1331 893 1516 966 innocentie,
1526 894 1559 952 iu
1567 910 1629 969 qua
1637 893 1748 954 conditi
1758 895 1827 950 sunt
1835 892 1931 950 Adam

301 968 404 1042 cutiai,
418 986 453 1028 ac
465 971 642 1045 persuadeat
654 977 780 1031 mortem
793 972 851 1030 sibi
864 973 992 1033 uicinam
1005 989 1068 1033 esse
1084 991 1093 1033 r
1137 976 1167 1033 et
1178 975 1248 1033 Eva.
1264 976 1332 1034 Dico
1341 993 1430 1050 ergo,
1442 978 1547 1036 oculus
1555 977 1604 1037 hic
1615 977 1737 1048 mentis,
1750 991 1812 1034 non
1824 990 1931 1050 corpo-

301 1053 363 1111 imo
373 1053 562 1126 seihoanno,
571 1054 706 1114 tortaillo
715 1055 1093 1130 mensc,illahabdomade,
1137 1055 1179 1114 ris
1187 1057 1375 1131 intelligitur:
1390 1076 1472 1133 nam,
1486 1061 1568 1121 nteit
1580 1059 1757 1128 Aristoteles,
1770 1061 1782 1116 l
1796 1059 1929 1128 litticer„

300 1135 353 1196 iilo
368 1137 417 1196 die
431 1139 619 1198 moriturum.
638 1139 788 1214 Sapienter
807 1143 896 1199 Poeta
913 1157 921 1198 ε
939 1141 1093 1199 «omnem
1139 1141 1330 1203 «intellectus
1341 1145 1517 1220 estquidam
1526 1146 1642 1217 oculus,
1657 1143 1849 1219 »praesertim
1858 1143 1931 1218 quia

299 1223 387 1282 crede
399 1223 542 1283 diemtibi
554 1223 695 1282 diluxisse
705 1239 888 1298 supremum.
903 1243 919 1280 a
934 1226 976 1282 lta
989 1224 1017 1282 S.
1029 1223 1093 1283 llic·
1136 1223 1241 1282 oculus
1255 1241 1290 1284 ac
1302 1227 1397 1297 usus,
1411 1244 1474 1302 pre
1486 1229 1597 1288 caeteris
1610 1227 1763 1299 sensibus,
1782 1225 1929 1284 subservit

299 1322 444 1383 rouymus
456 1313 486 1366 et
503 1310 531 1367 S.
544 1308 668 1366 Carolus
681 1309 864 1366 Borromaeus
876 1307 908 1365 in
923 1322 1027 1366 mensa
1039 1307 1092 1365 ha·
1135 1304 1294 1368 intellectui
1308 1311 1348 1368 ad
1360 1312 1560 1384 cognitionem
1574 1331 1583 1369 ι
1597 1327 1635 1370 ax
1647 1310 1719 1368 visis
1735 1309 1816 1368 enim
1827 1308 1929 1368 oriun-

298 1389 411 1450 habant
420 1391 555 1450 cranium
567 1391 734 1463 mortui‚ut
747 1391 855 1463 iugiter
867 1391 971 1450 mortis
981 1391 1091 1449 instan-
1135 1389 1184 1446 tur
1205 1393 1371 1467 memoriae,
1384 1410 1422 1453 ex
1444 1396 1590 1454 memoria
1612 1394 1805 1470 experientia,
1818 1407 1857 1451 ex
1877 1407 1928 1451 ex·

298 1474 552 1534 tismeminissent.
561 1475 766 1544 Quorumdam
779 1477 951 1534 Sanctorum
963 1473 1018 1535 iuit
1027 1475 1091 1534 hac
1132 1471 1303 1545 perimentis
1323 1491 1372 1534 ars
1392 1477 1440 1536 rel
1461 1478 1583 1538 scientia
1597 1495 1605 1535 ι
1621 1479 1721 1552 itaque
1737 1491 1841 1534 sensus
1861 1478 1926 1560 est,

297 1560 1089 1636 salutatio,ut,cumsibioccurrerent,priorsalutando
1133 1572 1161 1628 q.
1182 1557 1211 1614 d.
1232 1558 1313 1617 Adeo
1333 1560 1405 1620 clari
1424 1559 1552 1634 ingenii,
1572 1563 1602 1618 et
1615 1557 1799 1634 perspicacis
1819 1557 1927 1616 intelli·

297 1643 405 1704 diceret
426 1661 434 1701 :
457 1645 670 1703 «horiendum
691 1650 748 1719 est3
769 1665 785 1702 r
804 1647 997 1720 responderet
1015 1646 1089 1706 altar
1132 1641 1236 1711 sentite
1250 1642 1431 1716 efficiemini,
1445 1647 1479 1701 ut
1491 1642 1652 1702 videamini
1664 1643 1751 1701 vobis
1762 1640 1847 1715 prius
1856 1641 1927 1700 caeci

296 1729 478 1788 resalutans:
490 1729 665 1788 «Nescimus
677 1729 811 1805 qnando.
825 1733 893 1789 alta
903 1731 930 1788 S.
941 1731 1086 1802 ltarcella,
1131 1719 1232 1781 fuisse·
1242 1727 1283 1783 lia
1295 1729 1455 1801 Repertus,
1468 1743 1561 1804 quem
1572 1727 1641 1788 vids
1653 1725 1707 1786 lib.
1719 1727 1753 1784 ili
1767 1727 1807 1784 De
1821 1725 1924 1784 Trinit-

296 1816 378 1874 aits.
393 1814 588 1889 Hieronymus
607 1815 646 1872 cd
668 1817 854 1886 Principium,
877 1834 893 1870 a
912 1815 954 1873 sic
973 1818 1088 1873 aetatem
1132 1818 1199 1879 cap.
1214 1821 1255 1865 til
1267 1811 1296 1866 ei
1310 1825 1372 1869 ltu.

296 1898 382 1958 duxit
402 1902 432 1957 et
447 1898 534 1977 yma,
547 1901 581 1956 ut
599 1913 716 1975 semper
728 1914 760 1956 ω
777 1899 908 1957 crederet
918 1914 982 1956 0530
997 1900 1088 1958 mi.
1166 1893 1262 1950 Esuris
1274 1909 1353 1953 sicar
1365 1910 1418 1969 nu,
1430 1911 1539 1956 -non
1551 1895 1695 1965 essentia,
1711 1894 1771 1952 hoc
1786 1891 1868 1950 enim
1880 1894 1925 1950 est

295 1987 402 2040 turam,
417 1983 462 2042 Sic
474 1983 578 2042 induta
590 1985 633 2041 est
649 1982 791 2053 vestibus,
806 1986 839 2040 ut
849 1981 1030 2041 meminisset
1042 1999 1087 2042 50.
1129 1972 1327 2050 impossihila3
1344 1978 1397 2036 sed
1411 1979 1604 2038 similitudine
1621 1978 1754 2054 quadam
1773 1976 1923 2050 snpientia
2033 1995 2038 2006 ·

294 2067 405 2140 pulcri,
426 2081 541 2126 memor
560 2065 681 2140 Satyris
694 2083 702 2123 ι
714 2065 785 2124 aava
806 2081 921 2126 memor
939 2066 1087 2140 1eun‚ru-
1129 2061 1158 2114 et
1177 2059 1404 2134 omniscientis,
1426 2067 1460 2122 ut
1480 2064 1624 2139 sequitur·
1645 2063 1741 2132 Quae
1764 2075 1922 2135 perperam

293 2151 336 2223 git
346 2153 431 2224 hora,
444 2150 503 2210 hoc
513 2149 597 2224 quod
605 2150 715 2226 loquor
726 2149 797 2208 iuda
807 2154 864 2222 cst;
877 2152 906 2208 et
920 2166 928 2206 ι
943 2151 1085 2210 llcmento
1128 2141 1223 2216 aliqui
1244 2144 1287 2204 sie
1307 2147 1455 2220 explicant
1477 2166 1486 2206 z
1511 2149 1589 2207 eritis
1617 2148 1693 2206 sicut
1718 2145 1835 2218 angeli,
1859 2158 1922 2204 non

294 2249 410 2308 semper
421 2235 501 2294 dem
512 2234 631 2307 mortis,
643 2237 672 2292 et
685 2249 841 2310 nunquam
854 2234 1004 2309 peccabis;
1019 2234 1085 2294 lau·
1128 2226 1208 2284 enim
1218 2227 1439 2303 immitam,
1448 2233 1502 2290 sed
1511 2233 1552 2290 id
1559 2231 1692 2290 divinam
1698 2228 1921 2289 similitudinem

292 2319 442 2395 dabatque
454 2317 531 2378 illud
550 2318 696 2391 Platonis,
709 2319 763 2393 qui
778 2315 1001 2394 philosophiam
1020 2333 1084 2380 essa
1127 2309 1320 2370 ambiendam
1333 2315 1451 2374 excimi
1462 2319 1542 2390 sunt.
1557 2317 1618 2374 lloc
1630 2318 1674 2374 cst
1689 2314 1770 2373 enim
1782 2312 1868 2386 quod
1879 2310 1921 2370 ait

292 2403 514 2463 meditationem
523 2404 627 2463 mortis
637 2401 744 2460 dixit.»
755 2402 895 2461 eractura
904 2408 1002 2460 noster
1010 2403 1084 2460 Tho·
1126 2393 1203 2452 Deus
1214 2411 1290 2456 vers.
1303 2399 1363 2458 22:
1380 2402 1482 2459 «Ecce
1494 2401 1590 2462 Adam
1598 2398 1686 2475 quasi
1692 2413 1771 2457 unus
1783 2394 1919 2456 cxuobis

291 2503 356 2546 mas
372 2488 578 2547 theodidactos
592 2485 647 2544 lib.
660 2487 671 2544 l
682 2487 722 2544 lla
733 2487 840 2544 latita.
851 2485 970 2558 Christi,
987 2501 1059 2546 xxm
1074 2504 1082 2545 e
1125 2476 1220 2536 iactus
1233 2486 1317 2542 est.»

292 2571 428 2644 «Hodie,
441 2572 497 2644 ait,
510 2571 604 2630 homo
616 2575 674 2640 cst,
689 2574 720 2628 at
731 2586 796 2629 cras
807 2585 870 2628 non
882 2574 1044 2644 comparet.
1059 2572 1082 2631 0
1161 2569 1294 2640 (lueres,
1308 2571 1464 2645 quoduam
1476 2571 1564 2631 luerit
1584 2571 1717 2647 primum
1732 2575 1800 2630 live
1814 2585 1917 2647 peeca-

291 2656 441 2716 hebetudo
451 2659 481 2713 et
494 2655 603 2713 duritia
615 2653 714 2713 cordis
725 2653 868 2725 humani,
886 2655 971 2729 quod
983 2654 1083 2714 solum
1125 2654 1211 2709 tami
1223 2655 1392 2729 Respondet
1412 2657 1574 2731 Repertus,
1593 2659 1677 2730 llugo
1695 2660 1724 2714 et
1736 2655 1870 2729 Magister
1886 2654 1918 2714 in

289 2743 445 2819 presentia
454 2743 621 2814 meditatur,
633 2742 787 2814 otiatura(
796 2741 885 2800 etiam
896 2743 1082 2817 aiciuainon
1125 2737 1166 2810 ll,
1181 2739 1310 2800 distinct.
1327 2757 1390 2816 ω,
1406 2744 1539 2819 primum
1555 2744 1622 2802 Evffi
1636 2748 1791 2818 petetium
1811 2739 1916 2812 iiiiii,

290 2829 385 2902 magis
397 2827 553 2904 praevidet!
567 2829 613 2886 sic
628 2833 657 2888 te
670 2828 702 2884 in
715 2827 798 2886 omui
810 2827 889 2886 iacto
906 2831 935 2886 et
952 2829 1082 2902 cogitatu
1124 2825 1210 2898 quod
1222 2829 1249 2880 τὸ
1260 2829 1335 2897 sorte
1348 2829 1436 2902 quasi
1450 2828 1590 2887 dubitans
1603 2827 1752 2886 addiderit
1768 2828 1916 2900 praecepto

289 2913 412 2974 deberes
423 2917 537 2983 mucre,
552 2911 640 2987 quasi
651 2910 741 2970 hodie
754 2911 802 2970 vel
814 2911 912 2969 statim
926 2927 1005 2970 esses
1018 2929 1083 2971 mo·
1124 2908 1174 2966 nei
1183 2909 1284 2970 dicem
1295 2928 1303 2969 ε
1316 2911 1459 2972 «Neiorta
1470 2911 1795 2974 moriamur.rSecucdc
1810 2911 1838 2970 S.
1848 2915 1916 2968 Am·

287 2997 407 3056 riturus.
421 3019 437 3056 r
449 2999 483 3057 iit
493 2996 616 3056 inferius
632 3013 641 3052 z
657 2995 846 3069 «Beatusqui
858 2996 964 3055 horam
977 2998 1082 3058 mortis
1123 2990 1259 3066 hrosius,
1273 2997 1359 3069 qnod
1371 2995 1519 3055 addiderit
1530 2999 1558 3050 st
1575 3011 1610 3054 ce
1631 3001 1815 3066 tcapeemusr
1834 2996 1916 3051 tertio

287 3100 349 3144 sun
362 3098 478 3160 semper
490 3087 558 3142 autc
569 3081 672 3141 oculos
686 3080 786 3151 hahet,
797 3084 826 3138 et
839 3081 879 3140 ad
892 3081 1081 3144 moriendum
1122 3081 1151 3140 8.
1163 3080 1405 3154 Chrysostomus,
1423 3082 1510 3156 quod
1521 3097 1592 3140 cum
1602 3083 1737 3154 serpente
1750 3082 1780 3136 ct
1792 3076 1915 3136 diabolo

287 3169 421 3247 quotidie
439 3186 472 3229 se
487 3168 628 3244 disponit.
647 3165 676 3225 Si
688 3165 788 3225 nidisti
801 3164 965 3240 aliquando
984 3166 1081 3225 homi·
1122 3178 1291 3222 sermonem
1303 3165 1462 3225 miscuerit.
1476 3165 1533 3224 Sed
1546 3166 1608 3223 heac
1624 3179 1733 3238 parum
1744 3161 1915 3237 probabilia

271 3275 356 3333 ,nem
364 3259 452 3332 mori,
460 3257 558 3332 cogita
567 3256 640 3331 quia
650 3258 721 3314 cttu
733 3269 786 3328 per
795 3255 931 3312 eamdam
940 3255 1080 3314 transibis
1121 3249 1269 3308 videntur.
1287 3253 1344 3308 lieo
1362 3249 1442 3308 enim
1459 3249 1590 3323 primum
1611 3245 1742 3306 hominis
1759 3250 1913 3321 peccatum

285 3345 376 3404 riam.
389 3346 465 3403 cum
476 3339 669 3412 manetuarit,
681 3343 756 3414 puta
767 3342 796 3396 te
804 3339 844 3396 ad
854 3352 1008 3412 vesperam
1016 3353 1079 3398 non
1120 3332 1176 3391 tuit
1189 3335 1221 3390 in
1232 3332 1378 3392 intellectu
1384 3373 1394 3404 ,
1408 3331 1462 3392 scd
1473 3332 1506 3390 in
1515 3330 1633 3389 allecta.
1647 3332 1720 3388 Nam
1733 3333 1801 3388 ante
1811 3343 1913 3403 pecca·

166 3498 168 3502 .
285 3433 497 3504 perventurum
512 3445 520 3484 ε
534 3439 655 3498 vespere
674 3426 774 3482 autam
791 3420 889 3492 iacto,
908 3437 996 3482 manc
1014 3437 1078 3481 non
1119 3422 1185 3477 tum
1198 3417 1292 3476 homo
1303 3431 1422 3488 errare,
1440 3419 1493 3475 aut
1506 3415 1603 3489 decipi
1620 3429 1682 3472 uon
1695 3416 1825 3488 poterat;
1843 3412 1914 3470 hinc

85 3529 87 3536 ·
284 3514 394 3572 audeas
407 3511 463 3570 tihi
481 3499 624 3585 polliceri.
639 3509 759 3580 Semper
771 3521 842 3578 ergo
859 3510 982 3580 paratus
994 3509 1076 3578 esto,
1118 3504 1151 3561 ll.
1162 3499 1300 3572 Thomas,
1313 3502 1472 3572 Questlll,
1482 3502 1673 3572 Llllllllll,art.
1684 3501 1712 3570 3,
1722 3497 1806 3556 addit
1813 3497 1911 3556 homi·

283 3599 311 3653 et
323 3595 419 3654 taliter
431 3595 514 3665 viva,
532 3596 566 3651 ut
579 3605 736 3665 nunquam
748 3593 778 3648 te
795 3590 974 3664 imparatam
993 3606 1076 3650 mors
1118 3603 1188 3646 nem
1202 3587 1375 3645 incestata
1388 3600 1450 3642 non
1463 3585 1594 3659 potuisse
1608 3599 1730 3658 peccaro
1743 3583 1909 3655 venialiter,

281 3679 421 3737 inueniat.
434 3677 560 3748 Quando
573 3675 764 3733 illaextrema
776 3673 852 3731 hora
861 3674 984 3745 venerit,
997 3674 1075 3734 mui-
1117 3671 1209 3746 idque
1221 3687 1259 3728 ex
1270 3671 1319 3728 liei
1334 3668 1453 3744 speciali
1465 3667 1647 3742 protectione
1662 3685 1669 3722 :
1684 3683 1739 3724 nec
1751 3664 1831 3724 anim
1843 3682 1911 3740 pec-

281 3765 346 3821 tum
359 3761 443 3820 aliter
461 3759 568 3818 sentire
583 3757 704 3832 incipies
723 3757 761 3815 da
774 3760 837 3815 tota
856 3756 918 3815 vita
936 3761 988 3814 tua
999 3773 1075 3831 prta·
1117 3759 1216 3814 catum
1233 3753 1348 3812 veniale
1368 3752 1483 3811 auterre
1499 3753 1595 3825 polest
1615 3749 1755 3822 gratiam;
1769 3765 1824 3808 nac
1844 3765 1910 3808 rur·

281 3847 380 3916 terite,
399 3850 429 3903 et
440 3843 528 3903 valde
541 3840 673 3911 dolebis,
690 3841 776 3916 quod
795 3844 857 3898 tam
871 3840 1023 3912 negligens
1045 3844 1075 3900 et
1115 3855 1184 3898 sum
1197 3837 1354 3898 consistere
1367 3841 1465 3912 potest
1478 3851 1548 3894 cum
1559 3833 1771 3909 perfectissimo
1784 3833 1909 3906 litoius·

280 3929 421 3987 remissus
433 3926 524 3985 fuisti.
539 3927 634 3996 Quam
646 3923 717 3983 latix
730 3927 759 3982 et
771 3923 920 3998 prudens,
935 3924 987 3997 qui
1005 3924 1073 3982 talis
1114 3923 1183 3982 titiae
1193 3922 1344 3995 originalis
1361 3928 1449 3981 statu.

280 4027 361 4071 nunc
373 4012 476 4072 nititur
488 4026 552 4070 esse
565 4009 598 4066 in
608 4008 683 4079 vita,
697 4006 796 4082 qualis
806 4010 889 4082 optat
901 4005 1027 4065 inveniri
1040 4007 1072 4066 iu
1150 4009 1218 4070 ilico
1231 4027 1323 4085 ergo:
1343 4011 1474 4069 Primum
1490 4013 1572 4081 livia,
1590 4009 1633 4068 uti
1649 4012 1679 4069 ct
1697 4010 1768 4068 Adae
1784 4013 1905 4084 postca,
1917 3999 2020 4106 {tim

279 4099 389 4156 murtei
405 4095 489 4156 llabit
502 4108 633 4168 namque
643 4107 784 4164 magnam
797 4090 939 4150 fiduciam
951 4090 1072 4151 feliciter
1112 4099 1266 4170 peccatum
1282 4095 1339 4154 tuit
1352 4095 1506 4168 superbin;
1526 4097 1608 4168 patet
1628 4094 1686 4153 hoc
1700 4095 1784 4151 ticeli.
1798 4108 1828 4166 r,
1848 4095 1884 4152 rt
1892 4112 1901 4166 3
1935 4075 2025 4170 {ff

279 4180 427 4239 moriendi
442 4177 588 4255 perlectus
605 4179 792 4248 contemptus
809 4174 935 4247 mundi,
955 4173 1071 4234 terrens
1115 4181 1203 4238 Tabia
1215 4194 1259 4251 rr,
1273 4181 1321 4251 tt;
1337 4179 1428 4254 idque
1440 4179 1572 4237 indicant
1584 4177 1632 4236 hic
1646 4177 1778 4250 liebraea3
1793 4182 1822 4236 et
1834 4179 1905 4252 Sep·
1948 4185 1993 4229 tuit

279 4263 458 4323 desiderium
470 4263 502 4320 in
515 4259 672 4319 virtutibus
684 4258 871 4334 proficiendi,
885 4274 970 4318 amor
984 4260 1071 4321 disci·
1112 4265 1260 4337 tunginta,
1272 4279 1349 4322 vers.
1359 4267 1391 4335 a,
1407 4264 1548 4323 nimirum
1560 4265 1620 4322 Eva
1631 4267 1660 4320 et
1672 4263 1767 4322 Adam
1781 4263 1904 4323 audien·
1915 4247 2023 4351 {2⁹:3¹3

276 4347 377 4421 plina,
383 4343 664 4419 lahorpoenitentiae,
670 4343 875 4417 promptitudo
883 4342 1069 4418 obedientiae,
1111 4349 1155 4406 tes
1169 4364 1177 4404 ι
1192 4347 1298 4404 «Eritis
1309 4348 1384 4405 sicut
1393 4346 1446 4416 dii,
1456 4346 1577 4405 scientes
1586 4346 1701 4404 bonum
1712 4351 1742 4404 et
1751 4347 1900 4417 malum,s

277 4429 434 4504 abnegatio
448 4430 509 4501 sui,
522 4433 552 4487 et
564 4427 749 4502 supportatio
768 4426 926 4499 cujuslibet
938 4429 1069 4489 adversi·
1111 4429 1224 4489 invitati
1237 4433 1307 4488 sunt
1325 4430 1365 4489 ad
1383 4446 1469 4488 suam
1488 4431 1691 4489 excellentiam
1712 4430 1902 4501 intuendam,

276 4515 343 4575 tatis
355 4529 413 4590 pro
421 4510 647 4574 amorechristi.
662 4531 678 4568 r
691 4511 901 4585 Etpaulopost
913 4529 920 4568 :
933 4515 1067 4588 «Veniet,
1111 4514 1279 4586 aagendam
1298 4517 1328 4572 at
1348 4513 1549 4574 extollendam
1574 4532 1582 4571 :
1605 4514 1705 4588 itaque
1727 4515 1768 4572 ad
1788 4515 1902 4588 seipsos
1922 4523 1927 4535 ’

275 4597 398 4673 quando
411 4611 507 4656 unum
520 4595 600 4654 diem
613 4610 666 4652 seu
677 4594 784 4653 horam
797 4610 853 4667 pro
862 4597 1067 4659 emendatione
1109 4599 1244 4659 conversi
1262 4598 1484 4672 intumuerunt,
1506 4602 1539 4656 ut
1561 4601 1657 4658 alico
1677 4598 1827 4656 recesserit
1849 4613 1903 4656 cor

275 4680 467 4753 desiderabis,
476 4683 506 4739 et
513 4679 612 4738 nescio
619 4694 658 4738 an
669 4679 840 4753 impetrabis
851 4680 940 4740 :dum
949 4685 1067 4757 tempus
1109 4698 1233 4755 eorum,
1246 4685 1409 4742 attendam
1428 4683 1663 4742 omniscientiam
1678 4682 1902 4756 quamdamque

273 4765 377 4836 habes,
390 4779 537 4838 congrega
548 4762 603 4821 tibi
620 4763 736 4823 divitias
748 4764 945 4836 immortales,
960 4771 1067 4839 prater
1108 4766 1267 4826 divinitatis
1277 4765 1666 4842 equalitatemappctierint,
1676 4763 1719 4822 uti
1729 4763 1834 4822 tecitet
1846 4767 1902 4822 Lu-

147 4875 152 4924 5
273 4851 398 4914 salutem
412 4855 495 4910 tuam
508 4849 715 4922 nihilcogites,
733 4848 833 4908 solum
847 4865 915 4924 quse
934 4851 1065 4911 Deisuut
1107 4851 1188 4912 ciicr.
1204 4849 1899 4925 undchocillisohjecitlteasvcrs.aa,dtccns:

272 4937 507 5008 carcasensem
519 4937 661 5009 anquam
675 4933 864 5007 peregrinum
877 4938 907 4993 et
916 4933 1063 5007 hospitem
1108 4939 1203 4996 «licea
1214 4937 1309 4997 Adam
1319 4937 1406 5012 quasi
1417 4953 1496 4997 unus
1504 4936 1796 5006 exnobistuctusest,
1805 4935 1901 4994 sciens

272 5033 362 5094 super
380 5023 502 5089 terram3
517 5031 602 5076 serra
621 5031 673 5076 cor
683 5016 831 5086 liberum,
848 5020 878 5074 et
891 5031 1010 5076 sursum
1023 5019 1065 5077 ad
1105 5017 1221 5080 bonum
1234 5025 1264 5081 et
1276 5022 1401 5081 malum.
1414 5039 1430 5077 c
1444 5024 1486 5080 lta
1497 5022 1525 5080 8.
1545 5020 1735 5091 Ambrosius,
1752 5018 1805 5078 lib.
1820 5021 1855 5076 lv
1867 5023 1900 5076 ic

272 5105 364 5162 licum
377 5104 521 5174 erectum,
540 5101 612 5176 quia
632 5115 694 5159 nou
711 5099 805 5159 hahes
825 5099 874 5157 hic
895 5105 1064 5160 manentem
1104 5104 1181 5176 Luca
1196 5105 1224 5164 S.
1240 5105 1379 5179 ignatius,
1393 5106 1478 5179 epist.
1490 5105 1529 5162 od
1541 5107 1708 5173 balticum
1725 5104 1898 5177 Chrysosto·

270 5187 427 5244 civitatem.
441 5204 457 5241 s
473 5187 603 5260 lienique
613 5183 824 5243 ohscrsaillud
833 5184 861 5242 S.
872 5182 1061 5258 Hieronymi:
1104 5201 1172 5247 mus
1184 5189 1239 5248 inl
1254 5191 1323 5247 lim.
1338 5203 1376 5260 n,
1388 5192 1437 5261 ll;
1451 5189 1646 5262 Augustinus,
1658 5188 1712 5246 lib.
1726 5189 1759 5246 lll
1774 5190 1815 5246 lta
1830 5187 1896 5247 aec.

148 5269 149 5274 ’
272 5288 289 5325 ι
304 5270 350 5328 Sic
370 5271 457 5330 stude
475 5273 620 5344 tanquam
639 5282 756 5342 semper
775 5266 906 5329 victurus
914 5307 926 5342 ,
938 5267 981 5329 sic
995 5268 1063 5334 vire
1103 5271 1142 5332 cd
1154 5272 1213 5330 titt.
1223 5286 1290 5346 cap.
1305 5287 1335 5344 v,
1346 5276 1376 5330 et
1387 5272 1441 5331 lib.
1457 5275 1513 5331 ltVl
1526 5275 1567 5332 lte
1583 5273 1667 5334 Gioit.
1681 5286 1747 5346 cap.
1765 5286 1829 5343 rur,
1842 5270 1897 5331 ubi

269 5357 413 5432 tauquam
424 5352 750 5429 iemptim⁰iiiiiiii⁸·⁸
1104 5358 1192 5422 docet
1208 5373 1343 5420 amcmm
1355 5357 1534 5420 macilentia
1550 5357 1593 5419 ita
1606 5356 1742 5418 nuatum
1759 5360 1789 5418 et
1800 5356 1896 5417 inten-
