4194 6034
258 305 315 364 2⁷2
743 307 984 369 conuenienti
1002 311 1036 369 nt
1053 310 1196 370 ennsstu
1204 353 1214 382 ,
1233 325 1295 371 can.
1314 311 1404 374 xxm.

258 421 314 482 per
333 413 379 468 tiu
399 411 532 482 vertunt,
552 413 658 470 tarenti
679 415 891 484 centuplicatum
911 416 1049 473 hordeum.
1091 415 1150 474 hoc
1170 414 1392 489 religienum
1410 417 1550 478 stationes
1567 417 1625 478 sibi
1642 419 1806 490 assiam
1821 431 1888 478 mu·

261 491 366 558 Tertio,
382 491 432 550 alii
448 495 580 564 vertunt,
601 497 707 552 incenit
725 502 830 554 centum
847 501 1049 566 estimationem,
1093 501 1154 556 tare
1167 499 1268 558 velint.

258 573 361 645 idest,
376 574 482 632 centies
494 579 609 634 tantum
622 583 768 651 quantum
783 581 993 652 estimaveram
1005 597 1051 639 ra·
1128 582 1273 639 tloraliter
1286 583 1314 640 S.
1327 582 1573 657 Chrysostnmus‚
1587 587 1680 643 bonit.
1696 587 1731 642 52
1747 601 1755 640 c
1772 581 1885 655 obicit,

259 655 310 713 dix
324 657 478 728 enimtttn
491 674 571 717 scoor
583 661 729 733 significat
742 664 881 736 cogitare,
895 665 1064 724 aestimare·
1091 663 1206 738 inquit,
1220 681 1272 722 rex
1285 668 1442 739 peregrino
1456 685 1463 724 :
1478 667 1534 725 nbi
1548 685 1566 724 a
1579 668 1683 736 nobis,
1697 668 1769 741 quia
1782 670 1887 740 poten·

258 742 337 799 Unde
349 743 503 805 cnotdeus
514 746 612 818 vertit,
624 751 731 808 invenit
743 753 897 824 centuptum
911 767 992 823 quam
1001 765 1051 810 ωε·
1091 747 1150 804 tior
1162 746 1256 806 iactus
1268 765 1300 806 es
1309 749 1406 806 nobis.
1419 751 1453 808 st
1464 765 1531 808 vere
1541 749 1687 824 potentior
1698 753 1771 819 erat,
1785 765 1887 824 supcr-

258 829 413 888 ttmooerot.
1092 844 1165 890 num
1176 833 1349 906 presidium
1367 833 1886 907 babensinomnibus,dexteraqua

286 911 1050 994 tropologicenberrimaterraestpaupertas,inqua
1091 915 1142 971 liei
1161 917 1304 975 munitus.
1320 919 1384 986 Quo
1401 917 1489 989 igitur
1505 916 1600 989 abigis
1615 917 1747 987 justum?
1766 916 1886 988 ignoras

257 990 387 1065 siseres,
402 999 574 1072 cantuplum
587 1001 724 1074 recipies;
738 1002 796 1062 hoc
814 1008 857 1060 cst
871 1003 950 1060 eninr
964 1001 1049 1075 quod
1092 1000 1176 1072 qnod
1194 1015 1384 1074 quocumque
1398 1016 1468 1058 eum
1484 1000 1527 1058 ire
1540 1001 1687 1072 coegeris,
1701 1015 1818 1073 semper
1830 999 1885 1058 erit

256 1075 297 1134 ait
312 1077 458 1151 Christus,
473 1083 573 1141 liniti.
596 1097 662 1156 xix,
675 1087 713 1143 29
732 1104 739 1142 r
765 1087 894 1144 comnis
909 1085 963 1160 qui
979 1083 1047 1140 reli·
1091 1079 1122 1136 in
1135 1081 1180 1138 his
1194 1099 1261 1156 qum
1276 1084 1446 1142 Dominisui
1457 1085 1545 1141 sunt‘i
1556 1087 1620 1143 iton
1630 1083 1731 1142 docuit
1743 1088 1771 1140 te
1784 1099 1884 1144 rerum

255 1160 352 1234 querit
363 1161 488 1222 domum
501 1164 549 1224 vel
560 1165 675 1240 iratres,
686 1172 754 1238 ete,
765 1173 817 1227 aut
829 1184 916 1241 agros
927 1171 1048 1241 propter
1092 1165 1283 1237 experientia,
1297 1167 1383 1240 quod
1402 1166 1451 1224 bei
1470 1182 1577 1223 manus
1597 1170 1641 1225 eet
1658 1183 1727 1241 quoe
1740 1166 1885 1226 illustrem

255 1258 365 1303 nomen
378 1260 490 1318 meum,
500 1251 674 1324 centuplum
687 1251 809 1326 accipiet
821 1257 850 1310 et
862 1253 954 1310 ritum
967 1254 1048 1308 eeter-
1090 1244 1159 1304 iacit
1171 1252 1200 1305 et
1213 1255 1367 1308 conservat
1377 1251 1510 1322 iustum?
1523 1252 1618 1319 Quare
1631 1250 1720 1322 igitur
1732 1249 1884 1322 abigendo

255 1343 326 1388 nam
338 1331 536 1404 possidebitis
552 1335 616 1391 ilua
632 1333 768 1392 alludens
786 1339 814 1394 S.
834 1334 1046 1407 Hieronymus,
1086 1328 1200 1400 iustum
1214 1347 1284 1404 erga
1299 1333 1455 1390 bominum
1469 1333 1711 1405 ingratitudinem
1728 1333 1883 1392 declaras?

254 1411 340 1486 epist.
354 1415 390 1472 26
404 1415 725 1488 cenomannensis
738 1417 779 1476 ait
794 1434 801 1474 :
820 1417 1046 1490 «centuplicato
1090 1411 1123 1467 Et
1137 1425 1234 1486 neque
1248 1431 1357 1486 magna
1373 1416 1430 1473 viri
1449 1415 1646 1474 mansuetudo
1663 1422 1746 1475 tuem
1761 1419 1882 1476 domare

254 1494 370 1556 ioenore·
378 1498 483 1558 Christi
494 1500 642 1575 promisse
654 1500 821 1559 redduntur
835 1518 842 1556 :
858 1501 890 1558 in
902 1501 953 1557 tali
968 1501 1047 1557 lsaac
1088 1494 1185 1568 potuit
1198 1498 1356 1571 invidiam,
1370 1500 1424 1559 sed
1435 1499 1530 1558 victus
1544 1500 1687 1559 invidiam
1700 1517 1789 1576 opero
1802 1519 1884 1562 com·

254 1581 491 1656 quondamagro
504 1587 626 1644 severat.
637 1603 652 1640 r
663 1585 762 1644 nerito
775 1599 846 1656 ergo
858 1583 935 1642 canit
948 1585 979 1639 B.
993 1583 1047 1640 iia·
1088 1579 1169 1654 ples,
1182 1585 1213 1640 et
1230 1583 1336 1642 iterum
1350 1586 1476 1656 migrare
1489 1602 1559 1644 enm
1573 1587 1671 1658 cogis,
1684 1587 1738 1662 qui
1755 1589 1786 1646 in
1797 1590 1882 1648 nullo

255 1664 411 1728 alamanus
422 1667 454 1726 in
465 1670 584 1728 eamd
1087 1667 1117 1722 ts
1134 1664 1217 1724 lesit.
1226 1669 1322 1724 Nescis
1332 1669 1417 1742 quod
1430 1670 1498 1728 licet
1510 1671 1543 1730 in
1558 1671 1734 1745 ipsissimam
1749 1674 1883 1735 solitudi-

1088 1763 1241 1808 namnum
1255 1749 1520 1823 tugorts‚henebit
1537 1758 1636 1812 tamen
1653 1758 1803 1827 potentem
1824 1759 1880 1815 Do-

1088 1833 1222 1904 minum,
1234 1835 1287 1907 qui
1302 1850 1333 1892 se
1344 1837 1460 1905 juvare,
1472 1840 1501 1894 et
1512 1837 1606 1894 multo
1618 1837 1773 1896 clariorem
1785 1837 1880 1898 lacera

253 1923 287 1982 ut
301 1923 329 1982 S.
345 1924 542 1998 Augustinus,
556 1940 644 1984 serm.
659 1925 713 1984 ult.
728 1928 927 1984 benennon:
943 1923 1047 1992 «Quid
1089 1918 1191 1975 nonar
1212 1918 1289 1975 Nihil
1309 1919 1389 1976 enim
1411 1918 1533 1990 fortius,
1556 1936 1650 1994 quam
1670 1921 1730 1979 bui
1750 1937 1880 1998 superno

253 2011 296 2066 est
308 2007 466 2082 gloriosius
474 2009 601 2083 bomini,
611 2023 704 2085 quam
715 2025 769 2070 sua
778 2010 918 2079 rendere,
929 2011 958 2066 et
967 2007 1047 2067 chri·
1089 2003 1239 2076 praesidio,
1250 2004 1325 2060 sicut
1336 2003 1410 2061 nibil
1418 2003 1565 2062 infirmius
1574 2021 1666 2079 quam
1676 2021 1713 2064 eo
1724 2005 1878 2066 destitui.»

253 2095 332 2150 stum
345 2093 489 2153 emeret»
1124 2089 1170 2144 is.
1185 2089 1294 2144 nomos
1308 2101 1537 2146 omrrnxrnunr.
1550 2117 1586 2133 -·
1598 2091 1642 2148 ita
1653 2089 1809 2160 allegorica
1821 2093 1881 2151 bm-
1894 2088 1953 2132 Vm
1963 2092 1991 2134 ¹&

287 2177 532 2246 Bennnunnonn
540 2206 595 2249 ,-
605 2176 638 2234 id
648 2180 708 2247 cst,
721 2175 917 2235 benedixerat
927 2175 1009 2234 enim
1020 2175 1047 2233 ei
1089 2169 1169 2226 retici
1179 2169 1335 2228 Catholicis
1347 2170 1522 2242 invidentes,
1534 2175 1640 2244 puteos
1650 2173 1800 2232 catholicoe
1810 2175 1880 2234 doc-
1894 2149 1992 2267 {effi

253 2261 343 2333 bans,
366 2261 475 2319 seilicet
494 2276 564 2320 eum
583 2260 805 2335 locupletando.
833 2262 873 2318 ita
894 2258 1045 2318 Vatablus.
1089 2251 1272 2327 trinepote
1285 2255 1312 2311 S.
1327 2254 1547 2327 Scripturamet
1562 2256 1743 2327 traditiones,
1756 2257 1879 2332 ipsaque
1893 2285 1922 2319 re
1949 2273 1994 2320 ou-

255 2346 316 2403 Von
329 2345 407 2403 enim
421 2345 612 2404 liebraeorum
626 2344 744 2418 copula,
758 2359 835 2418 saepe
849 2347 892 2401 est
904 2341 1045 2413 causalis,
1088 2335 1273 2393 Sacramenta
1289 2341 1319 2394 et
1336 2352 1419 2395 sacra
1439 2338 1500 2395 suis
1515 2337 1677 2398 haeresibus
1693 2344 1724 2397 et
1740 2341 1880 2400 sordibus
1893 2340 1983 2440 rw·

252 2431 281 2487 et
300 2430 481 2503 praeteritum
504 2430 668 2505 perlectum
691 2427 803 2487 liebraei
826 2443 903 2501 saepe
924 2428 1047 2484 sumunt
1089 2416 1266 2489 obstruunt,
1280 2420 1483 2492 aborigenes.
1840 2485 1842 2490 ,
1909 2401 1991 2442 ‘'⁶²¹⁰'‘

252 2527 309 2587 pro
328 2513 490 2588 plusquam
505 2512 651 2587 perlecto,
665 2529 693 2586 q.
712 2513 742 2568 d.
761 2514 825 2570 Non
841 2511 963 2582 omium,
983 2523 1046 2568 non
1123 2504 1169 2559 16.
1185 2504 1296 2560 Recens
1313 2521 1332 2560 a
1349 2518 1441 2561 nonis.
1452 2533 1489 2548 -
1501 2504 1572 2562 vids
1591 2505 1639 2564 bio
1656 2522 1748 2580 wem
1767 2523 1829 2567 non
1843 2507 1881 2568 ait
1892 2511 1952 2555 vere
1962 2513 1994 2554 ¹⁸·

254 2599 342 2666 terra,
356 2597 503 2668 monagri,
516 2597 572 2656 bae
585 2597 664 2655 bona
678 2595 790 2655 dabant
808 2598 917 2667 isaaco,
929 2594 983 2654 sed
994 2593 1046 2652 be·
1088 2585 1301 2644 confidendum
1312 2587 1344 2644 in
1356 2585 1457 2646 lavore
1467 2603 1572 2661 regum
1585 2592 1635 2645 aut
1648 2591 1763 2663 populi,
1775 2605 1880 2665 quarn

254 2679 383 2738 nantario
394 2681 526 2752 nomini,
540 2695 609 2754 quae
620 2678 685 2738 sola
698 2678 803 2737 divites
816 2677 894 2736 facit,
1088 2684 1147 2742 que
1157 2667 1269 2727 invidia
1280 2670 1317 2726 sit
1327 2670 1430 2729 timida
1440 2675 1469 2729 et
1479 2672 1617 2745 suspicax
1628 2691 1635 2728 :
1645 2687 1699 2746 per
1709 2675 1792 2732 illam
1801 2678 1880 2734 enim

142 2764 231 2812 ttorni-
290 2763 373 2822 Addo
389 2768 491 2822 tamen
515 2767 607 2822 Deum
631 2767 730 2822 Isaaco
753 2762 954 2833 benedixisse,
974 2761 1047 2835 quia
1089 2751 1244 2825 expellitur
1259 2751 1307 2810 hic
1322 2755 1412 2812 isbali.
1429 2756 1505 2812 Deus
1522 2761 1621 2812 tamen
1639 2756 1704 2814 aliis
1723 2758 1760 2814 de
1784 2758 1879 2816 causis

136 2826 242 2933 ‘33³3
254 2851 370 2906 enenoe
385 2847 543 2906 laborabat
563 2847 737 2921 colebatque
759 2861 865 2918 agrom
881 2864 889 2902 ι
904 2845 1047 2917 agricola-
1089 2849 1158 2894 eom
1178 2836 1359 2910 peregrinari
1379 2837 1499 2896 voluit:
1518 2843 1628 2910 peno,
1649 2843 1684 2897 ut
1705 2841 1880 2914 prebaretur
1950 2909 1954 2920 ,

147 2947 234 2994 eremo
253 2947 320 2990 rum
345 2931 425 2989 enim
447 2931 544 2990 labori
568 2947 599 2988 sa
620 2931 721 2988 inserit
741 2934 771 2988 et
792 2929 939 2988 benedicit
959 2930 1045 2985 Deus.
1089 2920 1400 2994 ejusfidttseivir11183
1416 2925 1545 2991 secundi,
1561 2929 1596 2982 ul
1613 2925 1745 2984 etit-min
1758 2926 1823 2984 tiliis
1836 2928 1881 2986 10-

158 3019 218 3066 ⁸8¹⁰·
253 3017 328 3074 Cum
343 3015 426 3088 apud
443 3017 592 3074 Romanos
609 3015 699 3088 prisci
714 3013 871 3072 dictatores
888 3017 917 3072 et
931 3015 1048 3070 senato-
1089 3004 1131 3062 tis
1152 3006 1227 3061 bons
1248 3004 1342 3079 ipsius
1363 3007 1469 3080 pietate
1490 3011 1518 3066 ei
1539 3012 1639 3068 Sancte
1659 3011 1880 3071 conversations

253 3113 301 3157 res
322 3115 428 3170 agrum
446 3098 584 3156 colebant
600 3097 733 3178 quinque
749 3098 908 3169 jugerum,
926 3094 1047 3154 abunde
1089 3086 1316 3162 BlOfifissflieiurt
1338 3093 1436 3158 terlio,
1464 3095 1497 3150 ui
1519 3091 1638 3151 doceret
1662 3093 1783 3152 8ἃῦοῑῡῦ
1805 3094 1880 3153 nulli

254 3181 414 3240 sufficiebat
434 3187 596 3256 proventus
612 3183 666 3239 toti
681 3180 802 3238 iamiliae
821 3179 951 3249 alendae;
966 3180 1047 3252 post·
1089 3172 1172 3243 loco,
1186 3174 1248 3231 imo
1268 3173 1358 3231 nullis
1378 3175 1500 3234 terrenis
1517 3175 1607 3234 rebus
1623 3176 1729 3236 affixos
1748 3192 1811 3236 esse
1831 3177 1880 3236 de·

254 3281 346 3342 quam
358 3265 553 3339 famulisusi,
567 3281 685 3341 percos
699 3280 787 3338 agros
801 3264 972 3333 coluerunt,
985 3277 1047 3320 ma·
1089 3255 1173 3326 bera,
1189 3257 1242 3314 sed
1259 3273 1375 3330 semper
1393 3263 1512 3331 paratos
1532 3260 1634 3318 omnia
1648 3264 1769 3334 propter
1787 3263 1878 3320 neum

253 3351 335 3407 xima
353 3350 510 3408 latifundia
526 3365 588 3407 non
602 3348 782 3406 suffecerunt
795 3366 803 3404 :
817 3347 861 3404 illi
874 3349 979 3420 sponte
993 3357 1047 3402 sua
1089 3339 1270 3412 relinquere,
1284 3341 1309 3398 si
1323 3356 1409 3398 casus
1423 3342 1455 3399 id
1472 3343 1570 3416 exigat
1584 3345 1632 3416 (i).

254 3431 400 3491 iaciebant
413 3437 442 3490 et
455 3433 620 3504 diligenter,
634 3432 665 3489 bi
678 3431 785 3504 frigida
798 3436 827 3488 et
846 3445 922 3503 pene
935 3429 1028 3486 coacti
1035 3445 1045 3496 3
1124 3424 1170 3480 18·
1186 3425 1206 3479 F
1207 3437 1274 3480 01³1?
1287 3437 1367 3482 tuos
1379 3439 1493 3484 turios·
1505 3457 1541 3470 -
1554 3427 1695 3498 erodit»
1708 3429 1740 3487 id
1753 3434 1806 3502 tsi,
1815 3445 1881 3490 eru·
1893 3433 1995 3482 ΨΜ·

253 3515 336 3574 unda
348 3520 425 3573 terra
437 3516 591 3588 indignata
603 3531 665 3572 non
678 3513 822 3572 reddebat
835 3514 875 3572 ita
887 3511 1047 3569 laboranti·
1091 3504 1203 3564 detavit
1224 3509 1253 3563 ei
1274 3509 1458 3581 Wlfflin·
1473 3513 1561 3568 Emi
1579 3511 1658 3570 enim
1672 3511 1734 3582 iim
1751 3517 1817 3572 ἃῦῑθ
1837 3514 1880 3573 ef·
2044 3532 2046 3536 '

254 3598 312 3657 bus
323 3599 456 3670 gratiam.
467 3598 580 3654 illustre
590 3600 635 3654 est
645 3596 729 3669 quod
741 3597 778 3654 de
787 3598 818 3652 C.
831 3596 918 3653 Furio
928 3595 1046 3652 Cresino
1089 3586 1161 3646 iossi
1172 3589 1210 3646 ab
1223 3589 1383 3662 Abrabam,
1393 3594 1445 3651 sed
1458 3593 1497 3651 ab
1511 3594 1620 3653 invidis
1633 3597 1766 3654 Geraritis
1776 3598 1881 3668 injecta

255 3679 399 3748 scribunt,
413 3680 466 3751 qni
478 3693 548 3736 cum
560 3693 598 3735 ex
611 3693 706 3752 parvo
719 3678 816 3750 agello
830 3678 925 3735 multo
939 3679 1048 3750 largio·
1089 3671 1183 3730 humo
1201 3674 1323 3748 oppleti·
1339 3676 1440 3734 nolon
1454 3682 1533 3736 isaac
1545 3684 1656 3738 veteres
1671 3683 1763 3754 patris
1776 3688 1881 3756 puteos

255 3777 302 3824 res
318 3760 431 3818 fruetus
446 3760 624 3833 perciperet,
639 3774 732 3832 quam
751 3775 786 3817 ex
802 3760 991 3834 amplissimis
1005 3761 1048 3817 vi·
1089 3757 1261 3826 eruderare,
1274 3773 1366 3831 quam
1380 3773 1475 3818 noros
1488 3760 1605 3831 todeca,
1616 3765 1721 3834 primo,
1734 3766 1882 3838 quiecer-

256 3845 378 3914 einitas,
393 3844 424 3902 in
437 3842 549 3899 invidia
568 3858 678 3914 magna
694 3848 770 3915 erat,
784 3859 839 3901 ceu
859 3844 959 3915 fruges
979 3845 1048 3902 alie-
1090 3843 1138 3897 tus
1150 3845 1213 3898 erat
1228 3840 1289 3898 illic
1304 3857 1367 3900 esse
1384 3859 1490 3900 venam
1511 3860 1613 3918 aquae3
1628 3848 1756 3914 secundo,
1775 3851 1814 3907 ad
1827 3851 1881 3910 mi-

256 3944 311 3990 nas
328 3925 478 4002 pelliceret
489 3925 648 3984 veneficiis.
663 3929 758 3996 Quare
774 3945 793 3984 a
806 3931 854 4002 Sp.
871 3929 976 3986 Albino
990 3931 1046 3986 Cu·
1090 3923 1242 3980 utendam
1255 3924 1397 3984 invidiam
1411 3927 1617 4001 Gemmarum,
1631 3945 1701 3986 0111ss
1713 3935 1826 3990 tentum
1836 3949 1881 3992 re·

257 4014 321 4074 rule
342 4010 389 4068 dia
410 4008 504 4077 dicta,
521 4011 655 4066 metuens
676 4011 912 4082 damnationem,
929 4027 998 4069 cum
1016 4010 1047 4069 in
1090 4010 1201 4080 peteret
1217 4011 1246 4064 et
1264 4013 1417 4066 renovaret
1437 4014 1559 4083 puteos,
1574 4026 1651 4086 quos
1668 4013 1712 4070 illi
1729 4015 1805 4088 patri
1824 4032 1881 4077 suo

257 4093 431 4165 suffragium
452 4089 547 4148 tribus
567 4097 715 4166 oporteret
738 4096 796 4166 ire,
819 4094 1047 4153 instrumentum
1089 4091 1269 4164 jampridem
1281 4100 1498 4166 concesserant3
1512 4096 1693 4166 tertio‚utita
1705 4103 1881 4175 gratampa·

256 4177 399 4239 rusticum
412 4189 500 4232 omna
513 4174 544 4231 in
554 4173 652 4233 iorum
664 4177 769 4248 attulit,
780 4183 808 4236 et
819 4179 943 4237 adduxit
954 4178 1047 4236 filiam
1092 4174 1143 4232 tris
1157 4175 1341 4246 memoriam,
1356 4175 1473 4236 iabores
1488 4181 1517 4236 et
1531 4193 1622 4252 opera
1636 4181 1776 4240 recoleret
1786 4199 1820 4241 aa
1834 4201 1882 4244 re·

257 4260 403 4329 eandem,
420 4272 524 4330 graves
543 4257 674 4330 ligones,
690 4277 827 4319 vomeres
845 4263 1046 4336 ponderosos,
1092 4262 1258 4329 ncraretur3
1279 4258 1360 4316 unde
1377 4264 1406 4316 ct
1420 4260 1521 4334 priora
1537 4261 1677 4332 nomina,
1691 4279 1711 4320 a
1726 4270 1810 4338 patra
1827 4283 1882 4341 pu·

257 4345 350 4404 boves
360 4345 602 4415 saturos;postea
613 4343 703 4400 dixit:
719 4345 883 4402 «veneficia
892 4361 968 4417 mea,
979 4345 1048 4415 Qui·
1092 4339 1145 4397 teis
1166 4339 1321 4413 imposita,
1341 4344 1422 4402 isaac
1442 4345 1591 4404 revocavit
1612 4349 1641 4402 et
1657 4349 1819 4408 renovarit.
1841 4353 1883 4411 lta

257 4429 343 4498 ritas,
354 4425 418 4484 haee
429 4427 511 4495 sunt,
523 4440 577 4482 neo
588 4441 712 4498 possum
721 4428 808 4487 vobis
820 4429 985 4498 ostendere,
997 4432 1049 4487 aut
1092 4422 1198 4481 Delrio·

258 4511 290 4570 in
301 4508 402 4569 iorum
418 4507 566 4568 adducere
582 4509 816 4582 lucubrationes,
830 4513 945 4584 vigilias
958 4516 987 4569 et
999 4529 1048 4569 su·
1126 4507 1336 4580 Tr0p0108i00‚
1357 4511 1512 4584 quomodo
1535 4510 1655 4570 daemon
1676 4517 1800 4587 puteum
1818 4519 1882 4578 ani·

259 4594 379 4655 dores.»
389 4595 464 4666 Ergo
476 4593 609 4652 omnium
620 4597 768 4653 sententiis
780 4595 934 4654 absolutus
944 4600 996 4653 est.
1008 4597 1049 4654 lta
1093 4603 1149 4648 mae
1159 4605 1212 4664 per
1222 4591 1415 4650 tentationum
1425 4594 1615 4666 cogitationes
1626 4595 1754 4670 obturat,
1764 4605 1793 4658 et
1806 4619 1882 4677 quo-

259 4684 303 4740 est
314 4693 385 4739 sane
400 4696 407 4734 :
420 4677 532 4736 fructus
550 4677 613 4748 agri
627 4692 689 4735 non
703 4679 852 4752 impensa,
868 4679 921 4736 sed
934 4678 1049 4738 cultura
1093 4675 1185 4732 modo
1199 4674 1224 4731 is
1241 4675 1458 4734 exhauriendos
1477 4681 1507 4735 et
1526 4681 1729 4739 eruderandos
1747 4685 1802 4757 sit,
1815 4687 1882 4744 vida

192 4775 194 4780 ·
259 4766 381 4835 constat,
392 4762 498 4823 etideo
510 4761 720 4820 fertilissimum
731 4763 762 4818 in
774 4776 845 4833 agro
860 4762 982 4819 oculum
996 4763 1049 4820 do·
1093 4758 1176 4831 apud
1189 4758 1217 4815 S·
1232 4759 1420 4830 Gregorium,
1433 4759 1487 4818 lib·
1508 4764 1584 4819 ΧΧΧΙ
1602 4765 1715 4835 Morti,
1731 4781 1797 4843 cap.
1812 4784 1881 4828 χιιι.

258 4846 333 4906 mini
353 4862 388 4905 ac
404 4846 513 4922 pedem
533 4861 596 4902 esse
614 4845 766 4916 dixerunt;
782 4845 886 4902 oculus
902 4845 982 4902 enim
997 4845 1050 4904 do·
1128 4841 1174 4897 19·
1191 4843 1221 4898 ln
1242 4855 1396 4901 milim-
1411 4846 1581 4904 ·T01'1¹011⁵
1600 4861 1653 4920 l>er
1671 4854 1884 4925 ffl⁰i0¹¹i⁷ffliflm
1896 4849 2004 4900 ’Μ’

259 4931 334 4991 mini
351 4931 517 5008 impinguat
533 4945 645 5006 equum
653 4973 662 5004 ‚
680 4945 734 5006 pes
752 4929 867 4988 domini
884 4928 1051 5002 impinguat
1093 4926 1214 4980 vocatur
1232 4923 1295 4997 ipsa
1319 4927 1420 4984 alveus
1439 4927 1550 5000 siccus,
1572 4931 1625 5002 qui
1642 4931 1674 4989 in
1691 4933 1788 4992 bieme
1805 4953 1884 5010 aqua

259 5029 374 5089 agrum,
1092 5005 1196 5082 pluvia
1213 5007 1353 5082 impietur
1368 5013 1396 5067 et
1414 5011 1558 5083 exundat,
1575 5011 1666 5087 fitque
1685 5021 1816 5090 torrens,
1830 5022 1884 5082 sed

295 5099 439 5158 iloraliter
451 5101 539 5171 nota,
549 5101 644 5170 isaac,
658 5098 730 5172 quia
741 5101 799 5155 beo
808 5093 929 5169 iubente
942 5096 1051 5155 mansit

260 5181 293 5242 in
307 5182 419 5241 Geraris
427 5223 438 5254 ,
452 5182 521 5242 binc
540 5181 583 5238 ibi
600 5196 620 5238 a
637 5183 696 5238 beo
714 5180 911 5254 locupletatus
929 5185 995 5237 est:
1010 5180 1051 5240 ita
1126 5217 1159 5283 (1)
1172 5217 1246 5269 vm,
1264 5223 1303 5269 ss,
1318 5219 1359 5270 M
1374 5227 1504 5271 „mmm
1520 5227 1626 5275 cmm,
1640 5203 1701 5287 tm
1713 5231 1740 5276 ,t
1754 5236 1883 5281 „mmm

260 5263 443 5340 ubicumque
456 5264 524 5340 quis
537 5263 677 5322 manserit
688 5265 738 5322 Dei
751 5264 900 5358 volontate
914 5264 1049 5336 etius-‘³¹¹³
1094 5285 1232 5354 significat,
1251 5296 1278 5340 et
1296 5296 1442 5355 concutient,
1459 5306 1502 5342 scu
1520 5294 1602 5344 locum
1623 5309 1668 5356 per
1689 5309 1765 5358 quern
1786 5304 1884 5352 torrens

261 5345 304 5407 ibi
325 5363 344 5408 a
361 5350 420 5413 bec
439 5347 628 5415 benedicetur
646 5351 676 5406 et
695 5346 929 5422 prosperabitur.
947 5350 1051 5408 Notent
1096 5371 1199 5409 manare
1211 5360 1299 5410 sobius
1312 5366 1349 5410 est
1357 5398 1366 5424 ,
1380 5362 1432 5412 sire
1449 5361 1525 5425 linat,
1540 5363 1593 5416 sire
1609 5363 1687 5415 liuere
1700 5366 1810 5420 oedem.

351 1791 415 1846 rein
427 1791 467 1856 qui
478 1792 594 1845 ebriatum
606 1793 703 1845 lenonis
715 1793 820 1846 omnbus
834 1791 898 1844 emit.
