4236 6040
267 309 323 376 tat
791 312 1038 394 desilientibus,
1051 320 1084 380 ru
1102 315 1257 396 dionei,
1275 339 1339 388 cu.
1358 319 1379 384 t.

267 419 378 478 tantem
391 421 522 482 videritis
536 436 625 496 super
638 423 761 492 obnotm,
778 422 811 484 id
828 428 871 482 est
885 441 974 498 super
987 425 1062 484 ostia
1105 444 1196 502 quarn
1211 428 1320 508 alicubi
1333 427 1480 490 homiues.
1498 429 1535 488 et
1546 425 1601 500 qtti
1612 427 1644 490 ia
1658 421 1824 488 euenum
1836 433 1900 484 vtt-

267 501 351 578 uteri,
365 505 423 562 hcc
436 501 489 571 est,
506 515 573 561 cum
587 496 728 564 tutantem
742 506 843 566 metris
856 509 941 568 utero
952 507 1062 583 proda-
1105 513 1388 586 gentAEggptumve,
1399 509 1588 572 cumulande
1596 509 1730 583 modeim
1739 507 1812 567 mire
1821 508 1899 568 aredi

266 591 367 644 nutem
380 579 542 644 masculum
553 583 695 645 videritis,
709 588 986 664 Undescptueginta
999 606 1063 650 ver·
1106 609 1236 668 aegaeas,
1244 594 1363 669 ingenio
1372 594 1412 652 ad
1422 595 1454 654 id
1462 593 1612 667 precipue
1622 591 1711 658 ueto.
1725 593 1759 652 tn
1771 589 1901 651 tutorem

265 669 332 726 iuni
339 711 348 738 ,
367 665 421 723 iret
438 671 546 740 perciet·
559 669 603 732 τὰς
616 661 737 742 discisa,
753 673 793 725 eei
807 669 849 725 ὦσι
866 673 921 748 πρὸς
932 676 958 728 τὸ
969 675 1062 744 riatur,
1106 693 1175 736 vero
1196 678 1331 754 iramque
1349 677 1511 750 proclivos,
1532 680 1684 750 quotquot
1704 674 1901 736 bgrhuonun

266 745 374 824 quando
388 751 598 809 obstetricabitis
609 753 744 820 Hebrees,
757 761 783 810 et
791 755 897 824 taetre
907 758 944 812 ed
952 759 1064 828 porten-
1106 757 1239 820 innutriti
1247 759 1333 820 bellis
1341 753 1573 833 comperiuntur.
1584 758 1677 831 titani
1686 761 1804 818 exiutas
1813 756 1901 818 scole

266 836 348 903 dum;
362 840 391 893 et
404 835 481 894 clare
490 835 648 906 Vatablus,
663 847 723 894 ram
735 835 863 895 videritis
877 855 922 896 eas
936 843 1064 914 inportu
1106 843 1212 900 mundi
1230 846 1328 920 partas
1349 841 1496 914 Incolunt,
1514 835 1555 902 ad
1573 839 1761 902 timiditatem
1778 839 1902 911 degene-

265 918 353 990 1tttum
367 923 519 991 parturire.
537 919 607 976 ilinc
622 920 701 996 patet
714 917 768 982 has
785 921 955 980 obstetrices
965 923 1063 994 jussas
1107 940 1186 996 rere,
1202 930 1231 984 ct
1241 923 1485 984 effeminatiorem
1498 927 1646 984 naturum.
1667 921 1809 982 liilobitur
1822 923 1901 982 enim

266 1015 329 1058 esse
342 1001 475 1060 occidere
488 1002 635 1061 masculos
649 999 838 1060 llebrreorum
849 1019 910 1062 non
920 1007 1063 1080 postpar·
1107 1008 1227 1068 intimus
1246 1008 1327 1066 calor
1342 1006 1488 1066 meatibus
1501 1005 1634 1080 eorporis
1648 1005 1768 1078 luatis,
1785 1010 1813 1062 et
1826 1019 1902 1078 quo-

266 1088 344 1154 tum,
364 1083 417 1142 scd
431 1083 462 1141 ln
477 1081 543 1158 ipso
556 1089 644 1159 partu
660 1103 667 1141 :
683 1085 796 1144 occulte
810 1101 862 1143 eos
876 1085 1063 1157 suffocando,
1108 1078 1271 1149 dammodo
1291 1089 1441 1147 hiantibus
1460 1088 1564 1148 sideria
1581 1087 1743 1161 propinqui
1758 1083 1901 1160 intempe-

268 1167 513 1242 comprimendo,
528 1169 759 1242 strangulando,
773 1175 806 1228 ut
820 1171 859 1228 ite
881 1187 944 1230 rem
957 1177 1065 1230 murres
1108 1173 1213 1232 rantis.
1231 1177 1411 1245 Argumento
1424 1175 1468 1232 est
1480 1171 1555 1230 cutis
1566 1171 1731 1242 nigricans,
1749 1170 1845 1230 educti
1858 1170 1902 1227 lo·

268 1251 412 1323 celarent,
425 1251 592 1328 qnasiipsoe
606 1257 738 1311 mortuos
748 1252 1064 1313 velmorienresen'ue
1108 1257 1239 1314 rinsecus
1252 1256 1331 1316 insiti
1345 1255 1451 1314 caloris
1463 1254 1559 1328 eopia.
1575 1256 1610 1310 At
1624 1252 1678 1325 qui
1695 1251 1803 1324 frigide
1819 1257 1847 1312 et
1864 1253 1902 1310 ri·

267 1333 402 1406 inissent,
415 1333 524 1392 callido
537 1349 608 1394 saue
622 1334 757 1406 consilio,
771 1351 807 1393 ne
821 1341 929 1394 matres
943 1335 1065 1394 insidias
1108 1339 1206 1412 gentio
1218 1339 1323 1398 mundi
1337 1338 1404 1398 loca
1416 1336 1565 1408 incolunt,
1582 1336 1674 1394 nimio
1692 1334 1762 1408 plus
1777 1334 1902 1396 eudocia

269 1417 526 1492 persentiscerent,
546 1421 575 1475 et
587 1431 689 1476 cerere
707 1423 838 1494 possent.
854 1421 896 1480 lta
910 1415 1064 1478 Abulensis
1108 1421 1296 1496 precellunt,
1313 1419 1509 1480 candentibus
1522 1433 1684 1492 corporum
1696 1413 1822 1478 extimis.
1842 1420 1903 1476 Ce-

269 1505 297 1558 et
307 1502 499 1574 Ltpornanus.
1107 1509 1205 1564 terum
1216 1506 1388 1566 meridiane
1400 1504 1535 1576 regiones
1548 1502 1618 1560 bine
1636 1501 1749 1573 calore,
1770 1501 1839 1560 bino
1851 1500 1902 1560 tri-

306 1585 395 1641 Porro
410 1589 521 1642 certum
534 1587 591 1655 est,
608 1585 768 1660 antequam
784 1583 909 1660 perfecte
923 1585 1067 1660 prodierit
1108 1604 1179 1662 gore
1202 1592 1443 1661 contemperatur,
1465 1590 1529 1646 turn
1549 1584 1742 1659 prudentiore
1760 1588 1903 1658 promunt

269 1665 377 1737 lnluns,
392 1681 496 1724 sexum
509 1663 541 1723 ln
554 1683 591 1723 eo
602 1667 728 1726 discerni
738 1681 837 1742 posse,
852 1684 920 1726 cum
932 1673 960 1726 et
971 1669 1065 1729 multo
1109 1670 1227 1746 ingenia
1247 1671 1502 1746 sapientiumque,
1524 1675 1586 1730 tum
1605 1667 1735 1742 imperiis
1754 1669 1903 1743 precipue

271 1757 338 1811 ente
356 1752 447 1824 signls
467 1751 649 1826 quibusdam
664 1751 696 1810 ld
713 1752 817 1825 conjici
835 1768 923 1827 posse
941 1753 1067 1814 doceant
1110 1755 1219 1817 adnutu
1231 1757 1380 1830 iactaque,
1402 1753 1570 1826 cujusmodi
1583 1752 1643 1812 lere
1657 1750 1744 1812 {teliu
1757 1752 1847 1810 situm
1859 1753 1903 1810 vi·

151 1851 217 1897 sexa
235 1850 259 1896 u
271 1835 387 1906 medici,
402 1851 431 1893 v.
447 1851 476 1907 g.
492 1835 517 1892 sl
529 1835 560 1891 ln
574 1837 656 1892 utero
671 1836 772 1892 multe
787 1838 815 1893 et
825 1833 915 1894 fortes
928 1835 987 1894 sint
1000 1851 1067 1894 mo·
1110 1841 1173 1900 deri
1182 1839 1329 1898 Vitruvius
1342 1837 1517 1912 opinetur.»
1534 1836 1646 1904 Quinto,
1660 1834 1742 1906 quia,
1753 1839 1787 1894 ut
1798 1835 1903 1894 aittiu-
1917 1851 2006 1902 ournu

174 1919 235 1984 95888
270 1920 364 1977 tiones
378 1916 475 1989 loetus,
490 1917 609 1990 signum
622 1919 667 1975 est
683 1932 746 1975 esse
759 1932 884 1990 marem,
897 1933 1026 1991 rursum,
1042 1919 1067 1976 si
1110 1923 1238 1998 ripides,
1253 1925 1330 1977 artur
1350 1923 1418 1976 etrus
1436 1923 1457 1974 ct
1474 1915 1560 1980 mitte
1574 1921 1629 1972 star
1652 1919 1757 1988 erma,
1774 1920 1903 1978 columna

159 1973 252 2094 mi
272 2005 364 2061 mater
377 2003 413 2059 sit
427 2001 502 2059 bene
516 2000 663 2071 colorata3
688 1999 712 2056 sl
725 1999 765 2058 ad
777 2001 931 2060 dexterum
942 1997 1019 2060 letus
1031 1999 1068 2060 sit
1112 2006 1251 2066 mineum
1269 2012 1333 2064 suat
1345 2007 1400 2078 filii
1414 2003 1529 2062 ammte·
1544 2020 1553 2058 r
1566 2001 1717 2060 masculus
1727 2000 1807 2060 enim
1818 2000 1903 2062 iami-

165 2095 245 2154 qaeus
272 2085 383 2156 tutans,
397 2083 468 2160 qula
481 2099 516 2144 ee
530 2099 600 2161 pars
614 2083 738 2144 calidior
749 2087 792 2142 est
805 2088 834 2142 et
847 2083 953 2141 tortior
971 2083 1013 2141 ob
1026 2083 1068 2142 ri·
1111 2089 1182 2150 liam
1196 2094 1225 2147 et
1238 2093 1356 2164 gentem
1368 2103 1454 2146 suam
1469 2079 1654 2158 multiplicat,
1663 2088 1903 2158 propagatctro-

164 2157 247 2218 *ΨΜ
271 2169 418 2228 ciuitatem
429 2169 556 2244 hepatis,
570 2171 625 2226 etc.
640 2169 681 2228 lte
689 2165 816 2226 Galenus
830 2172 858 2225 et
867 2168 1067 2244 Hippocrates,
1111 2169 1210 2232 horat.

271 2247 325 2313 llb.
340 2257 376 2325 v,
392 2256 538 2326 cptcrism.
553 2253 589 2308 tt
601 2254 629 2309 et
641 2253 687 2310 lt.
1146 2255 1351 2331 tropologice,
1363 2254 1481 2314 lemine
1492 2257 1562 2312 sunt
1575 2267 1665 2328 opere
1681 2251 1790 2323 menis,
1805 2269 1903 2314 meres
1917 2265 2028 2324 reparo·

306 2335 620 2412 Enqrribusgradibus
634 2338 743 2394 Crescat
756 2332 979 2412 lssssssiffll‘ieifls
994 2353 1001 2391 ²
1016 2349 1069 2396 VO·
1112 2345 1285 2416 surrepere
1303 2340 1409 2400 mentis
1429 2343 1457 2398 et
1478 2338 1608 2412 spiritus.
1628 2339 1772 2408 Rursum,
1785 2337 1903 2398 lemine
1915 2329 2029 2432 ξξᾝ
2097 2387 2098 2404 ,

271 2423 326 2480 luit
338 2426 445 2493 prime,
464 2421 641 2496 conceptum
657 2415 761 2476 labore
773 2421 802 2474 et
813 2417 1005 2492 oppressione
1015 2431 1069 2492 pa·
1111 2429 1181 2482 sunt
1192 2424 1298 2484 anime
1307 2423 1421 2494 molles,
1431 2418 1557 2482 infirmae
1567 2426 1597 2480 et
1607 2419 1903 2494 tmperleetermeres
1926 2449 2020 2504 prena

271 2509 388 2563 rentum
402 2501 544 2577 impedire
549 2520 559 2575 ;
573 2499 704 2567 secundo,
725 2504 846 2574 partum
859 2499 968 2559 elidere
980 2513 1066 2558 coue-
1111 2512 1181 2568 sunt
1199 2506 1306 2578 fortes,
1319 2505 1454 2580 generosi
1472 2507 1500 2564 et
1512 2503 1642 2578 perlecti.
1657 2507 1734 2565 «Per
1749 2503 1901 2578 feminum,
1925 2510 2017 2554 vincte
2097 2559 2098 2570 χ

271 2581 806 2660 tur3terti0.vom-2²,P1‘010fflltm
820 2584 921 2642 ”tiam
933 2582 1069 2640 submer-
1112 2592 1208 2668 iuquit
1218 2593 1245 2652 S.
1262 2590 1458 2664 Hieronymus
1476 2587 1508 2646 in
1525 2603 1591 2662 cap.
1604 2603 1626 2648 u
1643 2589 1755 2656 Erotes„
1770 2587 1903 2662 fragilior
1915 2570 2029 2616 Μ

272 2685 340 2742 gere
352 2667 483 2728 molitur·
1111 2691 1199 2738 sexus
1213 2679 1241 2734 et
1254 2673 1375 2734 materie
1388 2671 1589 2746 significatur:
1604 2667 1705 2731 nullus
1718 2674 1901 2746 Sanctorum,

307 2753 537 2829 ltotropologtca
551 2751 682 2827 demam
694 2755 795 2824 primo.
809 2749 962 2808 heroicum
976 2765 1067 2825 Opus,
1112 2759 1168 2818 nisi
1181 2774 1300 2835 perrero
1314 2757 1438 2818 feminas
1451 2754 1588 2830 genuisse
1595 2758 1730 2816 narrum
1734 2772 1745 2827 ς
1760 2757 1901 2830 solusque

272 2853 310 2898 ne
322 2837 386 2910 flet,
403 2837 546 2896 divertere
561 2835 649 2910 solet;
664 2836 797 2906 secundo,
814 2834 840 2892 ei
855 2832 913 2894 hoe
925 2847 987 2894 nou
1000 2847 1069 2908 pos·
1112 2842 1259 2918 salphaad
1277 2841 1330 2918 qui
1347 2841 1378 2902 in
1392 2838 1518 2916 peccatis
1527 2842 1662 2898 mortuus
1677 2843 1738 2909 est,
1749 2855 1854 2898 amnas
1867 2841 1900 2900 g.

272 2923 319 2999 sit,
333 2922 409 2981 illud
420 2938 489 2980 eum
500 2919 644 2979 fltrltlere
653 2921 776 2978 conatur
783 2936 792 2990 ;
806 2919 898 2988 tertio,
913 2915 938 2973 sl
947 2931 1001 2974 nec
1011 2917 1068 2974 boe
1112 2927 1166 2986 lias
1176 2926 1287 3000 genuit,
1297 2924 1387 2984 Jacob
1399 2924 1474 2982 inter
1484 2924 1519 2982 12
1534 2921 1623 2992 filios,
1639 2922 1726 2982 umus
1739 2922 1817 2994 tilia,
1827 2929 1901 2998 pute

271 3007 381 3080 valeat,
400 3005 500 3084 lpsum
517 3009 679 3082 postquem
695 3002 806 3064 tactum
825 3003 869 3059 est
881 2999 1068 3062 intervertere
1113 3009 1208 3076 nine,
1229 3012 1326 3084 petar,
1347 3007 1387 3066 ob
1411 3007 1508 3081 ipsam
1529 3003 1718 3078 periclitetur.
1740 3025 1754 3062 r
1777 3008 1848 3066 vide
1872 3012 1902 3068 at

271 3089 387 3166 sutaglt.
1112 3095 1139 3152 S.
1155 3091 1343 3152 Ambrosium
1358 3093 1395 3148 lle
1405 3090 1474 3146 data
1487 3095 1513 3146 et
1526 3090 1618 3159 ridete,
1633 3105 1698 3162 oep.
1714 3106 1743 3148 x.
1761 3092 1901 3164 «Vbtue,
1916 3101 1997 3172 Virtus
2010 3113 2028 3172 p

306 3175 490 3234 tinterniae
502 3183 620 3245 resen,
639 3181 814 3234 rnrsnnorr
827 3181 894 3230 run.
916 3199 953 3214 -
974 3168 1068 3228 l-'aeile
1111 3176 1151 3235 ait
1165 3175 1281 3246 cicero,
1298 3175 1406 3231 terat.
1426 3188 1467 3244 ιι,
1484 3187 1521 3230 ex
1534 3171 1598 3232 viro
1615 3172 1763 3245 appellata
1776 3177 1828 3234 est.
1844 3174 1903 3234 viri
1915 3159 2028 3265 {gfff
2096 3229 2098 3236 ,

150 3273 153 3280 “
272 3262 301 3319 ⁰²
314 3251 1069 3336 sti01220waleseililte⁵i0b⁵llil¹³<=Ninniultlst
1112 3263 1211 3320 autem
1224 3257 1347 3334 propria
1361 3255 1489 3314 maxime
1504 3252 1720 3326 estlortitudo,
1737 3257 1821 3328 crrjns
1833 3275 1901 3316 mu·
2097 3261 2098 3266 ’

271 3343 436 3404 Aristoteles
453 3341 568 3402 libili
587 3341 693 3400 Hister.
715 3342 828 3398 animet.
849 3351 945 3414 capr
961 3355 969 3393 r
987 3335 1068 3396 «Ob-
1111 3360 1183 3402 nera
1195 3343 1257 3404 duo
1274 3341 1405 3400 maxima
1424 3342 1511 3410 sunt,
1526 3337 1629 3396 mortis
1646 3338 1817 3416 dolorisque
1830 3357 1902 3402 ooo·

272 3427 399 3486 stetrices
411 3427 513 3502 per-ilie
527 3425 692 3500 reprimunt
708 3424 786 3483 intro
807 3421 838 3480 in
853 3425 970 3478 uterum
984 3418 1068 3494 puerl
1112 3431 1250 3502 temptas.
1265 3446 1279 3480 a
1295 3427 1328 3482 Et
1341 3422 1515 3493 Lactantius,
1530 3424 1568 3480 lte
1579 3423 1677 3504 opific.
1692 3425 1752 3490 Det,
1763 3439 1827 3498 erp.
1840 3441 1900 3484 xn:

271 3511 445 3584 sanguinem
462 3529 469 3566 :
483 3523 545 3584 quo
558 3506 636 3565 tacto
649 3507 748 3565 statim
761 3506 870 3578 inians,
883 3503 935 3578 qui
944 3505 1007 3576 jam
1018 3503 1069 3561 de·
1115 3531 1129 3566 r
1141 3510 1198 3580 Vir,
1213 3509 1263 3578 cit,
1274 3508 1380 3568 dicitur
1394 3522 1431 3564 cx
1443 3521 1479 3564 eo
1493 3504 1577 3578 quod
1589 3507 1686 3577 nrejor
1696 3506 1740 3563 vis
1754 3507 1899 3578 attineo,

188 3583 189 3588 ’
270 3593 403 3666 delebat,
417 3595 580 3662 recreatur,
598 3593 626 3647 et
638 3589 706 3648 rita
719 3587 889 3646 restituitur.
903 3589 1010 3644 Earum
1025 3585 1069 3643 oi·
1111 3611 1203 3670 quam
1213 3593 1245 3652 iu
1256 3590 1377 3664 irmina,
1391 3591 1420 3646 et
1432 3589 1502 3646 binc
1514 3585 1608 3648 virtus
1620 3604 1731 3648 noman
1744 3591 1864 3664 recapit.
1882 3613 1897 3647 r

271 3677 373 3736 ficium
386 3680 430 3737 est
442 3675 573 3746 deligare
592 3675 621 3732 ct
634 3685 732 3730 secare
746 3669 923 3728 umbilicum
936 3667 1066 3740 infantis,
1111 3679 1180 3736 gts.
1194 3674 1388 3749 Augustinus,
1398 3672 1482 3748 epist.
1495 3672 1750 3730 odllccedooiamr
1766 3674 1899 3746 evii-tus,

271 3763 424 3822 utcontra
445 3775 481 3818 ee
502 3773 571 3833 ques
595 3754 733 3813 accidunt
757 3753 892 3830 protinus
914 3751 1067 3825 ingeniose
1111 3761 1161 3832 ait,
1175 3765 1219 3818 est
1231 3758 1353 3832 diligere
1366 3757 1451 3832 qnod
1462 3754 1648 3827 diligendum
1656 3759 1708 3814 eet.
1722 3756 1754 3814 ld
1768 3757 1900 3829 diligere,

271 3859 391 3918 agere»
402 3841 549 3918 malisque
561 3852 714 3897 0⁰01¹ff0l0
724 3854 731 3891 ²
743 3835 767 3894 ⁵¹
776 3853 843 3911 quae
853 3835 917 3892 ¹1oess
925 3833 1066 3907 negligat,
1110 3842 1266 3920 prudentie
1279 3845 1322 3902 est
1337 3858 1345 3900 r
1359 3837 1449 3900 nullia
1462 3839 1531 3900 indo
1544 3837 1636 3898 everti
1655 3837 1806 3910 molestiis.
1819 3841 1902 3900 torti·

272 3935 323 3990 aut
333 3930 447 3988 sinistre
459 3927 556 3996 iaciat,
571 3924 683 3984 occidet
696 3922 848 3982 infantem.
1111 3927 1184 3986 tudo
1197 3929 1255 3998 est;
1269 3923 1359 3982 nullis
1372 3917 1530 3992 illecebriS,
1544 3921 1738 3996 temperantia
1749 3927 1806 3994 ectr
1817 3923 1902 3984 nulle

151 4029 258 4077 curru·
303 4019 503 4090 Queres:t1ur
513 4009 818 4086 PharaoJ'ussitoceidi
828 4005 1066 4068 marestlebreo-
1110 4008 1266 4086 superbia,
1278 4007 1390 4082 justitia
1402 4010 1455 4066 est.
1469 4024 1485 4061 r
1498 4004 1569 4064 ilino
1579 4005 1702 4068 eddius
1715 4023 1723 4064 r

151 4093 259 4198 {itemffig
271 4117 350 4197 runi,
369 4099 495 4195 semines
512 4114 590 4194 vero·
596 4093 756 4192 reservarit
772 4091 948 4189 Respondeo
963 4097 1065 4233 grimo,
1294 4141 1376 4198 ,reuda
1389 4143 1414 4196 m
1427 4141 1497 4198 ardua
1509 4143 1591 4197 'mm'

156 4213 247 4320 &iiii
271 4178 1066 4341 ἕέῗὶἓὲῗέῐίῗῖἱέῐιὶῗυὲῗεξίζιἱέθδῑὲἓῗῑὲοιῖἃὲὓζᾞ
1110 4289 1203 4350 mvn,
1225 4289 1291 4347 ΗΜ
1324 4289 1359 4345 vl
1371 4285 1478 4346 AEneid·

157 4347 250 4408 resne
270 4353 360 4412 mine
368 4352 568 4419 liebraeorum,
577 4347 619 4404 uti
627 4345 773 4414 imbelles,
782 4343 958 4420 itepulchrre
967 4345 1063 4400 erant:
1203 4305 1223 4361 Β
1300 4331 1310 4360 ’
1341 4419 1362 4430 ..

186 4397 257 4505 irim
271 4435 306 4494 iis
320 4451 390 4507 ergo
404 4432 487 4492 abuti
500 4429 620 4490 volebat
633 4431 673 4490 ed
685 4427 852 4486 libidinem.
869 4427 970 4492 Tertio,
986 4423 1066 4483 vole-
1293 4415 1376 4472 Facie
1387 4420 1511 4472 demensus
1522 4417 1618 4482 ivea.

151 4531 221 4567 um·
270 4518 322 4578 bat
341 4533 391 4580 eas
407 4517 516 4575 servari
536 4515 566 4573 in
587 4513 763 4574 famulatum
779 4526 899 4570 suarum
924 4523 1065 4582 uxorum,
1157 4490 1588 4558 semimffldum’fflleffisque
1601 4489 1697 4548 “idm
1710 4489 1739 4548 ld
1752 4506 1835 4557 ‘mio

270 4615 392 4676 558
409 4597 536 4658 a...
558 4595 773 4670 888588·
796 4594 916 4662 888
938 4592 1065 4652 e...
1155 4559 1807 4696 creetur§excurrerem

150 4707 239 4761 paru.
269 4682 448 4760 praestabant
466 4681 497 4739 in
507 4678 649 4751 lanificio,
662 4681 786 4750 textura,
800 4678 927 4735 tinctura
940 4675 1065 4752 aliisque
1156 4701 1204 4757 biis
1217 4701 1288 4766 geniti
1300 4705 1403 4765 potuere.

269 4769 393 4840 oribus,
406 4765 535 4840 ideoque
549 4759 689 4838 perutiles
701 4758 946 4836 erantAEgyptiis,
957 4759 1009 4834 qui
1021 4759 1065 4818 in·

269 4851 338 4912 dolo
351 4865 406 4912 sua
419 4849 451 4907 in
463 4848 581 4907 lucrum
595 4843 698 4905 intenti
713 4845 798 4915 sunt,
817 4840 902 4916 quod
921 4841 1001 4902 Plato
1016 4841 1065 4902 tri-
1110 4843 1287 4915 Aristoteles,
1298 4843 1403 4917 hymn.
1418 4846 1449 4900 ia
1461 4844 1548 4904 Laud.
1562 4847 1630 4905 ciet.
1645 4863 1654 4902 r
1671 4847 1839 4918 advirtue,
1849 4844 1902 4919 uit,

267 4936 333 4995 buit
345 4932 455 4993 elimati
466 4931 535 4990 loci.
549 4931 706 4992 iudicum
720 4923 802 5002 apud
815 4923 936 4984 Caelium
955 4925 1064 4985 Rhodi·
1109 4929 1203 4988 ardua
1212 4925 1424 5002 laboriosaque
1437 4928 1537 5000 generi
1550 4928 1696 5000 humano,
1702 4929 1904 5003 pulcherrime

267 5016 443 5094 gtnum,lib.
458 5015 548 5087 xvln,
561 5029 627 5090 cap.
642 5027 730 5072 nun:
748 5003 847 5067 «luter
862 5007 988 5066 Platonis
1000 5008 1065 5082 pla·
1108 5011 1174 5070 vitre
1182 5009 1327 5070 inventio!
1337 5014 1430 5082 tuem,
1442 5011 1564 5084 ovirgo,
1572 5011 1612 5072 ob
1619 5017 1802 5076 venustatem
1812 5014 1903 5074 etiem

267 5103 324 5162 cita
336 5101 411 5161 illud
426 5099 614 5167 observatur,
626 5112 664 5153 ex
678 5093 766 5153 variis
779 5091 844 5150 coeli
858 5091 930 5148 locis
943 5093 1063 5165 aspecti·
1108 5093 1196 5166 mori,
1209 5093 1348 5170 optabilis
1361 5093 1392 5154 in
1406 5094 1514 5156 Grecis
1526 5095 1651 5156 hebetur
1664 5113 1756 5169 mors,
1771 5115 1805 5158 ec
1816 5097 1905 5160 ubo·

266 5187 500 5248 bnsredirsrsas
508 5183 673 5257 ingenerari
681 5196 801 5238 morum
810 5179 914 5251 κράσεις,
924 5180 984 5234 sive
994 5195 1064 5236 oon·
1107 5197 1154 5240 res
1167 5179 1354 5238 vehementer
1369 5181 1398 5236 et
1407 5175 1571 5238 indefessos
1583 5180 1709 5254 perpeti.
1723 5181 1821 5240 nalem
1833 5196 1904 5254 pec·

267 5271 503 5346 temperationes.
518 5270 584 5338 Quo
596 5265 782 5339 argumente,
796 5262 828 5320 ln
841 5260 956 5320 droeeirc
970 5265 1063 5322 tractu
1106 5261 1163 5322 tori
1174 5262 1304 5321 fructum
1316 5261 1514 5319 immortalem
1529 5263 1643 5335 inseris,
1657 5279 1728 5324 euro
1742 5264 1903 5338 potiorem.

267 5349 509 5433 inadiptscendls
523 5347 686 5428 disciplinis
703 5339 796 5408 rid'eri
816 5345 942 5421 aptiores
957 5343 1063 5422 multo,
1106 5350 1166 5406 Tua
1191 5345 1285 5418 gualie
1307 5344 1443 5404 Hercules
1463 5347 1534 5408 tore
1557 5349 1654 5420 satus,
1677 5348 1821 5420 udoque
1846 5347 1904 5409 filii
