4100 6024
691 323 1224 460 PROOEMIUM

783 625 848 710 ΕΤ
875 623 1133 712 nicohlnll

278 862 739 1078 SACRAE
822 873 1637 1085 SCRIPTURAE.
1801 1059 1817 1066 .,

821 1288 1093 1321 ψ

398 1565 527 1634 saeuo
545 1571 675 1636 ΡΗῙΜΑ,
974 1559 1072 1630 terrm,
1086 1573 1155 1615 cum
1173 1573 1209 1616 eo
1222 1572 1306 1616 eram
1319 1559 1425 1616 cuncta
1441 1570 1665 1632 componens,»
1680 1559 1768 1636 quasi

974 1644 1067 1698 certas
1088 1642 1134 1698 sui
1147 1644 1233 1700 notas
1247 1641 1279 1699 in
1295 1640 1350 1700 hac
1368 1642 1583 1715 compositione
1596 1659 1628 1702 se
1645 1643 1769 1720 iuscrip-

136 1709 172 1758 be
184 1709 236 1766 alus
248 1707 337 1768 ortana
347 1739 353 1764 ,
364 1706 488 1766 dlgnltete,
501 1707 606 1768 oblecto,
618 1707 769 1768 necessitato,
781 1709 871 1769 metu,
884 1723 933 1758 nm·
974 1724 1046 1780 sisse
1059 1725 1239 1796 significum.

169 1779 297 1896 fflm’
314 1777 463 1837 ⁶¹ffl⁰¹¹¹m⁰²
479 1780 608 1839 ’mm’
628 1779 740 1826 ¹¹¹⁸‘¹²⁰‘¹⁰
758 1784 782 1826 ⁸²
800 1779 933 1838 dmm*
1009 1807 1450 1882 verumenimrero,quamvis
1461 1808 1588 1882 pulcher
1599 1809 1648 1868 hio
1661 1809 1768 1870 micro-
1840 1849 1847 1856 -

974 1905 1093 1950 cosmus
1103 1890 1577 1965 archetypum,undaebauctore
1586 1909 1641 1949 suo
1650 1909 1769 1968 expres·

65 1987 78 2024 t·
173 1976 301 2034 Celebris
314 1975 576 2051 illeAEgyptiorum
587 1977 764 2049 theologus,
774 1978 845 2036 llosi
854 1994 930 2052 pene
973 1989 1025 2030 sus
1034 1979 1087 2044 est,
1097 1978 1169 2048 puta
1181 1989 1292 2032 numen
1302 1990 1429 2046 sacrum,
1443 1976 1662 2049 increatamquc
1673 1979 1768 2050 sphae-

137 2073 299 2133 nequeevus,
308 2061 475 2132 llercurius,
488 2059 645 2119 Gentilium
657 2062 798 2135 opinione
811 2062 932 2122 Trisma-
973 2075 1038 2116 ram
1052 2060 1200 2117 altissime
1213 2059 1375 2117 divinitatis
1389 2063 1498 2118 reseret
1505 2101 1515 2130 ‚
1530 2061 1684 2134 oculisque
1698 2063 1768 2120 sub·

137 2142 242 2215 gistau
251 2142 315 2214 diu,
327 2159 388 2217 que
400 2144 512 2202 ratione
525 2144 675 2218 aptissime
690 2147 860 2220 universum
874 2149 932 2205 hoo
970 2143 1051 2215 liciat
1067 2161 1074 2198 ι
1089 2144 1190 2202 multis
1203 2148 1302 2202 tamen
1315 2143 1449 2217 partibus
1461 2143 1650 2216 imperfectus
1663 2151 1706 2204 est
1719 2147 1767 2205 hic

139 2225 326 2299 describeret,
339 2229 510 2303 scoumipse
523 2244 653 2301 versans,
664 2231 722 2287 huc
734 2230 856 2289 demum
866 2248 932 2290 eru·
973 2226 1059 2296 liber,
1078 2231 1106 2285 et
1125 2227 1242 2284 sciatica
1256 2227 1399 2284 duntaxat
1420 2226 1565 2285 elementa
1581 2229 1767 2303 suppeditet,

50 2309 182 2386 mpit
202 2327 209 2366 :
231 2311 444 2385 «Universum,
462 2313 573 2386 inquit,
594 2317 638 2370 est
655 2313 732 2370 liber
751 2314 929 2386 divinitatis,
972 2311 1104 2382 vestigia,
1117 2311 1252 2384 inquam,
1266 2310 1377 2383 potius,
1391 2309 1503 2384 quibus
1516 2312 1603 2386 quasi
1616 2329 1652 2370 ex
1666 2329 1768 2386 ungue

40 2374 127 2482 ἓξὲξ
138 2397 341 2472 saecmumque
356 2399 415 2457 hoo
428 2397 575 2456 sublestae
593 2401 636 2455 est
649 2400 803 2473 speculum
817 2400 932 2458 divino-
972 2393 1089 2452 leonem
1113 2409 1272 2465 agnoscas,
1295 2409 1387 2468 quam
1407 2395 1518 2453 almam
1540 2395 1768 2473 absolutamque

41 2497 69 2542 fg
137 2499 245 2555 mm„
263 2485 404 2542 nimirum
421 2485 512 2542 hocce
529 2485 607 2543 libro
627 2503 713 2544 suam
733 2487 796 2561 ipse
816 2487 932 2545 theolo-
973 2477 1122 2550 scriptorib
1139 2477 1185 2534 sui
1201 2477 1438 2552 descriptionem.
1459 2480 1591 2551 Medii,
1610 2482 1694 2554 quod
1713 2498 1767 2542 na·

138 2568 233 2640 giam,
256 2568 372 2627 diutina
399 2583 470 2627 sana
500 2569 746 2628 commentatione
774 2569 928 2628 didicerat,
972 2564 1045 2616 turae
1059 2560 1151 2618 solius
1166 2563 1490 2634 exaratuscheractere,
1504 2563 1577 2622 nihil
1592 2580 1697 2623 eorum
1706 2565 1767 2626 dio·

140 2651 234 2710 qCoeli
253 2651 334 2709 enim
347 2655 485 2710 enarrant
502 2651 628 2723 gloriam
642 2652 691 2709 Dei
698 2694 708 2723 ,
722 2656 751 2710 et
764 2667 855 2725 opera
867 2669 930 2712 ma.
972 2645 1014 2700 ibt
1025 2659 1093 2716 (111ae
1104 2647 1216 2701 natur&
1224 2645 1365 2703 terminos
1374 2646 1597 2717 transcendunt,
1605 2647 1716 2723 quibus
1726 2649 1767 2708 dd

136 2749 231 2792 noum
252 2735 316 2807 eius
333 2734 488 2794 annuntiat
509 2734 772 2805 firmamentum»
797 2739 851 2792 et:
878 2741 928 2794 ah
972 2724 1198 2784 ⁰oelum8³flssloe
1211 2728 1556 2804 niniatrqbonumqaa
1569 2735 1766 2807 nostrumpe·

135 2818 339 2891 magnitudine
358 2819 464 2891 speciei
486 2821 515 2876 et
535 2821 688 2888 creature,
712 2818 805 2875 videri
831 2823 928 2892 potest
972 2823 1077 2880 Penne,
1092 2810 1177 2883 (1¹10d
1189 2811 1250 2868 Vita
1261 2815 1410 2884 eimorlet
1425 2814 1502 2872 volis
1515 2814 1655 2872 omnibus
1668 2817 1766 2890 sequi·
1815 2822 1819 2827 ’

135 2907 248 2960 creator
270 2918 391 2973 eorum,
408 2900 587 2974 sempiterna
607 2917 730 2975 quoqne
753 2907 780 2958 et
802 2905 931 2960 inuisiha‘·
971 2905 1055 2962 mur,
1068 2893 1280 2966 91⁸⁰V⁰h³1111¹¹¹·

135 2986 171 3041 tn
196 2986 260 3057 ejus
276 2985 371 3042 virtus
391 2988 480 3058 atque
501 2984 657 3055 divinitas3
676 3004 691 3038 u
711 2989 744 3042 ut
764 2985 795 3042 in
814 2987 931 3057 magnis
1006 2979 1108 3037 Visum
1120 2981 1311 3054 ergodivineo
1324 2985 1353 3039 et
1365 2981 1529 3040 intermine
1543 2982 1679 3055 bonitati,
1694 2985 1765 3044 scri·

134 3069 212 3128 bisoe
230 3070 374 3128 coelorum
393 3069 519 3139 tabulis,
531 3069 563 3126 in
583 3069 700 3144 paginis
717 3069 930 3128 elementorum
971 3060 1018 3121 baa
1039 3062 1146 3122 scilieet
1163 3065 1398 3138 sapientissimo,
1412 3065 1550 3122 velociter
1566 3069 1594 3122 et
1612 3066 1687 3126 mim
1700 3068 1764 3141 dig-

137 3167 171 3212 ac
181 3152 388 3212 voluminibus
405 3157 595 3225 temporum,
608 3151 770 3227 perspicaci
782 3154 870 3211 oculo
884 3153 930 3212 di·
971 3145 1090 3204 netiom
1103 3145 1251 3217 scribenti,
1261 3147 1353 3205 alium
1367 3147 1508 3206 adhibere
1522 3149 1681 3222 calamum,
1691 3151 1764 3210 alies

134 3236 210 3294 vine
223 3235 414 3294 iustitutionis
429 3235 594 3292 doctrinam
609 3234 767 3309 propalam
789 3237 875 3310 quasi
889 3236 931 3295 le-
971 3229 1058 3287 nobis
1072 3229 1351 3302 subjiceremus,
1363 3230 1534 3302 elioslonge
1546 3233 1704 3306 depingere
1717 3236 1764 3294 sui

135 3335 201 3392 gere
220 3319 306 3376 liceat
321 3335 330 3374 t
348 3318 390 3375 ita
402 3332 473 3375 sane
493 3333 529 3376 ex
545 3317 618 3390 ipsis
634 3317 741 3375 mundi
755 3319 930 3392 primordiis
971 3313 1172 3372 characteres:
1187 3314 1240 3390 qui
1259 3331 1321 3374 non
1338 3321 1452 3374 mamm
1470 3316 1602 3390 aliquam
1618 3319 1762 3392 speciem,

72 3467 77 3476 ¹
135 3407 163 3460 et
175 3419 213 3460 ea
225 3401 318 3459 nihilo
333 3400 412 3459 illius
428 3400 598 3470 molimine,
611 3399 845 3472 omnipotentem
858 3416 929 3460 auc·
971 3396 1188 3456 scd‘distinctes
1201 3397 1296 3456 oculis
1308 3413 1410 3469 voces,
1426 3399 1548 3457 auribus
1561 3415 1668 3473 sonos,
1682 3418 1764 3461 men·

134 3485 206 3545 toris
227 3486 291 3557 ejus
312 3482 375 3540 vim
395 3486 423 3541 et
446 3483 610 3555 energiem3
626 3497 663 3539 ex
685 3483 830 3558 muliplici
853 3485 930 3542 adeo
971 3479 1050 3537 tibus
1065 3496 1168 3551 sensa,
1181 3481 1324 3556 vivasque
1342 3481 1513 3541 divinorum
1530 3483 1674 3556 imagines
1686 3485 1764 3544 inse·

136 3571 299 3627 creatarum
309 3581 411 3625 rerum
419 3566 549 3624 discordi
558 3569 586 3623 et
596 3565 745 3636 variegata
758 3569 928 3639 concordia,
970 3568 1082 3634 rorent,
1095 3566 1206 3638 quibus
1219 3571 1248 3623 et
1261 3566 1462 3641 semetipsum,
1475 3568 1664 3643 coelestesque
1679 3584 1763 3628 men·

136 3651 300 3710 beneficam
316 3651 450 3722 ejusdem
468 3650 612 3723 abyssum
617 3668 625 3719 ;
643 3661 679 3706 cx
693 3649 793 3721 amplo
809 3649 863 3707 illo
876 3666 930 3709 coe-
970 3650 1024 3718 tes,
1034 3651 1189 3721 creataque
1201 3649 1349 3719 omnia,et
1361 3649 1511 3724 quidquid
1525 3651 1565 3708 ad
1576 3650 1652 3708 bene
1665 3651 1762 3712 beate·

136 3739 266 3793 tororum
275 3733 411 3791 omnium
420 3733 587 3806 spirituum,
598 3748 770 3810 corporum,
780 3736 929 3806 motuum,
971 3746 1030 3805 que
1046 3731 1208 3788 vivendum
1226 3747 1282 3790 nos
1299 3733 1489 3806 manuducit,
1507 3738 1568 3791 tam
1583 3733 1762 3808 luculenter,

136 3824 364 3892 temporumque
380 3814 550 3890 complexu,
572 3817 760 3873 eternitatem
782 3815 930 3873 immensi·
971 3829 1063 3888 quam
1084 3813 1228 3872 benevole
1249 3819 1278 3873 et
1300 3818 1446 3891 sapienter
1467 3817 1653 3876 describeret.
1676 3819 1763 3889 Quod

136 3907 285 3976 talemque
305 3899 465 3957 conditoris
485 3899 638 3969 metimur,
650 3903 678 3956 et
697 3899 829 3973 quadam
844 3903 929 3957 tenus
972 3897 1133 3956 demiratus
1146 3897 1242 3969 legem
1251 3899 1300 3955 Dei
1312 3900 1409 3958 israeli
1423 3901 1584 3959 dictaturus
1593 3903 1684 3959 lloses
1695 3917 1763 3960 nos·

136 3985 336 4059 pervidemus.
351 3985 394 4040 lta
406 3999 443 4040 ex
455 3982 588 4056 pondere
601 3982 790 4052 eorumdem,
805 3997 929 4040 numero
971 3983 1025 4050 ter,
1041 3983 1118 4037 Dect.
1134 3995 1174 4051 rr,
1189 3984 1205 4037 'l
1221 3997 1228 4036 ε
1247 3983 1316 4037 «En
1329 3983 1470 4055 populns,
1480 3985 1634 4056 exclamat,
1647 3985 1763 4058 sapiens

136 4072 164 4125 et
172 4081 313 4126 mensura
321 4065 567 4138 sapientissimam
573 4064 673 4137 magni
683 4065 772 4135 hujus
778 4064 930 4123 architecti
972 4067 1000 4122 et
1012 4063 1188 4134 intelligens,
1200 4079 1272 4134 gens
1283 4080 1391 4136 magna
1398 4085 1407 4134 ;
1420 4081 1474 4123 nec
1484 4069 1527 4124 est
1540 4068 1598 4126 alia
1611 4070 1691 4127 natio
1702 4076 1764 4128 tam

136 4153 241 4223 πρόνοιαν
251 4191 260 4220 ,
272 4162 524 4221 numerosamque
536 4152 565 4204 et
575 4147 648 4205 mire
662 4148 838 4206 concinnam
852 4148 882 4204 in
893 4161 930 4205 eo
972 4147 1103 4218 mendis,
1114 4162 1182 4219 quae
1194 4145 1302 4203 habeat
1315 4146 1387 4204 deos
1401 4149 1673 4224 appropinquantes
1688 4151 1763 4210 sibi:

137 4233 293 4306 cujuslibet
309 4236 421 4289 uaturae
437 4231 626 4290 harmoniam
648 4231 806 4305 ideamque
828 4231 930 4289 mirari
973 4246 1041 4305 quae
1053 4235 1097 4288 cst
1109 4231 1187 4288 enim
1203 4229 1261 4287 alia
1272 4245 1344 4302 gens
1354 4231 1395 4288 sic
1408 4231 1535 4306 inclyta,
1549 4235 1699 4292 uthabeut
1710 4250 1765 4292 ce·

137 4321 165 4375 et
176 4317 327 4390 suspicere
336 4314 404 4371 licet
413 4356 420 4380 ,
429 4329 497 4388 quas
510 4318 539 4371 et
546 4314 682 4388 primitus
692 4313 857 4389 quemlibet
865 4315 931 4372 uni·
973 4318 1137 4388 remonias,
1149 4317 1287 4390 justaque
1299 4315 1421 4388 judicie,
1435 4323 1464 4376 et
1477 4319 1645 4378 universam
1656 4321 1762 4394 legem,

79 4405 82 4412 '
135 4400 211 4458 versi
223 4399 315 4470 hujus
328 4401 454 4471 partem,
463 4397 531 4454 fixis
540 4400 569 4453 et
582 4397 712 4455 immotis
720 4397 809 4470 plane
821 4397 930 4469 modis,
973 4416 1065 4474 quam
1074 4415 1306 4473 egoproponam
1318 4399 1407 4457 hodie
1416 4405 1483 4458 ante
1493 4403 1596 4460 oculos
1605 4407 1762 4462 vostrost»
1874 4443 1878 4458 .

137 4487 275 4542 etseoum
284 4480 453 4554 etcomperi
461 4480 554 4538 cuivis
567 4478 652 4538 elteri
663 4481 740 4555 parti
753 4480 930 4538 amicissime
973 4484 1118 4556 Equidem
1131 4497 1223 4556 quam
1238 4481 1372 4540 mirabile
1384 4487 1427 4540 est
1440 4481 1533 4543 libros
1547 4501 1645 4544 sacros
1656 4488 1764 4546 divinae
1777 4488 1800 4532 S·
1816 4488 1882 4546 &dr

138 4565 317 4634 deduxerit,
330 4568 360 4621 et
378 4564 507 4622 amicum
526 4563 617 4620 hocce
635 4563 807 4632 vinculum,
821 4567 855 4619 ut
873 4566 930 4620 sta·
974 4566 1136 4637 Scriptura,
1152 4564 1323 4638 ipsissimas,
1338 4565 1471 4638 inquam,
1484 4583 1502 4624 a
1515 4569 1573 4625 beo
1584 4569 1624 4625 ad
1635 4585 1763 4644 nospcr-
1803 4553 1858 4595 ¹⁰¹³

1782 4619 1832 4656 saint
1841 4613 1879 4656 lit·

137 4649 190 4708 bili
202 4649 265 4707 fide
277 4647 442 4706 concordas
454 4645 733 4718 vnientviceajngi
747 4660 802 4704 suo
815 4644 930 4703 influxu
975 4649 1097 4721 scriptas
1111 4648 1237 4719 litteras,
1252 4651 1281 4706 et
1291 4647 1474 4705 indubitatos
1488 4649 1594 4706 divina
1605 4653 1764 4712 voluntatis
1776 4677 1827 4718 tera
1845 4673 1883 4721 ue

139 4731 285 4791 indivulse
299 4733 397 4788 servet
414 4734 443 4786 et
461 4733 586 4788 tueatur.
609 4731 669 4787 lloc
686 4729 751 4803 ipsa
770 4729 807 4787 de
826 4746 856 4786 se
876 4747 932 4804 pu·
974 4735 1071 4802 testes,
1085 4746 1201 4803 semper
1213 4730 1253 4788 ad
1266 4745 1389 4788 manum
1404 4731 1512 4788 habere
1518 4772 1528 4802 ,
1542 4733 1669 4792 lectitare
1683 4735 1766 4794 iden·
1792 4737 1871 4782 canoa
1960 4759 1962 4764 ·

140 4815 217 4874 blica
232 4830 308 4873 voce
329 4813 531 4887 depraedicans
548 4817 658 4870 aeterne
673 4813 835 4886 Sapientia,
850 4815 931 4871 Proo.
975 4813 1083 4884 tidem,
1098 4814 1216 4871 volvere
1229 4817 1258 4870 et
1271 4814 1440 4880 revolvere?
1453 4831 1544 4889 wem
1558 4832 1659 4889 suave,
1673 4835 1766 4893 quam

141 4916 206 4970 rm,
219 4902 258 4957 22
275 4917 283 4956 :
303 4897 458 4967 «Quando
477 4895 678 4971 preparabat,
697 4896 811 4970 inquit,
825 4896 932 4967 coelos,
975 4896 1072 4971 pium,
1081 4911 1172 4972 quam
1179 4896 1316 4971 salubre,
1328 4898 1523 4956 domesticum
1532 4899 1594 4957 dari
1604 4902 1688 4975 quod
1697 4917 1768 4960 con·
1779 4887 1883 4995 {ffloe'

141 4983 275 5054 aderam3
284 4980 410 5055 quando
423 4983 501 5038 cena
509 4979 573 5051 lege
582 4985 611 5036 et
619 4994 694 5054 gyro
703 4979 833 5037 vallabat
845 4979 934 5052 abys-
977 4980 1056 5038 sulas
1067 4981 1239 5052 oraculum,
1253 4997 1315 5056 qno
1332 4996 1395 5040 non
1408 4983 1572 5056 Apollinem
1586 4999 1622 5041 ex
1635 4985 1766 5059 tripode,

141 5085 203 5138 aos;
217 5067 345 5142 quando
359 5065 467 5122 aethera
479 5063 618 5122 firmabat
626 5079 755 5134 sursum,
764 5067 792 5120 et
806 5062 934 5121 librabat
977 5063 1030 5120 sed
1044 5066 1135 5121 heum
1149 5065 1248 5138 ipsum
1267 5062 1375 5122 clarius
1389 5066 1484 5122 multo
1497 5067 1660 5138 eleardus,
1674 5084 1767 5143 Qum

140 5151 231 5210 tontes
244 5165 396 5226 aquarum
404 5167 413 5221 3
429 5149 551 5222 quando
571 5147 774 5206 circumdabat
789 5147 864 5204 mari
878 5151 935 5204 ter·
977 5146 1094 5204 eveteri
1106 5163 1175 5205 arca
1188 5151 1216 5205 et
1227 5147 1387 5206 Cherubim
1395 5148 1634 5223 proloquentem,
1641 5153 1768 5212 audies?

142 5237 253 5294 mum
265 5250 370 5305 snum,
383 5237 413 5292 ot
425 5233 521 5305 legem
532 5230 664 5306 ponebat
677 5229 773 5304 aquis,
788 5244 825 5287 ne
839 5232 935 5288 trane·
978 5231 1037 5287 lloc
1050 5229 1198 5302 cogitabat
1212 5231 1240 5288 S.
1253 5231 1374 5289 Carolus
1387 5233 1582 5305 Borromaeus,
1598 5234 1671 5293 dum
1685 5252 1768 5295 senc·

142 5319 211 5378 irem
224 5321 302 5380 flues
311 5333 399 5390 suos;
409 5316 530 5392 quarmo
541 5313 729 5390 appendebat
737 5313 931 5372 tundamenta
977 5317 1037 5372 tam
1052 5313 1240 5388 Scriptorum,
1251 5313 1337 5388 quasi
1351 5315 1400 5374 bei
1410 5315 1539 5389 oracula,
1549 5319 1675 5378 nonnisi
1684 5319 1767 5380 nudo

315 5425 328 5474 t
1574 5417 1590 5474 l
1726 5423 1730 5434 ’
