4194 6034
309 305 364 384 tto
796 308 1349 390 conusnrenuruo'enssm,eu.
1368 313 1458 379 rru.

309 421 421 500 inquit,
441 423 591 482 audientes
610 423 758 481 diseamus
781 436 937 496 nunqnam
958 425 1106 497 negligere
1148 431 1176 484 et
1189 430 1396 484 momentanea
1411 430 1440 484 et
1453 437 1522 500 ques
1539 434 1618 499 sepe
1631 437 1695 482 non
1707 422 1941 498 1511111111-

310 511 389 567 dona
404 525 422 565 a
439 509 497 564 Deo
517 507 606 564 nobis
627 508 712 577 data,
732 521 830 580 neque
851 509 976 581 perdere
997 521 1106 580 magna
1148 525 1248 584 peram
1258 517 1441 582 permanent,
1450 511 1600 584 perpetuis
1609 507 1941 584 semperqucdurstnris

308 597 432 668 propter
451 605 544 665 parua
563 597 591 648 et
615 591 695 648 vilia.
716 593 809 659 Quare
828 593 924 660 enim,
945 593 993 648 dic
1015 591 1105 662 mihi,
1148 592 1349 666 praeferimus?
1368 593 1401 649 et
1418 594 1492 666 quid
1510 594 1566 649 trac
1587 593 1715 649 amentia
1733 591 1941 648 (111111111511

307 675 463 750 proposito
478 676 745 746 retrocessionem,
760 674 907 746 bonisque
928 675 985 730 illis
1005 675 1107 731 inette·
1147 677 1260 748 possiti
1278 677 1403 744 Quando
1422 680 1450 732 ct
1468 676 1526 732 illis
1544 676 1697 748 privamur
1714 673 1755 731 ob
1768 674 1895 731 nimium
1908 673 1941 728 in

307 757 429 832 bilibus,
440 762 480 818 tta
494 763 524 818 in
540 761 710 820 divitiarum
725 761 915 834 cupiditatem
925 761 1106 832 insanimus,
1147 760 1677 835 istaamorem,etnunquamlrispure
1687 759 1937 833 truipossimus.»

588 1089 593 1099 ’
660 1095 863 1200 cnidi
908 1093 1265 1198 VlGliSlMUld
1305 1095 1577 1202 audiuit.

915 1319 1119 1381 SYNOPSIS
1144 1319 1325 1380 caetris.

302 1504 381 1558 isone
394 1502 437 1555 laic
452 1499 485 1555 cto
499 1511 565 1554 uoco
577 1497 737 1552 instituitur
748 1495 831 1548 teres
844 1495 1052 1563 promissionum
1062 1494 1140 1564 111111,
1151 1500 1223 1566 puto
1234 1495 1404 1560 Glaucone,
1417 1498 1597 1552 tentationum
1607 1509 1712 1567 quoquae
1721 1511 1754 1552 oc
1763 1497 1937 1566 profectuum

341 1597 468 1653 Acrota.
484 1597 575 1651 Primo
593 1607 655 1662 erpo
669 1593 740 1646 Deus
760 1595 888 1661 apparet,
901 1595 927 1646 et
947 1591 1078 1646 benedicit
1099 1593 1205 1656 isaaco,
1216 1607 1327 1662 eumque
1341 1592 1429 1659 rtr'tot3
1441 1591 1513 1646 uode
1525 1591 1653 1657 seeundo,
1668 1607 1737 1648 uere
1751 1594 1796 1658 tl,
1810 1593 1935 1650 trucident

339 1699 365 1752 ei
383 1695 529 1758 derorum,
544 1695 689 1762 puteosque
707 1687 765 1758 ejus
782 1687 935 1742 obsentaret.
960 1689 1063 1753 tertio,
1078 1703 1147 1743 vers.
1166 1689 1216 1752 11,
1231 1703 1341 1744 rursum
1359 1691 1390 1743 tn
1408 1690 1535 1744 liusabec
1550 1689 1620 1743 Deus
1634 1689 1726 1744 lrooec
1744 1693 1935 1759 promissiones

336 1795 416 1864 petri
428 1793 518 1860 foetor
529 1791 628 1854 iterat,
641 1787 731 1858 itique
745 1785 822 1840 lscoc
835 1783 925 1852 fedus
939 1787 994 1839 init
1007 1801 1067 1842 eum
1081 1783 1224 1841 coortus.
1239 1784 1357 1852 Quarto,
1370 1799 1438 1841 uere.
1450 1783 1500 1856 31,
1513 1783 1586 1841 Esou
1598 1797 1694 1842 ucores
1706 1783 1831 1843 nareae
1844 1781 1933 1844 ducit.

347 1983 376 2047 1.
389 1979 468 2046 Oria
480 1984 590 2044 autem
605 1974 691 2040 ianre
700 1978 941 2061 superterram,
955 1978 1028 2060 post
1037 1993 1108 2037 earn
1118 1970 1321 2036 sterilitatem
1330 1970 1617 2060 quaeaecideratin
1626 1967 1929 2062 diebusAbrnham,

300 2087 380 2156 abiit
401 2086 489 2151 lsaac
511 2082 552 2149 ad
573 2077 762 2146 Alrimeleeh
782 2099 893 2165 regem
913 2076 1165 2143 Palestinorum
1184 2076 1219 2143 in
1237 2075 1370 2143 Genera.
1397 2076 1429 2142 1.
1456 2077 1684 2167 Apparuitque
1701 2078 1731 2146 ei
1749 2078 1928 2165 Dominus,

299 2203 331 2262 11
344 2193 389 2260 ait
405 2217 412 2258 :
433 2189 481 2258 Ne
496 2185 669 2256 descendas
684 2185 719 2251 11
732 2183 939 2273 AEgyptum,
960 2183 1013 2250 sed
1034 2181 1163 2273 quiesce
1176 2183 1212 2250 11
1228 2190 1332 2266 terra,
1350 2205 1450 2272 quam
1465 2181 1578 2249 dixero
1596 2181 1668 2250 tibi.
1684 2181 1717 2252 3.
1733 2182 1775 2251 Et
1787 2187 1929 2276 peregri·

298 2323 377 2368 nare
391 2299 426 2366 in
440 2321 498 2380 ea,
523 2315 645 2383 eroque
659 2301 788 2374 tecum,
810 2297 842 2356 et
859 2289 1048 2356 benedicam
1063 2289 1123 2355 tibi
1139 2313 1146 2354 :
1169 2289 1228 2355 tibi
1249 2288 1338 2355 enim
1352 2296 1384 2354 11
1396 2287 1514 2354 semini
1528 2296 1584 2356 luo
1598 2287 1683 2356 dabo
1697 2291 1865 2360 universas
1879 2315 1928 2362 re·

296 2408 410 2496 giones
425 2404 504 2486 bas,
523 2397 688 2488 complens
700 2397 927 2485 juramentum
946 2393 1035 2484 quod
1054 2395 1212 2484 spopondi
1227 2393 1395 2460 Abrabam
1413 2392 1498 2483 patri
1515 2402 1585 2462 tuo.
1601 2395 1634 2462 1.
1650 2396 1692 2464 Et
1706 2398 1927 2489 multiplicabo

295 2533 405 2579 semen
421 2519 517 2576 tuum
530 2507 615 2572 sieut
628 2503 738 2568 stellas
751 2500 825 2566 eoeli
840 2525 847 2565 :
864 2501 1014 2592 daboque
1028 2501 1164 2590 posteris
1178 2501 1244 2567 tuis
1260 2501 1430 2567 universas
1442 2501 1591 2588 regiones
1603 2502 1677 2588 bas,
1693 2512 1725 2571 at
1736 2505 1927 2574 benedicen-

296 2628 351 2684 tur
366 2619 402 2684 in
417 2613 540 2682 semine
554 2619 612 2678 tuo
628 2629 740 2676 omnes
754 2616 866 2695 gentes
880 2617 995 2690 terrae,
1017 2608 1047 2674 5.
1068 2629 1105 2675 eo
1120 2607 1209 2700 quod
1223 2606 1381 2674 obedierit
1394 2607 1561 2674 Abraham
1575 2609 1646 2676 voci
1662 2631 1761 2696 meae,
1777 2613 1809 2679 et
1821 2617 1927 2681 custo-

295 2723 392 2792 dierit
406 2729 564 2814 praecepta
578 2727 609 2785 et
623 2715 775 2784 mandata
791 2739 874 2798 mea,
891 2723 922 2780 et
937 2715 1147 2782 caeremonias
1160 2715 1314 2804 legesque
1327 2713 1515 2782 servaverit.
1532 2713 1565 2780 6.
1581 2710 1700 2782 Mansit
1713 2717 1824 2808 itaque
1840 2717 1925 2789 Isaac

294 2831 330 2896 iu
347 2828 491 2896 Geraris.
508 2828 539 2892 7.
556 2823 620 2903 011
634 2845 710 2890 cum
724 2822 982 2907 interrogaretur
995 2843 1015 2888 a
1028 2821 1109 2886 viris
1122 2820 1185 2887 loci
1198 2821 1289 2888 illius
1301 2843 1402 2911 super
1414 2843 1517 2888 uxore
1529 2845 1609 2907 sua,
1624 2825 1810 2914 respondit:
1826 2825 1926 2896 Soror

293 2957 366 3004 mea
380 2939 447 3018 est;
465 2933 619 2998 timuerat
632 2928 721 2995 enim
737 2927 886 2994 confiteri
901 2925 988 3016 quod
1003 2925 1065 2999 sibi
1079 2935 1162 2994 esset
1178 2927 1297 2994 sociata
1310 2927 1485 3017 conjugio,
1505 2937 1661 3018 reputans
1674 2953 1715 2998 ne
1729 2927 1814 3000 forte
1825 2931 1925 3001 inter·

282 3037 428 3110 ¹licerent
441 3061 518 3106 eum
532 3042 663 3126 propter
677 3033 768 3100 illius
782 3031 1075 3124 pulchritudinem.
1091 3035 1123 3100 8.
1141 3035 1291 3125 Cumque
1306 3033 1555 3124 pertransissent
1568 3033 1637 3102 dies
1649 3033 1805 3128 plurimi,
1820 3047 1852 3107 ct
1864 3037 1924 3108 ibi-

292 3150 366 3216 dem
381 3153 578 3226 moraretur,
594 3139 793 3232 prospiciens
805 3137 997 3206 Abimcleeh
1011 3163 1069 3206 rex
1082 3140 1334 3208 Palestinorum
1349 3163 1406 3232 per
1418 3139 1614 3227 fenestram,
1631 3139 1715 3211 vidit
1727 3167 1803 3212 euru
1814 3144 1924 3234 jocun-

292 3265 357 3321 tem
371 3275 446 3320 cum
462 3251 606 3318 Rebecca
619 3269 723 3315 uxore
737 3269 807 3314 sua.
829 3247 862 3313 9.
885 3246 926 3312 Et
946 3248 1098 3313 accersito
1111 3269 1171 3331 eo,
1192 3247 1239 3314 ait
1257 3271 1265 3312 ε
1286 3245 1500 3336 Perspicuum
1520 3255 1569 3314 151
1587 3249 1677 3338 quod
1691 3273 1775 3319 uxor
1787 3253 1921 3320 tussit:

292 3383 351 3427 cur
373 3357 529 3426 mentitus
549 3378 582 3422 es
605 3377 677 3422 eam
700 3373 844 3421 sororem
867 3361 959 3420 tuam
981 3357 1072 3419 15511
1097 3351 1301 3443 Respondit:
1325 3353 1437 3422 Timui
1458 3375 1500 3421 ne
1521 3375 1666 3422 morerer
1684 3362 1816 3448 propter
1836 3377 1920 3426 cam.

296 3467 347 3552 111.
364 3463 519 3554 Dixitque
533 3458 723 3528 Abimelech
740 3459 878 3540 :Quare
897 3457 1081 3548 imposuisti
1102 3459 1220 3526 nobis?
1242 3459 1348 3556 potuit
1365 3460 1450 3528 coire
1471 3459 1635 3552 quispiam
1654 3459 1694 3528 de
1711 3459 1834 3553 populo
1847 3487 1923 3532 cum

293 3591 396 3638 uxore
413 3577 488 3648 tua,
504 3575 536 3633 et
553 3566 729 3632 induxeras
746 3585 917 3654 supernos
933 3564 1056 3650 grande
1075 3574 1254 3653 peceatum.
1275 3565 1500 3656 Praeeepitque
1514 3567 1605 3634 omni
1622 3569 1765 3658 populo,
1787 3567 1921 3638 diceus:

296 3677 347 3742 11.
364 3674 429 3756 Qui
444 3671 585 3759 tetigerit
598 3670 741 3736 hominis
758 3669 859 3759 hujus
878 3691 1037 3752 uxorem,
1060 3679 1164 3737 morte
1179 3671 1349 3740 morietur.
1374 3672 1426 3738 11.
1451 3671 1542 3738 Sevit
1558 3681 1669 3740 autem
1687 3673 1776 3743 15111
1788 3676 1822 3742 11
1838 3685 1924 3744 terra

292 3782 372 3863 illa,
387 3787 419 3845 et
431 3775 558 3844 invenit
571 3774 606 3840 iu
620 3775 690 3864 ipso
703 3795 790 3840 anno
804 3775 1017 3863 centuplum,
1037 3775 1271 3866 benedixitque
1285 3778 1315 3845 ei
1328 3777 1500 3846 Dominus.
1524 3778 1576 3846 13.
1593 3779 1634 3846 Et
1647 3780 1863 3872 locupletatus
1875 3789 1924 3850 est

292 3890 403 3969 homo,
420 3892 451 3950 et
465 3883 533 3962 ibat
546 3879 719 3971 proficiens
731 3889 829 3970 atque
843 3902 1056 3965 succrescens,
1073 3881 1176 3949 donec
1192 3905 1332 3970 magnus
1345 3883 1555 3952 vehementer
1566 3884 1699 3954 effeetus
1712 3893 1780 3954 est:
1797 3889 1848 3955 11.
1865 3887 1923 3956 ba·

291 3993 365 4061 buit
379 4013 511 4080 quoque
524 3989 738 4078 possessiones
751 3988 865 4056 ovium
879 3994 912 4056 11
924 3997 1169 4075 armentorum,
1190 3997 1222 4056 et
1235 3989 1369 4058 familiae
1386 3990 1580 4080 plurimum.
1601 3989 1651 4060 Ob
1665 3991 1726 4060 boc
1738 3991 1922 4062 invidentes

292 4100 321 4168 ei
336 4094 502 4165 Palaestini
515 4148 524 4179 ,
549 4095 602 4162 15.
621 4117 735 4162 omnes
752 4104 888 4185 puteos,
911 4115 995 4185 quos
1009 4095 1158 4164 foderant
1171 4096 1257 4164 servi
1271 4096 1372 4186 patris
1392 4096 1483 4163 illins
1496 4096 1684 4181 Abraham,
1703 4098 1762 4166 illo
1775 4107 1921 4191 tempore

292 4205 545 4286 obstruxerunt,
567 4199 739 4292 implentes
752 4199 854 4269 humo
869 4227 877 4268 :
900 4199 953 4268 16.
973 4202 1008 4269 11
1029 4209 1178 4288 tantum,
1194 4211 1230 4269 ut
1243 4203 1312 4294 ipse
1326 4201 1516 4270 Abimelech
1534 4199 1654 4269 diecret
1667 4203 1707 4270 ud
1721 4203 1810 4272 lseac
1825 4229 1833 4271 :
1858 4203 1921 4273 lie-

290 4313 367 4380 cede
380 4334 400 4378 a
413 4307 526 4389 nobis,
546 4305 703 4396 quoniam
718 4307 881 4398 potentior
895 4305 990 4376 nobis
1003 4307 1107 4376 sactus
1120 4332 1154 4376 cs
1166 4309 1273 4376 valde.
1293 4309 1345 4374 17.
1361 4308 1402 4376 Ε1
1415 4309 1471 4375 1111
1485 4302 1670 4394 discedens,
1689 4318 1727 4376 11
1739 4311 1866 4378 veniret
1877 4307 1919 4380 ad

291 4425 467 4487 torrentem
490 4414 639 4496 Gerana,
663 4414 888 4504 habitaretque
907 4413 972 4498 ibi,
996 4415 1049 4482 18.
1069 4437 1202 4482 rursum
1221 4413 1302 4481 fodit
1319 4413 1400 4481 alios
1420 4421 1553 4504 puteos,
1575 4435 1658 4504 quos
1671 4415 1821 4484 foderent
1833 4418 1920 4486 servi

289 4525 391 4620 patris
411 4523 463 4590 sui
477 4520 643 4589 Abraham
656 4572 665 4604 ,
680 4527 712 4587 11
729 4543 832 4610 quos,
857 4521 915 4588 illo
933 4529 1085 4606 mortuo,
1107 4521 1188 4588 olim
1207 4520 1436 4588 obstruxerant
1456 4518 1655 4586 Philistiim:
1677 4521 1920 4615 appellavitque

290 4654 345 4700 cos
359 4625 479 4698 eisdem
493 4625 683 4695 nominibus
695 4626 817 4716 quibus
830 4635 905 4694 ante
919 4636 1010 4718 pater
1024 4635 1208 4696 vocaverat.
1227 4627 1279 4694 te.
1296 4625 1528 4716 Foderuntque
1542 4625 1576 4692 iri
1590 4625 1768 4712 Torrente,
1783 4637 1816 4695 et
1828 4651 1919 4722 repe-

289 4743 405 4806 rerunt
426 4755 546 4824 aquam
566 4733 688 4800 vivant.
710 4731 768 4798 20.
792 4731 857 4799 Sed
879 4733 978 4799 stibi
996 4732 1148 4823 jurgium
1169 4732 1233 4800 1111
1254 4741 1421 4822 pastomm
1444 4732 1575 4802 Gerurae
1599 4731 1756 4800 adversus
1777 4741 1919 4824 pastores

288 4841 394 4924 Isaac,
414 4839 618 4906 dicentium:
642 4836 759 4904 Nostra
771 4846 819 4902 est
832 4859 943 4927 aquo:
964 4861 1065 4928 quam
1084 4838 1126 4906 ob
1147 4862 1216 4906 rem
1236 4861 1356 4906 nomen
1371 4839 1482 4929 putei,
1505 4862 1544 4907 ex
1567 4861 1606 4907 eo
1625 4839 1715 4930 quod
1738 4839 1917 4928 acciderat,

288 4944 416 5014 vocavit
429 4943 648 5012 Calumniam.
666 4943 720 5010 11.
738 4941 905 5010 Foderunt
920 4953 1029 5011 eutem
1044 4955 1075 5012 et
1089 4946 1193 5012 alium
1210 4969 1218 5011 ε
1238 4953 1272 5012 et
1284 4967 1344 5036 pro
1358 4945 1417 5014 illo
1430 4967 1563 5038 quoque
1576 4945 1675 5012 rixati
1688 4953 1786 5032 sunt,
1808 4948 1919 5038 appel·

288 5049 436 5141 lavitque
449 5073 548 5135 eum,
563 5047 765 5116 inimicitias.
783 5047 837 5115 11.
853 5049 1022 5118 Proiectus
1035 5051 1111 5118 inde
1125 5051 1208 5118 111111
1220 5052 1325 5120 alium
1339 5061 1491 5143 puteum,
1508 5075 1568 5143 pro
1582 5076 1649 5144 quo
1665 5075 1731 5121 non
1746 5051 1918 5122 contendo·

288 5163 369 5225 runt
393 5180 402 5222 :
422 5155 534 5244 itaque
546 5155 676 5223 vocavit
688 5177 808 5222 nomen
823 5154 894 5245 ejus
906 5155 1079 5242 mutando,
1099 5159 1209 5226 dicens
1225 5183 1233 5226 :
1254 5159 1350 5228 Nunc
1363 5159 1512 5228 dilatuvit
1525 5181 1585 5228 nos
1597 5159 1778 5246 Dominus,
1793 5168 1826 5228 ct
1842 5159 1918 5228 11111

286 5279 427 5329 crescere
446 5284 544 5350 super
563 5269 693 5329 terram.
716 5262 770 5330 13.
794 5263 950 5330 Ascendit
970 5271 1080 5331 autem
1098 5288 1140 5332 ex
1159 5266 1218 5332 illo
1232 5266 1303 5333 loeo
1322 5265 1357 5332 in
1375 5266 1552 5348 Bersabee,
1576 5265 1629 5333 it.
1650 5265 1697 5333 ibi
1715 5266 1867 5358 apperuit
1885 5265 1922 5334 ei·

269 5423 274 5437 .
287 5362 449 5434 Dominus
461 5363 497 5434 11
511 5365 581 5457 ipse
593 5375 708 5458 nocte,
723 5367 833 5436 dicens
851 5394 858 5434 :
875 5364 944 5458 Ego
959 5393 1031 5438 sum
1047 5371 1135 5440 Deus
1148 5373 1314 5440 Abrelrum
1331 5371 1430 5460 ptris
1446 5369 1515 5455 tui,
1531 5371 1600 5437 noli
1612 5372 1748 5456 timere,
1762 5370 1842 5460 quia
1855 5388 1917 5458 ego
