4042 6032
1623 403 1742 462 txxxix

119 505 194 566 etail
204 505 330 588 tornare
344 505 378 564 tn
388 505 522 581 physicis
532 507 599 566 luce
612 510 676 568 erat
687 506 855 580 obscurius,
867 522 905 568 ea
984 507 1169 568 nocentiores
1187 507 1313 583 qudam
1334 505 1520 580 coniiciendo
1546 511 1741 580 asseruerunt,

118 605 188 648 nuno
199 589 309 648 reterre
321 593 351 648 et
363 588 492 650 examini
506 589 661 664 subiicere,
675 607 787 651 vanum
800 591 903 652 saltem
947 590 1130 650 iucemhanc
1139 593 1262 649 etiarm
1276 607 1339 650 esse
1348 591 1412 666 qui,
1421 591 1453 649 in
1462 591 1741 664 motupositus‚un-

119 675 193 734 toret.
211 675 362 734 «vamum
376 674 544 750 aniquie.»
567 675 690 750 Physica
703 679 803 734 tamen
817 675 901 734 disci-
947 675 993 734 dis
1007 677 1068 735 suis
1080 679 1181 736 lucem
1193 681 1324 749 generat.
1340 680 1457 746 Verum,
1472 680 1506 733 ut
1517 676 1590 746 dixi,
1603 677 1741 734 atheram

118 759 191 836 plina
210 759 390 818 senmntiam
403 759 605 834 quorumdam
617 762 752 818 veterum
768 759 902 817 liebroeo·
946 760 1119 835 aprinoipio
1128 766 1261 819 creatum
1275 776 1413 818 unacum
1423 761 1497 819 coelo
1511 765 1540 818 et
1556 765 1633 818 terro
1642 765 1740 819 ienen-

119 860 176 902 rum
190 858 255 902 non
280 843 473 918 improbaret,
497 842 673 916 dicentium,
699 843 798 901 lucam
818 843 902 900 illam
946 843 1021 903 dum
1034 851 1087 903 cst.
1103 848 1243 903 ereurea
1255 845 1345 902 ather
1358 861 1376 902 a
1389 845 1455 902 luce
1469 844 1585 913 differt,
1599 842 1642 902 uti
1654 860 1740 904 aare

119 927 196 986 tuisse
209 927 309 986 lucam
322 929 404 998 solis,
419 927 557 1003 quamvis
574 931 658 986 terres
672 927 809 986 noudum
832 942 902 984 con·
945 929 1060 998 sonitu;
1074 944 1129 1004 per
1142 943 1173 985 se
1188 928 1267 986 enim
1277 942 1340 985 non
1353 927 1441 998 lucet,
1453 928 1509 986 nisi
1523 928 1556 986 in
1565 927 1619 986 illo
1628 927 1666 986 ab
1679 927 1739 986 alio

119 1011 201 1087 spicui
212 1010 262 1085 (t).
288 1014 367 1070 liano
390 1011 566 1069 sententiam
587 1015 704 1068 secutus
724 1014 768 1069 est
785 1011 814 1069 S.
827 1009 900 1070 Tho·
945 1026 1070 1086 corpore
1079 1027 1134 1085 par
1145 1014 1246 1070 motus
1257 1010 1556 1070 communicationem
1563 1011 1652 1069 unda
1663 1011 1741 1070 aci·

118 1111 172 1154 mas
183 1093 238 1168 (i),
252 1097 282 1152 et
303 1097 373 1168 post
385 1109 455 1152 eum
468 1094 648 1165 Augustinus
661 1094 835 1165 liugubinus
851 1095 900 1170 (3),
944 1097 1058 1166 tentur;
1073 1093 1209 1169 adeoque
1221 1109 1277 1170 per
1289 1110 1321 1153 sa
1331 1109 1386 1152 nec
1399 1093 1458 1153 dict
1470 1098 1643 1169 potesttttt,
1654 1096 1739 1171 quod

117 1176 902 1252 ιιιιιιιιιιιι,ιιῑοο1οιιιιιιοιιιοιοιιιιςιομιριι-
945 1182 988 1235 est
1001 1181 1050 1235 tuo
1064 1178 1114 1237 val
1125 1181 1198 1236 catos
1216 1181 1303 1237 locens
1320 1193 1374 1237 eeu
1393 1179 1482 1250 ignis,
1504 1193 1561 1237 nec
1578 1179 1739 1256 opponitur
1860 1219 1864 1226 -

118 1262 189 1331 dios,
201 1266 235 1319 et
245 1261 376 1318 Peresius
388 1261 442 1334 qui
451 1260 578 1336 scripsit,
592 1264 622 1319 et
632 1259 756 1319 tortasse
770 1277 840 1320 cum
847 1277 913 1318 ver
944 1262 1093 1334 tenebris,
1107 1277 1163 1321 nec
1180 1261 1379 1337 appellandus
1401 1265 1445 1320 est
1469 1263 1543 1329 dice,
1561 1279 1638 1321 vers.
1656 1267 1691 1336 t,
1708 1269 1735 1323 5.

117 1346 200 1414 ritate,
207 1344 269 1402 alio
282 1345 375 1404 modo
386 1361 453 1403 eam
462 1343 610 1418 explicare
619 1349 901 1420 conantes,eprope
980 1349 1108 1416 Terram,
1121 1349 1191 1421 post
1203 1346 1391 1415 arcedonem,
1405 1359 1547 1417 magnam
1559 1346 1739 1420 pulvisculo·

117 1431 232 1490 modurn
241 1429 500 1504 inexplicabilibus
508 1427 732 1487 diiiicmmtibus
742 1428 900 1503 impeditos
944 1443 1012 1486 rum
1025 1444 1041 1484 e
1053 1428 1143 1487 varis
1156 1429 1325 1489 substantiis
1340 1428 1551 1502 conglobatam
1570 1431 1738 1503 congeriem

117 1513 314 1588 stimplicatos
326 1513 456 1570 teneri.»
483 1515 567 1570 Putat
586 1513 764 1581 &boutema
778 1513 815 1588 (5)
828 1513 900 1573 eolis
943 1509 1181 1581 intercisiones
1194 1513 1327 1572 Andreae
1341 1517 1379 1572 lte
1391 1516 1452 1574 buo
1460 1514 1500 1587 (6)
1512 1513 1669 1573 arbitratus
1682 1520 1737 1588 est,

114 1599 167 1670 iam
178 1596 267 1654 creati
280 1612 394 1670 suaque
405 1596 470 1668 jam
479 1595 546 1654 luce
556 1594 696 1670 fulgentis
709 1595 821 1668 radios,
831 1613 900 1656 cum
944 1594 997 1668 qui
1010 1598 1153 1670 praterea
1171 1595 1337 1668 asserebat,
1351 1611 1463 1672 equam
1475 1601 1540 1656 tum
1553 1596 1675 1672 quidem
1689 1615 1738 1656 cx·

116 1681 196 1740 densa
214 1680 349 1756 quidm
370 1684 459 1754 atque
478 1694 573 1752 opaca
594 1679 691 1739 omnis
708 1681 823 1752 generis
836 1697 900 1739 cor·
943 1678 1045 1750 titisse,
1052 1695 1158 1738 rerum
1171 1695 1234 1740 non
1246 1681 1278 1738 in
1289 1680 1406 1756 liquido
1416 1685 1505 1753 statu,
1514 1697 1552 1740 ex
1565 1680 1737 1741 deiectuca·

115 1765 302 1843 pomulorum
312 1761 523 1822 commixtione
537 1763 748 1833 detinerentur,
761 1764 801 1821 ad
814 1763 901 1822 tollu-
940 1761 1016 1819 ioris
1029 1761 1098 1838 qul,
1117 1762 1375 1839 quemadmodum
1387 1765 1530 1840 chymicis
1539 1764 1740 1825 combinatio·

115 1864 169 1907 rem
189 1849 220 1906 in
240 1847 389 1922 principio
402 1862 464 1905 non
487 1847 672 1920 pervenisse:
692 1851 899 1922 posteavero,
942 1845 1032 1904 nibus
1054 1847 1237 1906 necessarius
1256 1851 1316 1918 eat,
1337 1846 1379 1906 ita
1400 1849 1511 1922 pariter
1531 1847 1691 1924 requiritur
1704 1851 1736 1906 ut

115 1933 204 2006 opacis
220 1932 282 1990 illis
299 1925 453 1990 moleculis
468 1947 577 2004 magna
590 1946 627 1988 ex
640 1935 724 2005 parte
736 1931 900 2005 praecipita·
943 1933 1050 1987 statum
1067 1929 1154 1988 illum
1166 1945 1247 2006 aqua
1259 1931 1402 1991 obtineat.
1424 1931 1515 2004 igitur
1528 1935 1560 1989 ut
1573 1931 1736 1990 solveretur

114 2013 154 2086 tis,
164 2019 330 2088 penetrasse
341 2013 471 2072 solarem
483 2013 582 2072 lucam
594 2029 690 2088 usque
703 2015 743 2072 ad
757 2018 840 2073 terra
850 2031 899 2074 su·
942 2027 1038 2086 aqua,
1061 2013 1095 2071 in
1106 2028 1201 2088 eaque
1214 2013 1385 2074 substantias
1397 2019 1524 2086 catera,
1536 2030 1655 2074 necesse
1668 2015 1735 2085 tuit,

114 2097 270 2174 perficiem,
287 2112 351 2155 non
367 2101 467 2156 tamen
487 2096 560 2155 solis
575 2095 682 2156 tamem
698 2097 796 2155 telluri
808 2098 898 2157 tuisse
942 2100 975 2153 ut
992 2095 1135 2171 pulverea
1155 2096 1208 2156 illa
1226 2099 1378 2170 congeries
1401 2115 1497 2174 usqua
1519 2099 1558 2156 ad
1571 2098 1734 2174 quamdam

113 2182 309 2254 conspicuam,
323 2195 359 2238 οο
379 2177 464 2254 quod
476 2195 587 2253 magna
600 2179 645 2238 vis
658 2181 747 2255 aquai
765 2181 896 2256 vaporis,
940 2178 1220 2254 profunditatemab
1230 2183 1294 2252 igne
1305 2185 1520 2256 penetraretur,
1529 2197 1637 2257 exque
1647 2187 1734 2242 enata

112 2265 297 2339 ingentesque
318 2263 436 2323 moute
457 2264 566 2323 coelum
592 2267 790 2336 contegerent
809 2265 897 2324 Plane
940 2261 1050 2321 solutio
1069 2265 1212 2338 temperie
1232 2263 1374 2338 abymicis
1391 2265 1614 2338 operationibus
1634 2281 1734 2325 neces-

111 2355 140 2407 ιιι
150 2354 177 2407 et
185 2350 279 2408 modo
292 2346 338 2419 tit,
352 2347 474 2422 quaudo
484 2347 660 2408 nubilosum
672 2351 716 2406 est
726 2347 845 2407 coelum.
855 2353 897 2408 lta
940 2345 1165 2421 anteponeret.
1181 2349 1272 2418 ignia,
1288 2346 1329 2404 ait
1342 2349 1381 2405 tie
1394 2349 1470 2418 buc,
1482 2347 1517 2405 iit
1533 2364 1571 2405 ex
1583 2349 1735 2408 combina-

111 2433 230 2492 aentiunt
252 2435 283 2490 et
298 2431 384 2504 angli
402 2431 562 2507 Scriptores
581 2433 712 2490 ausone
724 2434 895 2490 autumatis.
939 2425 1019 2486 tione
1040 2426 1115 2486 lucis
1128 2445 1197 2488 eum
1218 2431 1346 2488 clarente
1359 2423 1455 2500 igniet
1479 2435 1551 2501 argo
1574 2431 1733 2506 oportebat

109 2517 166 2577 tine
177 2520 255 2576 certe
269 2531 366 2590 neque
379 2513 501 2587 ratium,
526 2527 625 2589 neque
646 2515 774 2575 ιοίοιιιίιο
793 2515 896 2576 adver·
940 2527 1009 2570 cum
1022 2511 1088 2570 aliis
1100 2512 1405 2572 omnibuselamentis
1416 2512 1515 2572 lucem
1528 2514 1731 2588 conjungitur

109 2606 217 2660 santur:
241 2601 354 2658 densos
372 2602 472 2658 autem
484 2613 614 2672 vapores
626 2598 704 2656 circa
714 2602 825 2658 terram
835 2598 897 2674 prt-
938 2595 994 2654 bae
1006 2595 1132 2657 coitione
1144 2597 1485 2673 unaphnnomenorom
1506 2598 1641 2658 omnium
1660 2613 1732 2674 geo-

108 2685 158 2744 nis
170 2683 359 2760 temporibus
372 2681 463 2742 tuisse
475 2683 709 2756 agglomeratus,
729 2681 807 2740 bene
820 2681 896 2742 iudi·
938 2677 1104 2751 logicorum
1123 2683 1168 2738 est
1190 2679 1276 2752 origo
1295 2680 1467 2754 repetenda.
1488 2683 1554 2740 iam
1575 2697 1649 2742 vero
1667 2684 1731 2744 hac

109 2773 182 2826 catur
193 2768 225 2826 ia
241 2766 326 2826 libro
343 2765 393 2822 lot
407 2779 526 2834 mviii,
539 2766 568 2823 9.
592 2766 701 2822 verum
713 2779 783 2822 oum
795 2763 828 2821 in
839 2765 896 2824 hac
939 2764 1006 2820 bide
1024 2761 1175 2838 copulatio
1196 2777 1266 2821 cum
1278 2777 1377 2820 massa
1388 2764 1517 2821 terrestri
1529 2780 1548 2822 a
1560 2764 1644 2825 nulla
1655 2767 1732 2842 phy·

108 2849 251 2910 Quaeri
266 2847 616 2922 sententiaponaturjam
628 2863 647 2906 a
659 2847 759 2920 primo
770 2846 819 2906 die
829 2863 896 2920 spa·
938 2844 999 2904 sica
1011 2860 1117 2915 causa,
1137 2859 1206 2919 qua
1218 2842 1307 2903 nobis
1320 2844 1357 2902 sit
1369 2844 1503 2916 cognita,
1515 2847 1608 2922 repeti
1620 2854 1729 2923 potest.

107 2933 174 2992 ium
185 2930 466 3006 conceptarum,
483 2944 538 2987 seu
555 2929 614 2987 hoo
631 2928 764 3002 primum
776 2928 896 3000 casluim
937 2929 1014 2998 llrgo
1033 2930 1140 2986 nature
1163 2927 1228 3001 ipsa
1241 2926 1280 2984 de
1295 2924 1394 3000 prima
1416 2925 1466 2985 liei
1475 2927 1609 2998 iussione
1621 2947 1639 2987 a
1651 2933 1729 2992 ltosa

107 3017 234 3078 nonnihil
255 3011 444 3088 pellucidum
461 3012 588 3071 seesima
601 3025 657 3069 neo
675 3011 735 3070 iere
755 3011 788 3071 in
806 3027 838 3070 se
849 3027 896 3071 re·
936 3009 1028 3069 relata
1040 3023 1097 3067 nos
1114 3006 1184 3066 lacit
1196 3007 1344 3067 certiores.
1367 3010 1431 3066 flac
1450 3010 1576 3068 sualmis
1592 3013 1731 3086 physico-

106 3101 218 3158 ianime
230 3097 320 3158 uma
332 3111 425 3171 ιιιιιιι
439 3109 537 3154 aerem
553 3097 584 3152 et
596 3109 722 3168 aquam:
736 3093 813 3152 illud
825 3109 896 3154 oon·
937 3091 1064 3165 carnia
1084 3091 1225 3150 doctrinis
1237 3087 1371 3148 manere
1392 3088 1475 3148 baud
1487 3090 1608 3151 difficile
1631 3100 1708 3155 esset
1717 3116 1727 3170 ς

107 3178 490 3256 sequereurr,jamaprimo
503 3177 570 3252 ipso
579 3175 896 3237 diaeumierestatum
937 3174 992 3232 sed
1003 3174 1062 3231 troo
1073 3171 1105 3231 iu
1124 3171 1192 3231 loco
1210 3169 1244 3230 id
1256 3170 1453 3230 sanemarium
1465 3185 1528 3232 non
1547 3179 1631 3249 puto.
1654 3180 1728 3238 Satis

105 3265 344 3340 iuatmosphrera
356 3259 536 3330 obtinuisse,
554 3258 723 3333 cuiusmodi
741 3258 896 3318 exhibetur
938 3254 992 3314 erit
1004 3255 1253 3324 animadvertere,
1278 3253 1342 3312 lieo
1362 3253 1487 3312 omuino
1509 3256 1550 3314 ad
1570 3257 1727 3320 arbitrium

105 3349 185 3408 nobie
201 3351 275 3422 post
286 3360 366 3420 opus
378 3343 438 3402 diei
447 3340 593 3412 ¹secundi,
612 3351 688 3400 vers.
701 3343 731 3411 6,
743 3342 772 3411 ’1,
784 3341 816 3399 (ιι
832 3357 895 3416 quo
937 3337 1100 3410 excogitata
1110 3351 1190 3408 esse3
1204 3350 1260 3395 nec
1268 3335 1425 3395 vensimile
1436 3336 1532 3395 rideri
1543 3340 1637 3413 mind,
1648 3342 1728 3402 sire-

105 3432 299 3508 utmospharra
312 3426 471 3486 consituta
482 3427 628 3484 narretur.
642 3426 783 3484 rreum
794 3423 827 3481 in
839 3423 896 3482 heo
936 3434 1008 3478 vera
1031 3417 1141 3478 exstitit
1159 3417 1322 3478 sumtantia
1342 3419 1500 3493 illaquam
1518 3421 1557 3479 tie
1569 3423 1628 3480 Luc
1645 3425 1728 3487 iucem

104 3516 240 3573 ιοιιιοιιιίι
251 3507 454 3572 mauiiestatio
465 3506 538 3568 solis
550 3505 599 3566 die
611 3511 736 3581 quarto,
749 3521 826 3564 vers.
847 3507 897 3564 tt·
937 3502 1067 3578 appellet
1085 3505 1114 3560 et
1131 3501 1209 3561 adeo
1226 3501 1422 3560 necessariam
1439 3501 1602 3575 existimat,
1622 3504 1686 3564 heo
1708 3523 1728 3567 e

88 3617 90 3620 ·
105 3599 153 3668 ta,
168 3596 225 3655 luit
245 3591 443 3655 solummodo
456 3589 686 3665 aunosphaericm
698 3587 895 3647 defaecationis
938 3586 998 3643 lieo
1012 3599 1073 3643 non
1081 3583 1247 3644 innotuerit
1257 3587 1363 3654 creata
1376 3599 1472 3658 ιῃιιιιιι
1483 3583 1557 3641 alim
1569 3601 1726 3662 corporeae

102 3679 365 3756 complementum,
379 3675 464 3750 quod
476 3677 555 3734 astra
567 3672 666 3732 telluri
677 3670 805 3730 visibilia
816 3670 894 3729 lecit.
938 3666 1115 3726 substantias
1125 3665 1278 3725 existemie
1290 3665 1421 3724 donavit.
1435 3668 1578 3726 Pretersa
1589 3669 1667 3741 ignis
1674 3688 1728 3733 seu

103 3765 162 3820 flac
180 3763 274 3836 igitur
293 3758 467 3828 defecatio,
489 3756 641 3828 obiectum
660 3754 752 3813 divini
769 3753 895 3827 imperii,
937 3749 1020 3807 calor
1029 3749 1205 3818 luminoso,
1216 3750 1256 3807 ad
1263 3748 1470 3807 exsiccandam
1477 3752 1643 3810 miresuem
1652 3769 1729 3813 mas

102 3847 191 3904 mium
202 3845 264 3914 bis,
279 3846 372 3916 atque
385 3856 464 3914 opus
475 3838 580 3896 saltem
592 3839 723 3897 duorum
739 3853 758 3894 e
770 3851 821 3893 sex
834 3834 896 3893 die-
938 3847 1003 3890 sam
1015 3837 1045 3891 st
1056 3832 1096 3890 ad
1109 3847 1219 3906 ιᾳιιοιιι
1231 3831 1264 3890 (ιι
1274 3846 1399 3906 vapores
1411 3832 1618 3891 resolvendam
1631 3838 1728 3912 aptior

102 3927 165 3998 bns,
177 3926 272 4002 primi
285 3938 397 3997 nempe
409 3925 439 3980 et
450 3921 558 3995 quarti
571 3918 684 3978 luisset.
704 3919 804 3978 samm
816 3915 893 3975 dixi:
938 3918 996 3987 est,
1009 3929 1102 3989 quam
1118 3914 1159 3974 ad
1176 3931 1261 3989 aqua
1272 3913 1426 3974 materiem
1438 3914 1686 3988 liquefaciendum
1698 3925 1728 3979 st

102 4011 202 4068 namsi
213 4009 281 4083 iarn
294 4023 315 4065 a
325 4007 425 4082 primo
438 4002 691 4076 deatmosphmra
704 4004 767 4060 erat
778 4013 834 4058 nec
843 3999 896 4058 iile
937 3998 979 4056 sd
994 3997 1068 4056 alias
1079 3998 1112 4054 in
1123 3996 1189 4070 ipsa
1199 3994 1356 4054 mineralee
1371 3995 1550 4055 substantias
1564 3997 1728 4060 ὥιιοΙιιιι-

101 4093 215 4152 ιοΙᾰοι
231 4087 526 4167 omousianos,
540 4087 604 4143 esto
617 4082 812 4142 inanimulto
832 4096 895 4140 ma·
938 4079 1002 4138 das.
1029 4077 1141 4137 caloris
1161 4091 1233 4135 vero
1255 4076 1366 4148 gradus
1389 4077 1443 4153 qui
1461 4077 1501 4135 ad
1522 4079 1727 4144 ebullitionem

102 4173 144 4246 gis
159 4173 222 4232 uda
235 4191 245 4230 ι
260 4170 441 4248 quodnam,
462 4182 580 4242 quaec,
601 4164 724 4224 secundi
743 4163 802 4222 diei
818 4178 896 4236 opus
937 4177 1024 4237 aqua
1036 4159 1158 4230 sufficit,
1178 4159 1322 4218 luminosi
1342 4158 1449 4218 caloris
1469 4162 1611 4234 temperie
1637 4165 1727 4239 longe
1777 4173 1780 4180 “

101 4253 165 4327 lm't,
182 4255 242 4314 nisi
261 4254 367 4312 minus
379 4249 550 4325 imperfecta
570 4247 704 4320 eiusdem
721 4245 797 4305 aeris
810 4244 896 4303 deiae-
938 4249 983 4302 est
1005 4241 1142 4310 marioni
1166 4245 1195 4298 et
1213 4241 1282 4298 licet
1302 4256 1450 4314 ponamus
1470 4242 1596 4314 gradum
1622 4247 1729 4306 ebulli-

93 4326 740 4412 ‘cetio,quailia'atmospbseraportio,qua
753 4329 896 4386 internu-
937 4325 1026 4384 tionis
1039 4323 1140 4398 quoad
1157 4322 1430 4381 solutionemillam
1441 4321 1607 4384 (ιιίιιοιιοιι
1620 4331 1725 4390 icoc.
1792 4403 1796 4406 .

101 4420 149 4480 hes
164 4426 194 4480 θ(
206 4418 370 4478 inferiores
383 4430 477 4489 aquas
489 4411 656 4483 interjacet,
668 4410 817 4485 diaphana
830 4425 896 4468 eva·
938 4407 1005 4480 (tii
1018 4406 1105 4479 (ιι),
1126 4403 1181 4464 sed
1199 4407 1266 4462 200⁰
1283 4405 1332 4462 vel
1346 4406 1413 4474 tto·
1425 4408 1457 4463 c.
1485 4405 1727 4481 (respondentem

102 4503 188 4560 seritt
202 4503 249 4559 titi
264 4500 304 4558 fit
319 4497 443 4573 quando
456 4493 599 4552 humilior
611 4492 721 4550 nebula
733 4490 896 4559 resolvitur
922 4488 1084 4564 pressiori
1096 4491 1131 4546 t'l
1141 4486 1426 4560 atmosphterarumt,
1439 4487 1487 4544 tric
1501 4492 1601 4548 tamen
1614 4493 1727 4553 calore
1838 4565 1842 4574 ,

102 4585 144 4642 rel
154 4582 311 4652 ascendit,
334 4579 388 4637 sed
401 4576 509 4635 coelum
521 4573 602 4632 nube
625 4573 766 4631 mutiana
778 4573 894 4644 tegitur.
937 4572 1033 4644 gradu
1046 4571 1167 4630 lucentis
1180 4570 1286 4628 caloris
1299 4585 1352 4626 seu
1365 4568 1515 4641 ignitiouis
1529 4573 1655 4631 multum
1667 4574 1726 4633 dis-

101 4669 160 4724 lioa
171 4664 414 4724 videmr‘a'utem
425 4672 512 4732 posse
525 4653 658 4723 concedi,
672 4653 799 4729 quadiu
809 4655 896 4713 ttosis
938 4657 1028 4712 taret:
1042 4669 1104 4712 non
1116 4653 1205 4726 igitur
1216 4652 1292 4710 lucis
1306 4649 1383 4724 (titii
1395 4665 1507 4710 nomen
1519 4661 1689 4714 mercretur.
1735 4676 1736 4680 ¹

101 4751 268 4808 maone
291 4760 357 4804 nna
369 4733 533 4816 eademque
546 4737 678 4813 operatio
690 4735 739 4796 nis
751 4741 803 4796 aut
821 4741 865 4796 ter
877 4754 897 4796 a
972 4739 1082 4796 lxxiii.
1094 4736 1199 4806 Facile,
1209 4741 1244 4793 ut
1255 4736 1328 4793 mihi
1340 4735 1472 4806 videtur,
1482 4737 1628 4810 quidnam
1639 4740 1728 4802 tuerit

67 4893 69 4895 ,
101 4834 154 4892 lteo
165 4831 327 4908 praecepta
337 4825 503 4884 inducatur.
938 4819 992 4878 lux
1003 4820 1067 4878 hac
1079 4818 1267 4890 intelligitur,
1280 4819 1306 4873 si
1316 4815 1432 4889 legibus
1444 4832 1464 4875 a
1475 4818 1534 4876 lico
1551 4825 1662 4880 naiman
1672 4824 1727 4882 im·

937 4903 1042 4976 positis
1064 4901 1259 4960 attendamus.
1282 4898 1430 4958 lioleeulai
1453 4899 1642 4962 elementares
1666 4906 1726 4979 legi

128 4995 159 5060 tit
173 4991 251 5059 Apud
264 4981 817 5047 flfliiffl⁰ssid⁶m21m1i⁶⁰⁰0litbi·¹⁷⁰·
830 4977 893 5029 mit
938 4982 1110 5042 universalis
1124 4981 1272 5054 greuitdb
1284 4979 1471 5050 obedientes,
1489 4981 1587 5041 altera
1598 4986 1638 5044 ad
1653 4988 1727 5047 elte-

100 5065 222 5127 aaron„
235 5067 266 5114 et
279 5059 409 5110 manaa
418 5053 486 5118 *ΡΜ
495 5051 631 5104 V⁸i²b¹⁰¹¹¹
641 5050 668 5101 ¹¹·
677 5051 694 5100 ¹·
937 5083 1003 5126 ram
1016 5067 1183 5124 accederent
1200 5077 1318 5122 ιιοοοιιο
1337 5068 1416 5135 erat,
1433 5066 1521 5138 atque
1541 5067 1582 5126 ita
1600 5085 1668 5144 qun
1685 5073 1726 5130 ed
1795 5117 1799 5129 .

100 5119 770 5268 pfflffmffiffflssffigw'm
785 5116 893 5170 Μ’
937 5143 1725 5213 telluremnostrameiiormaudamiueranteoreatore

127 5272 161 5336 (ιι
173 5273 204 5322 ιιι
221 5266 393 5324 camede·

14 5341 15 5344 ‘
127 5325 738 5406 trimmm·1‚ouea.u,vu,vm
967 5315 1724 5388 (oucmmroaoeoemamerrupo

14 5449 15 5468 2
127 5411 162 5476 ot
175 5399 494 5474 musmonem
938 5391 1116 5447 manauco
1129 5387 1313 5444 resonos

14 5617 16 5694 ᾗ

14 5695 16 5756 )
