4236 6040
283 383 339 444 lib
769 375 1011 441 cohlfflbrlnln
1028 375 1063 434 ln
1080 372 1241 445 GENESlll,
1255 385 1323 434 ιιι.
1341 373 1428 433 xllx.

283 487 386 544 lomon
399 483 440 544 att
453 500 461 540 :
474 484 573 542 'larris
591 481 751 546 tortisslma
764 497 876 539 nomeu
889 479 1024 550 homiui,
1036 479 1077 537 ad
1156 483 1410 543 Bereurcrroaruus
1427 493 1540 540 muron
1561 493 1597 544 ur
1613 494 1712 539 roera
1720 521 1732 558 ,
1745 509 1782 525 -
1792 483 1827 540 ut
1838 481 1915 546 scill-

282 585 374 644 quam
388 567 560 640 confugiens
571 568 667 639 justus
679 565 861 624 liberatur.»
1121 567 1167 620 cet
1188 562 1299 620 habeas
1319 565 1476 640 copiosum
1495 563 1557 635 lac,
1571 563 1724 638 ioeturam,
1743 581 1778 624 ae
1796 568 1914 646 proles,

170 662 269 717 rnnnpu
317 653 410 709 Nota:
425 651 524 708 Bonus
543 649 680 724 princeps
699 649 805 724 populi
824 649 912 705 debet
929 663 992 705 esse
1006 663 1075 724 pas·
1122 650 1186 704 tum
1199 647 1389 717 animalium,
1403 651 1467 704 tum
1484 645 1651 706 hominu'm.
1668 651 1732 707 llaec
1748 648 1916 714 benedictio

165 723 270 829 mg}
282 741 329 796 tor
342 739 371 793 ει
383 735 476 810 lapis,
487 734 636 810 populum
649 733 792 805 firmam,
806 733 953 790 roborans
969 735 998 789 et
1013 747 1076 788 sus·
1120 731 1242 804 propria
1258 731 1344 804 quasi
1362 731 1521 804 Ephraim,
1536 732 1576 790 ab
1589 748 1626 790 eo
1640 731 1682 790 ob
1691 737 1814 808 peecata
1827 738 1856 794 et
1869 735 1916 794 ln·

165 851 186 891 ,
197 796 269 901 dupla.
282 823 407 879 tentans,
1120 813 1331 882 gratitudinem
1344 813 1399 872 suit
1411 817 1547 874 revocata
1560 817 1590 873 et
1603 815 1703 874 ablata
1709 859 1719 888 ,
1735 815 1800 876 Osee
1813 831 1843 875 11
1847 861 1857 890 ,
1869 821 1900 876 ll
1905 861 1915 892 ,

164 908 187 953 td
236 912 268 951 aa
316 905 450 972 Secundo,
464 903 516 962 alii
529 903 704 960 siculterius
718 902 883 978 explicant:
899 899 1029 970 aindas
1043 897 1076 956 ld
1121 895 1295 953 ubidicitur
1310 915 1318 954 ε
1335 898 1521 972 «Ephraim,
1536 899 1917 973 quaslavisavolarltglo·

168 969 264 1076 ωᾞξζῃ
282 993 374 1046 estex
387 987 515 1062 loseph,
529 987 694 1060 prodibunt
708 985 823 1059 lapides
838 988 865 1041 et
879 988 1030 1058 pastores,
1044 981 1076 1042 id
1120 979 1165 1036 ria
1178 995 1283 1038 eorum
1296 984 1353 1038 eta
1367 987 1465 1056 partu,
1476 987 1504 1040 et
1516 981 1556 1041 ab
1570 985 1666 1054 utero,
1676 987 1705 1040 et
1718 998 1737 1040 a
1749 989 1915 1060 conceptu:

173 1091 256 1151 pann.
282 1074 326 1128 est
348 1071 455 1142 dacae,
472 1071 586 1142 judiees
605 1076 634 1126 ει
656 1087 739 1142 reges
761 1068 864 1140 lsrael,
878 1072 951 1142 puta
970 1071 1074 1137 tosue,
1122 1063 1161 1119 da
1174 1063 1215 1120 eis
1228 1065 1349 1122 vulvam
1364 1067 1428 1122 sine
1440 1065 1556 1135 liberis,
1572 1069 1601 1124 et
1613 1065 1707 1124 ubera
1720 1067 1871 1126 arentia.»

282 1153 413 1226 llebora,
428 1155 562 1224 Gedeon,
576 1153 695 1227 tophis,
710 1155 785 1225 teir,
798 1153 982 1224 nbimeleeh,
996 1154 1076 1209 tero·
1157 1146 1335 1220 Attagenae,
1350 1149 1459 1222 loseph
1480 1154 1523 1205 cst
1545 1149 1689 1220 Christus,
1705 1166 1796 1224 quem
1816 1153 1918 1214 omnia
1931 1173 2030 1228 erupu-

281 1237 851 1310 boam,etregesdecemtribuun13hi
870 1238 949 1294 enim
971 1249 1076 1294 omncs
1122 1245 1251 1303 superna
1271 1236 1300 1289 et
1320 1231 1451 1302 inferna,
1470 1248 1575 1290 omncs
1599 1233 1697 1304 angeli
1719 1238 1749 1290 et
1769 1236 1865 1293 Sancti
1885 1238 1918 1296 in
1930 1236 2030 1308 muma-

281 1323 418 1398 prognati
433 1323 503 1380 su'nt
514 1338 550 1378 ex
563 1321 682 1393 loseph.
1121 1314 1214 1384 coelo,
1228 1329 1263 1371 ac
1276 1319 1374 1389 patres
1388 1317 1419 1372 in
1433 1315 1528 1374 limbo
1542 1315 1721 1374 benedicunt
1734 1322 1763 1374 et
1773 1319 1917 1394 adorant,
1943 1295 2025 1402 ,ῗὲἷί
2100 1359 2101 1362 ¹

318 1409 423 1473 Tertio,
438 1405 531 1480 aliqui
553 1421 609 1481 pro
630 1415 687 1486 [nrt
702 1406 783 1472 eben,
803 1405 836 1462 id
859 1407 902 1460 est
924 1402 1018 1476 lapis,
1037 1403 1077 1460 le·
1121 1413 1272 1472 quemque
1291 1399 1322 1455 in
1342 1399 1425 1457 terris
1439 1399 1564 1458 laudant
1583 1415 1688 1456 omnes
1700 1399 1804 1458 fideles
1819 1403 1919 1462 dicen·
1931 1371 2026 1476 anagia

214 1555 220 1566 ,
281 1495 382 1562 gentes
400 1489 518 1550 divisim
540 1497 575 1571 ιιι
588 1499 634 1550 :rt
651 1490 683 1544 ob
703 1491 766 1554 ben,
780 1487 883 1556 idest,
898 1492 981 1560 pater
1001 1493 1030 1544 et
1042 1486 1078 1542 fi.
1122 1483 1163 1537 tes
1178 1497 1246 1537 eum
1261 1481 1431 1540 Elisabeth:
1456 1482 1656 1540 «Benedictus
1676 1481 1790 1542 tructus
1806 1489 1917 1544 ventris
1937 1481 2024 1528 carim

281 1573 354 1646 lius,
366 1576 505 1640 vertunt:
523 1573 659 1646 «loseph
672 1587 808 1642 egressus
820 1574 863 1627 est
874 1574 975 1644 pastor
985 1571 1078 1643 patris
1121 1563 1179 1634 ῑιιῑς
1194 1584 1208 1618 a
1226 1569 1335 1620 etcum
1355 1565 1460 1634 altera,
1475 1581 1543 1640 quae
1563 1565 1595 1622 in
1615 1565 1703 1624 turba
1713 1568 1892 1628 exclamarit
1908 1591 1916 1628 ε

281 1657 376 1718 attilii
389 1657 494 1726 lsrael,
508 1675 523 1710 n
539 1655 571 1712 id
584 1660 636 1725 est,
651 1656 760 1728 loseph
772 1653 804 1710 in
816 1652 894 1710 lame
907 1651 988 1726 pavit
999 1657 1028 1709 et
1039 1655 1078 1710 ci·
1124 1664 1139 1698 t<
1149 1649 1250 1704 Btssluss
1265 1654 1365 1705 Vsssslffl'
1378 1649 1430 1724 ‘lui
1443 1654 1471 1706 ¹⁰
1485 1651 1629 1722 Formiis
1643 1654 1673 1708 0¹
1685 1650 1779 1709 Ubera
1789 1669 1857 1728 <1¹1ae
1869 1671 1919 1712 su-

255 1759 258 1770 ·
281 1741 363 1800 bavit
376 1743 437 1798 tam
449 1743 564 1812 patrem
578 1753 666 1796 suum
678 1737 788 1807 lsrael,
803 1752 896 1810 qaam
910 1737 973 1808 ejus
987 1735 1077 1794 lilios.
1121 1732 1216 1790 xisti.»
1227 1733 1393 1790 llursumin
1404 1732 1523 1806 ucolopr
1535 1733 1657 1792 idestln
1667 1737 1766 1794 anima
1775 1741 1918 1811 etmente,
1931 1757 2031 1804 aenam

281 1822 362 1882 Unde
375 1821 530 1880 thadeus
543 1823 606 1878 haee
620 1834 682 1878 non
694 1817 733 1876 ad
745 1819 863 1894 loseph,
874 1819 926 1876 sed
938 1818 977 1876 ad
991 1819 1078 1886 abbir,
1121 1812 1294 1872 benedictus
1316 1815 1372 1872 fuit
1394 1817 1541 1888 Christum
1562 1819 1777 1892 quiaaprimo
1799 1820 1919 1880 instanti
1951 1820 2018 1892 traua

282 1907 386 1976 idest,
402 1908 493 1963 ileum
513 1909 663 1978 potentem
680 1902 782 1961 iacobi
801 1902 946 1974 reterens,
961 1903 1001 1960 ita
1014 1918 1079 1958 ver·
1121 1899 1321 1974 conceptionis
1345 1917 1405 1957 suae
1428 1901 1535 1974 plenus
1557 1900 1613 1958 fuit
1635 1903 1729 1973 gratia
1752 1907 1780 1960 et
1801 1904 1916 1984 gloria,
1931 1881 2027 1998 fflqss

281 1989 326 2060 tlt,
343 1989 451 2060 «eujus
464 1987 533 2060 (nei)
549 1987 642 2046 verbo
652 1987 856 2058 gubernantur
870 1991 967 2058 putres
981 1987 1009 2042 et
1024 1985 1079 2043 filii
1121 1980 1222 2039 fruens
1242 1985 1316 2054 llco,
1331 1984 1453 2058 ipsaque
1473 1983 1587 2042 visione
1607 1985 1657 2042 liei
1674 1986 1779 2044 beatus
1798 2005 1807 2044 ε
1827 1988 1920 2046 bene-
1957 2006 2010 2060 quur

255 2139 257 2146 .
281 2071 413 2130 tribuum
435 2071 533 2130 lsrael.
548 2090 562 2126 u
583 2073 691 2128 Verum
704 2069 818 2143 primus
832 2087 935 2125 sensus
949 2069 1078 2128 maxime
1122 2065 1216 2124 dictus
1230 2083 1352 2142 quoque
1364 2068 1422 2132 fuit
1435 2088 1450 2121 a
1463 2069 1494 2125 in
1505 2068 1615 2142 abysso
1629 2069 1805 2141 deorsum,o
1821 2071 1918 2143 idest,

282 2157 325 2213 εει
336 2153 468 2213 litteralis
481 2157 509 2212 et
522 2153 679 2226 genuinus.
1121 2149 1152 2206 in
1171 2165 1259 2208 earne
1283 2153 1400 2208 mortali
1420 2168 1513 2225 quam
1536 2153 1711 2228 assumpsit,
1726 2169 1788 2232 qua
1800 2171 1831 2213 se
1848 2172 1919 2230 pro·

316 2236 493 2311 Allegorlce‚
504 2236 613 2310 toseph
627 2239 744 2310 pastor,
757 2235 855 2309 inquit
868 2239 1024 2310 hupertus,
1035 2241 1080 2296 est
1120 2233 1296 2292 infidissimo
1309 2237 1477 2294 humiliavit
1488 2240 1516 2294 ει
1528 2236 1702 2309 exinanivit3
1715 2239 1786 2312 quia
1798 2233 1918 2300 carnem

282 2321 423 2392 Christus,
434 2319 487 2394 qui
501 2323 544 2377 εει
554 2323 656 2394 pastor
667 2321 696 2376 et
709 2325 793 2394 petra
805 2320 940 2394 lapisque
955 2321 1078 2392 angula·
1121 2319 1226 2376 babuit
1235 2325 1356 2393 peccato
1365 2320 1662 2396 concupiscentiaque
1671 2321 1806 2394 liberam,
1814 2326 1842 2381 et
1850 2329 1919 2398 post
1994 2329 1997 2334 '

282 2403 322 2464 ris
334 2404 478 2463 Ecclesiae.
492 2407 630 2473 Rursum,
640 2409 742 2478 pastor
756 2408 784 2459 et
797 2409 878 2476 petra
891 2405 1024 2461 Ecclesiae
1036 2410 1079 2462 εει
1120 2403 1364 2462 resurrectionem
1382 2404 1560 2476 gloriosam,
1578 2403 1743 2476 vivificam,
1756 2409 1785 2462 et
1798 2405 1919 2466 dautem

282 2491 310 2546 S.
325 2490 426 2546 Petrus
440 2485 549 2562 allique
568 2487 722 2544 Pontifices
743 2486 844 2542 vicarii
863 2487 978 2547 Christi.
995 2491 1077 2546 Petro
1120 2485 1372 2544 immortalitatem
1383 2489 1413 2545 ia
1425 2487 1615 2546 Eucharistia.

282 2571 361 2629 enim
376 2571 452 2630 dixit
470 2572 600 2630 Christus
621 2587 628 2626 r
654 2589 669 2624 u
685 2573 772 2626 Pasce
788 2584 859 2628 oves
873 2585 954 2626 meas
962 2590 971 2641 3
987 2591 1002 2624 a
1022 2575 1050 2627 ει
1069 2589 1076 2628 :
1156 2569 1296 2642 Secundo,
1309 2572 1414 2629 habuit
1427 2573 1555 2629 Christus
1570 2572 1807 2630 benedictionem
1827 2575 1919 2633 evul-

285 2657 352 2712 uTu
365 2671 397 2712 es
411 2655 528 2724 Petrus,
548 2657 576 2710 et
589 2667 679 2727 super
691 2651 768 2710 hane
787 2655 903 2728 petram
922 2653 1077 2712 aedificabo
1120 2669 1200 2722 saep>
1214 2654 1245 2710 id
1255 2657 1308 2725 est,
1318 2655 1452 2711 Ecclesiae
1464 2655 1605 2729 parientis
1617 2675 1624 2711 :
1636 2655 1699 2714 haec
1712 2657 1793 2714 enim
1802 2659 1917 2717 Christo

282 2737 440 2796 Ecclesiam
454 2752 587 2797 meamne
1120 2738 1336 2812 pulcherrimos
1358 2743 1387 2796 et
1407 2740 1553 2814 plurimos
1578 2743 1699 2812 generat
1721 2739 1919 2813 filios,1scice

166 2835 268 2881 verare.
315 2823 363 2880 ιιι.
378 2825 451 2880 Deus
465 2835 564 2880 rurars
577 2835 636 2878 rur.
650 2823 775 2878 -lleus
789 2821 841 2896 qui
854 2835 908 2894 per
922 2821 1025 2879 omnia
1034 2823 1078 2879 di·
1121 2823 1917 2900 cap.n1xetax;atque«uberum,»quiavem0

282 2903 357 2962 rexit
375 2909 490 2980 patrem
513 2910 599 2963 tuum
620 2902 780 2974 lacobum,
794 2903 843 2960 hic
864 2906 892 2960 et
913 2903 954 2960 ob
976 2903 1078 2964 iacobi
1121 2907 1171 2962 llei
1191 2910 1219 2962 et
1237 2905 1447 2976 sacramentis,
1462 2905 1549 2981 quasi
1567 2905 1680 2982 duplicl
1693 2905 1783 2966 ubere
1797 2926 1869 2971 suos
1883 2911 1918 2968 fi-

282 2989 386 3047 merite
400 3003 434 3046 ac
447 2989 692 3057 sanctimoniam,
709 3003 802 3061 quam
823 2991 856 3046 tu
876 2986 1015 3056 imitaris,
1028 2989 1078 3060 ju·
1121 2988 1202 3046 deles
1220 2992 1248 3046 et
1261 2989 1340 3049 filios
1354 2989 1455 3048 nutrit.
1475 2993 1515 3048 lta
1529 2985 1675 3066 Repertus
1689 2997 1717 3054 et
1730 3009 1767 3050 ex
1781 3010 1817 3054 eo
1835 2997 1918 3059 Pere-

281 3071 363 3130 vablt
384 3087 507 3146 quoque
528 3077 558 3130 et
576 3073 681 3143 diriget
693 3075 721 3130 te
735 3073 837 3144 utpote
849 3069 950 3130 taeobi
964 3069 1077 3146 fillum,
1121 3073 1194 3130 rius.
1359 3083 1361 3089 ’

281 3155 404 3229 ejusque
415 3153 486 3218 fidei
500 3159 529 3214 et
542 3155 659 3230 pietatis
671 3153 820 3213 haredum
834 3154 882 3228 (l).
1156 3159 1201 3213 ⁶26.
1217 3159 1439 3216 ursmreuouas
1461 3173 1558 3216 rurars
1580 3173 1629 3216 rur
1649 3173 1834 3220 courourrra
1848 3179 1920 3224 suar
1933 3187 1994 3232 reu.
2003 3190 2038 3232 n.

315 3241 473 3302 Baueurcnr
485 3255 541 3298 erar
556 3253 805 3298 aesnurcrroumus
820 3253 964 3310 coear,-
976 3239 1078 3298 dando
1120 3255 1368 3298 usururcrrouraus
1382 3257 1494 3300 eurauu
1509 3245 1737 3312 erus-Prino,
1754 3246 1918 3306 «benedic
1932 3247 2036 3298 dmm*

280 3323 334 3382 tibl
353 3341 370 3382 e
389 3323 463 3381 eoelo
484 3329 686 3398 opportunam
707 3328 771 3380 tum
784 3321 935 3399 pluviam,
953 3327 1018 3381 tum
1031 3339 1079 3382 ro·
1120 3325 1268 3394 tionibus,
1279 3345 1294 3378 a
1310 3325 1342 3382 id
1356 3327 1398 3382 est
1409 3342 1468 3398 pra
1481 3325 1722 3396 benedictionalem
1738 3327 1800 3400 vel,
1815 3334 1848 3388 ut
1866 3319 1920 3392 lle-
1930 3309 1981 3426 {²22¹
1997 3310 2039 3413 ,Ἐξ

280 3423 361 3478 rem,
375 3411 440 3466 tum
459 3405 576 3478 nivem,
590 3411 656 3464 tum
671 3407 746 3463 aeris
760 3407 959 3477 serenitatem,
975 3408 1078 3480 benig·
1121 3407 1220 3466 braiee
1243 3412 1304 3477 est,
1328 3423 1409 3480 super
1433 3409 1628 3468 bramantiones
1648 3419 1761 3484 potrum
1781 3429 1917 3484 meram,
1945 3433 2030 3487 upar-

181 3537 186 3545 .
281 3506 414 3564 numque
437 3490 509 3549 solis
529 3491 654 3564 coelique
679 3490 845 3561 influxum,
867 3491 979 3564 quibus
1002 3497 1079 3556 terra
1121 3511 1148 3564 q.
1170 3493 1199 3548 d.
1215 3491 1456 3566 Egolaeobprae
1472 3493 1608 3566 patribus
1629 3495 1703 3552 meis
1722 3493 1872 3556 Abraham
1890 3502 1919 3557 et
1962 3493 2005 3564 ‚²¹⁰-

283 3579 333 3632 tua
355 3575 561 3643 ioecundetur,
582 3579 615 3629 ut
640 3574 767 3646 optimus
791 3575 819 3628 et
843 3575 979 3647 copiosas
1002 3575 1077 3648 tihi,
1121 3577 1217 3646 lsaac,
1231 3574 1274 3631 fui
1288 3579 1352 3632 tum
1366 3580 1476 3649 epatre
1490 3591 1558 3634 meo
1573 3581 1668 3650 isaac,
1682 3583 1746 3638 tum
1761 3595 1780 3636 a
1795 3583 1853 3638 ileo
1864 3581 1918 3642 bc·
1931 3553 2013 3598 Μ’

281 3661 355 3731 puta
368 3659 427 3714 tuls
440 3658 577 3732 posteris,
591 3656 623 3712 ln
640 3655 781 3712 Chanaan
793 3656 924 3728 proterat
937 3657 1037 3728 fruges
1051 3663 1079 3715 et
1120 3659 1255 3716 nedictus
1262 3677 1271 3730 ς
1287 3659 1387 3732 itaque
1401 3675 1456 3729 ego
1469 3659 1599 3718 vicissim
1612 3659 1683 3734 tibi,
1698 3678 1717 3719 o
1730 3663 1855 3740 loseph,
1866 3664 1919 3725 be-

282 3743 405 3800 lructus.
1120 3742 1243 3812 nedico,
1258 3757 1292 3799 ac
1313 3746 1528 3816 consequenter
1546 3747 1580 3801 tu
1593 3747 1622 3802 et
1634 3744 1770 3820 patribus
1784 3748 1875 3822 meis,
1890 3753 1920 3807 et

166 3842 270 3897 cussum
318 3829 569 3883 Bauuorerromaus
581 3837 676 3880 suessa
690 3833 819 3880 rtcaurrs
828 3837 968 3880 uaeasuu.
978 3852 1014 3867 -
1027 3826 1079 3882 va·
1120 3826 1235 3898 meipso
1250 3827 1344 3895 magis
1358 3828 1415 3884 cris
1428 3827 1618 3899 benedictus,
1636 3829 1709 3903 quia
1725 3846 1788 3889 non
1803 3835 1919 3896 mnium

173 3905 263 3978 nyseus
283 3910 382 3968 tablus
395 3924 449 3984 per
462 3907 615 3982 abyssum,
625 3922 706 3964 mare
719 3905 833 3980 accipit,
844 3922 871 3976 q.
884 3903 912 3960 d.
928 3903 1013 3964 Dabit
1024 3907 1079 3965 tibi
1119 3913 1256 3982 patrum,
1275 3910 1318 3966 uti
1340 3925 1413 3982 ego,
1436 3911 1489 3968 sed
1509 3914 1537 3968 ει
1559 3927 1656 3970 meam
1679 3912 1918 3975 benedictionem

181 3977 253 4071 ’ἓξὲξ
284 3995 359 4052 Deus
376 3991 580 4068 tempestivam
599 3991 733 4066 pluviam
741 4032 751 4061 ,
766 4005 835 4064 quae
847 3987 940 4047 oritur
955 4007 971 4046 ε
989 3991 1078 4048 nubi·
1120 3991 1306 4049 nancisceris
1323 3996 1366 4050 lta
1379 3995 1527 4067 LyranuS,
1541 3994 1711 4068 abulensis,
1725 3999 1868 4058 Peresius.

183 4085 248 4132 arnt
283 4077 340 4134 hus
353 4079 383 4134 et
395 4075 558 4150 vaporibus
572 4089 608 4132 ex
622 4073 747 4148 abysso,
761 4073 794 4131 id
813 4077 856 4130 est
871 4074 964 4143 mari,
978 4089 1079 4131 ascen·
1155 4078 1290 4144 Secunde,
1304 4076 1450 4152 Rupertus
1473 4080 1514 4136 sie
1535 4079 1676 4155 explicat,
1690 4098 1717 4154 q.
1737 4081 1767 4140 d.
1786 4083 1848 4142 llea
1867 4084 1919 4142 be·
1931 4101 2039 4148 εειιηει.

284 4157 423 4218 dentibus
440 4173 566 4216 :verum
579 4159 642 4216 haec
656 4173 718 4214 non
732 4162 774 4215 est
787 4157 954 4216 benedictio
967 4158 1078 4232 abyssi,
1120 4163 1248 4220 nedietio
1268 4162 1361 4220 robur
1380 4161 1471 4222 hahet
1484 4181 1503 4222 a
1516 4163 1739 4236 benedictione,
1756 4183 1849 4241 quem
1862 4185 1918 4241 ego

283 4244 336 4301 sed
349 4241 429 4314 coeli,
443 4248 477 4300 ut
489 4243 645 4317 praecessit.
1120 4263 1140 4304 a
1152 4247 1288 4320 patribus
1297 4248 1414 4322 accepi;
1427 4263 1516 4320 super
1529 4247 1610 4306 illam
1624 4249 1703 4308 enim
1717 4251 1804 4326 quasi
1812 4251 1917 4314 funda·

319 4327 375 4385 hlii
390 4342 444 4401 per
456 4325 599 4400 abyssum
615 4325 765 4399 accipiunt
777 4326 903 4398 globum
917 4326 1078 4386 conflatum
1121 4333 1184 4401 tar,
1199 4329 1302 4404 illique
1317 4329 1460 4390 innititur.
1475 4333 1557 4388 llunc
1571 4347 1692 4390 sensum
1703 4331 1789 4395 facile
1802 4336 1918 4409 patiun-

283 4410 549 4469 exterraetmari.
1120 4415 1313 4474 turHebraea.

318 4497 426 4555 verum
439 4495 524 4566 dico,
540 4493 666 4566 abyssus
684 4493 805 4568 proprie
826 4499 870 4552 est
892 4495 944 4553 illa
964 4511 1078 4570 vorago
1160 4501 1260 4567 Tertio,
1271 4499 1426 4572 surgensis
1438 4505 1466 4558 et
1474 4500 1614 4562 Vatablus
1624 4503 1713 4562 valde
1726 4507 1918 4566 accommode
1931 4520 2014 4566 raus

283 4593 450 4654 aquarum,
473 4593 542 4652 ques
565 4577 622 4634 sub
645 4581 722 4636 terra
745 4577 835 4651 latet,
860 4594 987 4651 quaeque
1009 4595 1078 4636 cum
1122 4583 1163 4640 sic
1180 4588 1297 4642 vertunt
1315 4589 1343 4642 et
1357 4584 1521 4658 explicant,
1536 4603 1564 4658 q.
1584 4587 1613 4643 d.
1628 4586 1719 4658 llajor
1731 4592 1775 4644 est
1789 4605 1856 4650 mea
1869 4587 1919 4648 he·

283 4663 360 4720 mari
373 4663 578 4736 conjungitur,
590 4665 679 4734 atque
693 4677 746 4735 per
760 4677 830 4720 suas
842 4678 934 4720 uenas
951 4664 1079 4721 et·rivos
1122 4667 1262 4739 nedictio,
1276 4685 1337 4742 qua
1350 4685 1406 4739 ego
1420 4673 1463 4740 te,
1476 4685 1495 4724 o
1508 4667 1637 4742 loseph,
1651 4669 1816 4743 benedico,
1826 4687 1919 4748 quam

283 4749 393 4806 terram
412 4743 514 4818 irrigat
535 4748 564 4802 ει
584 4744 749 4816 foecundat,
766 4745 804 4800 de
823 4759 884 4818 qua
897 4745 958 4802 dixi
971 4761 1037 4820 cap.
1053 4763 1078 4818 1,
1122 4767 1158 4807 ea
1169 4767 1230 4824 qua
1245 4767 1300 4822 ego
1315 4768 1333 4810 a
1347 4751 1483 4824 patribus
1495 4753 1569 4810 meis
1582 4752 1625 4812 fui
1639 4751 1831 4828 benedictus,
1844 4773 1873 4833 g.
1889 4757 1918 4814 d.

283 4843 360 4888 vers.
384 4831 419 4901 9,
435 4833 465 4886 ει
486 4843 553 4904 cap.
575 4844 634 4898 ru,
652 4843 728 4885 vers.
750 4830 801 4897 ll;
824 4827 903 4884 unde
926 4829 1080 4887 Chalaaus
1121 4833 1183 4892 Eris
1198 4851 1244 4891 me
1261 4833 1387 4906 felicior,
1403 4836 1556 4910 magisque
1568 4835 1756 4908 benedictum
1768 4838 1826 4896 eris
1840 4839 1921 4898 enim

284 4912 387 4984 vertit,
400 4912 627 4970 benedictionibus
640 4927 700 4981 quae
714 4911 863 4966 ascendant
883 4911 916 4966 dc
932 4915 1081 4983 profundis
1121 4919 1259 4994 princeps
1272 4918 1462 4991 AEgyptitota
1476 4919 1921 5000 reliquavitatua,posterique
1982 4940 1991 4953 ‘
2099 4981 2101 4992 ,

285 5003 376 5056 terra.
394 4997 480 5071 Optat
493 5011 565 5068 ergo
577 4993 627 5052 hic
643 4991 734 5052 Jacob
748 4992 876 5067 losepho
895 4995 1002 5052 terram
1016 4997 1081 5054 irri-
1121 5001 1165 5060 tui
1179 5005 1263 5058 crunt
1274 5002 1389 5074 judiees
1403 5007 1430 5060 et
1444 5019 1526 5073 reges
1541 5002 1639 5060 lsrael.

285 5096 376 5154 guam
389 5083 418 5138 et
428 5079 563 5152 fertilem,
574 5093 611 5137 ex
621 5077 828 5150 aquisialeene
840 5093 877 5134 ex
887 5077 997 5149 abysso
1009 5093 1078 5151 pro·
1145 5087 1272 5152 ¹Quarto,
1288 5085 1379 5158 aliqui
1395 5083 1436 5142 sie
1451 5086 1599 5158 explicant
1614 5103 1622 5142 :
1639 5086 1876 5160 «confortatam
1888 5089 1921 5147 id
1936 5109 2031 5164 omna

286 5162 457 5224 comtibus.
1122 5173 1180 5240 est,
1194 5169 1335 5238 firmatae,
1348 5158 1494 5241 adjunctae
1512 5173 1540 5228 et
1554 5169 1686 5228 adauctas
1699 5173 1769 5229 sunt
1781 5169 1922 5230 henedic-

1121 5249 1254 5308 tionibus
1275 5255 1394 5324 patrum
1404 5269 1413 5324 ;
1428 5252 1509 5308 unde
1531 5251 1688 5310 Chaldaeus
1710 5255 1796 5312 uertit
1815 5257 1923 5316 :Benc-

319 5357 354 5424 (ll
368 5356 444 5407 Hebr.
459 5360 513 5418 εει,
524 5369 541 5404 α
558 5331 608 5404 Deo
620 5353 702 5413 patris
720 5353 773 5409 tut,
788 5355 832 5413 cat
846 5351 893 5403 ent
907 5353 1006 5406 anaetltc
1018 5357 1079 5414 erit,
1122 5335 1255 5390 dictiones
1275 5337 1367 5404 patris
1389 5337 1433 5390 tnt'
1450 5335 1588 5394 addentur
1606 5351 1688 5410 super
1708 5337 1923 5414 benedictiones,

289 5438 315 5483 er
326 5431 359 5480 oc
372 5428 548 5488 omnipotente.
562 5435 588 5476 er
600 5426 641 5486 qut
654 5426 777 5476 leucaten
786 5425 845 5482 net,
860 5428 909 5473 etc.
1123 5421 1219 5494 qru'tus
1235 5419 1426 5476 tenebrarunt
1440 5435 1480 5474 rue
1493 5425 1587 5491 patres
1600 5423 1670 5492 orci,
1685 5437 1714 5494 q.
1728 5419 1759 5479 d.
1773 5421 1835 5496 Ego
1848 5422 1905 5483 tibi
1911 5463 1923 5497 ,
