4020 6026
355 662 780 802 ιιιιιιιο
830 665 941 797 ιι
993 641 1510 801 recreantur.

1789 772 1804 805 ω’

1790 835 1806 853 ,ι

1619 935 1687 964 .
1748 871 1807 964 sd

802 965 1071 998 ..ι-,0,-

161 1203 197 1263 ln
210 1199 318 1264 multis
339 1199 515 1282 magnisque
535 1197 705 1276 beneficia,
727 1214 795 1279 qun
809 1213 863 1278 per
883 1213 999 1262 ιιιιιιι
1020 1197 1232 1262 Tridentium
1255 1196 1413 1278 synodum
1431 1197 1566 1264 Ecclesia
1587 1219 1650 1266 sue
1668 1207 1748 1270 heus

122 1297 266 1377 eontulit,
284 1297 318 1360 id
332 1297 367 1360 in
384 1296 491 1377 primis
502 1297 729 1360 numerandum
742 1295 882 1372 videtur,
896 1295 977 1376 quod
992 1294 1073 1360 inter
1084 1301 1129 1360 tot
1140 1294 1252 1359 latinos
1265 1294 1414 1360 editiones
1427 1293 1602 1362 dimnmnm
1614 1300 1747 1382 Scriptu-

121 1411 226 1461 rarum
247 1393 344 1458 solam
364 1396 504 1459 Veterem
521 1411 555 1458 ac
571 1393 752 1475 vulgatam,
771 1408 839 1474 qua
857 1391 946 1472 longo
966 1397 1011 1456 tot
1029 1391 1210 1456 saeculorum
1229 1408 1288 1456 mu
1304 1391 1339 1454 in
1352 1391 1619 1474 Ecclesiaprobate
1631 1396 1746 1481 meras,

120 1491 300 1572 gravissimo
312 1495 436 1556 Decreta
448 1490 656 1556 authenticam
671 1490 846 1554 declaravit.
861 1493 954 1566 Nam,
965 1495 1001 1554 ιιι
1013 1487 1092 1553 illud
1105 1489 1301 1569 omittamus,
1315 1489 1396 1572 quod
1408 1508 1446 1556 ex
1458 1492 1629 1558 recentibus
1642 1495 1748 1562 editio

1749 981 1759 1028 't

122 1589 213 1653 nibus
226 1606 289 1653 non
301 1605 403 1670 paneae
412 1589 452 1652 ad
464 1588 594 1652 hareses
607 1589 702 1669 hujus
714 1588 857 1667 temporis
868 1585 1087 1651 confirmandas
1099 1587 1226 1652 licenter
1238 1587 1362 1652 detorta
1373 1588 1572 1670 videbantur,
1590 1592 1656 1674 ipsa
1668 1599 1747 1658 certe
1863 1591 1893 1684 ζ

121 1693 206 1750 tanta
221 1686 397 1750 versionum
414 1686 543 1752 varietas
566 1692 655 1767 atque
670 1685 847 1763 diversitas,
868 1701 1010 1765 magnam
1031 1685 1066 1748 in
1088 1683 1218 1750 Ecclesia
1230 1685 1284 1750 Dei
1297 1685 1505 1752 confusionem
1518 1705 1624 1769 parere
1635 1691 1748 1772 potuis·

121 1791 179 1846 set.
201 1783 373 1848 tamenim
393 1784 451 1848 bac
471 1789 574 1848 nostra
594 1789 680 1848 atate
701 1782 781 1846 illud
802 1780 864 1846 iere
884 1782 1024 1846 evenisse
1043 1788 1174 1860 constat,
1188 1783 1270 1864 quod
1281 1786 1312 1848 8.
1328 1783 1534 1868 Hieronymus
1546 1793 1748 1868 temporesuo

121 1881 265 1946 accidisse
283 1887 409 1944 testatus
427 1887 487 1959 est,
506 1887 551 1944 tot
567 1880 679 1944 scilicet
699 1879 793 1944 luisse
815 1879 1000 1960 exemplaria
1012 1886 1087 1961 quot
1098 1879 1233 1958 codices,
1245 1897 1316 1944 cnm
1329 1882 1537 1964 uumquisque
1550 1900 1605 1965 pro
1623 1883 1748 1950 arbitrio

119 1997 176 2042 suo
198 1979 338 2057 adderet,
355 1978 405 2042 vel
422 1978 603 2042 detraheret.
623 1980 723 2059 Hujus
742 1983 845 2041 autern
858 1977 975 2040 Veteris
997 1995 1031 2042 ac
1043 1977 1181 2058 Vulgata
1193 1976 1335 2042 editionis
1346 1985 1432 2043 tanta
1445 1996 1565 2063 semper
1578 1980 1639 2046 init
1651 1992 1749 2048 ando·

120 2075 210 2154 ritas,
224 2084 347 2158 mvnquc
360 2075 510 2140 excellens
522 2076 712 2158 praestantia,
732 2082 767 2140 ut
779 2092 848 2139 eam
865 2075 979 2138 caeteris
993 2075 1135 2140 omnibus
1149 2074 1253 2140 latinis
1270 2076 1455 2142 editionibus
1470 2075 1560 2159 longe'
1579 2080 1748 2145 anteferen-

120 2175 192 2238 dam
204 2192 286 2255 esse,
298 2175 381 2256 apud
393 2191 492 2256 equos
501 2174 618 2255 judices
631 2174 667 2238 in
680 2172 809 2237 dubium
823 2171 954 2236 revocari
968 2189 1030 2237 non
1041 2179 1149 2254 posset.
1164 2173 1221 2250 Qui
1232 2191 1366 2256 nmnque
1376 2175 1411 2240 in
1422 2193 1458 2240 ea
1467 2175 1540 2240 libri
1553 2178 1748 2243 continentur

121 2275 176 2351 (ιιι
188 2290 206 2335 a
219 2273 386 2355 majoribus
406 2271 517 2337 noshis
538 2272 626 2353 quasi
645 2287 699 2352 per
711 2287 821 2335 manus
842 2270 989 2334 traditum
1001 2269 1090 2334 nobis
1109 2273 1192 2350 est),
1207 2272 1411 2352 pertimeas.
1426 2273 1745 2358 Hieronymitransln-

120 2369 221 2450 tione,
242 2369 291 2434 vel
308 2371 534 2450 emendatione,
551 2369 680 2450 suscepti
700 2374 790 2446 sunt,
810 2367 923 2450 partim
943 2367 1055 2432 retenti
1067 2386 1107 2432 ex
1122 2368 1336 2450 antiquissima
1349 2370 1479 2452 quadam
1490 2371 1622 2438 editione
1634 2373 1747 2454 latina,

120 2486 216 2549 quam
237 2472 269 2534 8.
293 2469 495 2553 Hieronymus
514 2471 713 2533 Communem
737 2472 769 2531 et
793 2465 979 2548 vulgatam,
1005 2469 1039 2530 8.
1061 2466 1251 2548 Augustinus
1273 2466 1399 2546 ltalam,
1423 2471 1455 2532 8.
1479 2470 1638 2550 Gregorius
1663 2474 1749 2536 Vete-

120 2585 188 2631 rem
210 2567 438 2632 translationem
458 2566 598 2649 appellat.
621 2569 663 2630 Ac
678 2566 716 2629 de
732 2565 852 2631 Veteris
869 2564 995 2646 quidem
1012 2562 1125 2646 hujns,
1144 2563 1208 2628 sive
1220 2563 1303 2628 italae
1315 2564 1458 2629 editionis
1474 2566 1646 2632 sinceritate
1659 2575 1750 2652 atque

121 2665 309 2745 prestantia,
329 2664 511 2746 areolarum
531 2666 562 2728 8.
583 2663 747 2745 tegamini
763 2661 975 2728 testimoninm
995 2667 1094 2726 exstat
1114 2662 1148 2726 in
1170 2663 1301 2726 meando
1320 2661 1401 2727 libro
1415 2665 1461 2728 De
1475 2664 1629 2730 Doctrina
1643 2665 1750 2734 claa-

123 2764 231 2841 tt‘arrc,
249 2763 303 2827 ubi
321 2763 426 2829 latinis
445 2762 588 2827 omnibus
602 2761 805 2839 editionibus,
818 2777 886 2843 qum
898 2767 973 2826 amc
989 2760 1131 2841 plurimae
1143 2759 1451 2841 circumferebantur,
1464 2762 1572 2826 ltalam
1584 2763 1749 2844 praeferen-

89 2915 91 2918 .
123 2861 194 2924 dam
216 2860 351 2938 censuit,
366 2861 448 2943 quod
468 2867 563 2940 esset,
579 2865 615 2925 ut
630 2861 695 2942 ipse
713 2859 861 2942 loquitur,
881 2859 1044 2924 verborum
1063 2859 1196 2923 tenedos
1208 2874 1281 2922 cum
1297 2859 1511 2942 perspicuitate
1521 2862 1751 2928 sententialis

122 2960 154 3022 8.
175 2975 247 3022 vero
267 2959 452 3042 Hieronymo
471 2958 571 3023 multa
593 2964 717 3024 exstant
733 2963 875 3022 veterum
897 2960 1022 3053 Petrum
1043 2956 1162 3038 egregia
1184 2956 1381 3021 testimonia:
1396 2974 1469 3021 eum
1490 2959 1618 3024 enims.
1633 2963 1751 3040 Augus·

122 3055 380 3122 tinusbominem
392 3056 619 3134 doctissimum,
633 3074 667 3120 ac
677 3056 776 3120 trium
787 3055 965 3143 linguarum
977 3054 1200 3135 peritissimum
1212 3059 1314 3132 vocat,
1328 3059 1419 3134 atque
1437 3057 1503 3137 ejus
1518 3055 1749 3120 translationem

124 3153 258 3233 ipsorum
277 3171 397 3236 quoquc
417 3153 612 3218 Hebraeorum
629 3152 803 3217 testimonio
818 3169 956 3216 veracem
968 3169 1032 3216 esse
1044 3151 1216 3214 confirmat.
1230 3151 1379 3215 Eumdem
1393 3153 1425 3215 S.
1440 3152 1600 3232 Gregorius
1612 3154 1657 3217 ita
1676 3171 1750 3235 prae-

96 3297 99 3302 -
124 3252 217 3331 dicat,
238 3259 275 3316 ut
295 3255 363 3334 ejus
380 3253 629 3331 translationem,
647 3268 741 3332 quam
758 3267 870 3316 novam
890 3249 1036 3332 appellat,
1055 3266 1094 3312 ex
1111 3247 1237 3312 Hebraeo
1254 3247 1373 3328 eloquio
1384 3256 1493 3312 cuneta
1505 3249 1607 3314 verius
1620 3251 1751 3316 transiu-

123 3351 200 3414 disse
221 3351 300 3414 ιιιιιι
321 3369 330 3414 t
355 3355 446 3433 atque
466 3349 578 3414 idcirco
600 3348 808 3431 dignissimam
828 3365 915 3426 esse,
941 3349 993 3412 cui
1020 3347 1094 3412 fldes
1117 3347 1152 3410 in
1171 3347 1314 3411 omnibns
1333 3347 1491 3412 habeatur.
1518 3352 1550 3414 S.
1573 3356 1676 3414 autem
1698 3351 1750 3415 lsi·

122 3447 215 3512 dorus
234 3466 297 3513 non
313 3465 376 3512 nno
396 3447 512 3512 inloco
529 3448 799 3531 Hieronymianam
814 3447 986 3510 versionem
1001 3444 1118 3510 ceteris
1141 3443 1283 3508 omnibus
1296 3445 1474 3526 anteponit,
1490 3463 1618 3529 eamque
1640 3448 1678 3512 ab
1698 3452 1751 3513 Ec·

123 3547 222 3611 closiis
240 3546 415 3611 christianis
431 3546 633 3612 communiter
653 3545 746 3628 recipi
768 3563 802 3609 ac
819 3543 939 3626 probari
961 3542 1107 3623 affirmat,
1126 3543 1207 3626 quod
1223 3541 1311 3607 sitin
1324 3543 1425 3606 verbis
1437 3543 1561 3623 clarior,
1575 3552 1606 3609 et
1619 3547 1751 3614 veredes

121 3644 157 3710 in
177 3645 346 3710 sententiis.
368 3643 554 3726 Sophronias
574 3661 711 3725 quoque,
725 3643 773 3706 vir
791 3641 1032 3721 eruditissimus,
1053 3644 1085 3707 8.
1099 3642 1280 3723 Hiemnymi
1302 3641 1532 3707 translationem
1553 3661 1616 3708 non
1635 3646 1752 3710 Latinis

123 3743 229 3821 modo,
241 3743 399 3808 sedetiam
411 3741 620 3808 Graeisvalde
634 3740 754 3823 probari
768 3740 1030 3819 animadvertens,
1042 3739 1120 3804 tanti
1133 3757 1201 3803 eam
1212 3737 1293 3816 iecit,
1305 3744 1341 3803 ut
1353 3738 1536 3805 Psalterium
1549 3748 1580 3804 et
1590 3743 1752 3826 Prophetas

123 3859 162 3906 ex
174 3842 354 3924 Hieronymi
367 3842 505 3907 versione
516 3841 552 3905 in
564 3843 704 3905 Graecum
717 3839 847 3922 eleganti
863 3856 1002 3903 sermone
1015 3836 1220 3902 transtulerit.
1233 3839 1325 3900 Porro
1337 3836 1392 3920 qui
1403 3837 1498 3902 menti
1509 3845 1598 3919 sunt,
1610 3840 1670 3904 viri
1686 3841 1752 3905 doe·

124 3937 451 4021 tissimi‚'ltemigius,
470 3941 565 4018 Beda,
587 3939 747 4033 Hebenus,
768 3941 902 4021 Haymo,
928 3934 1108 4012 Anselmns,
1132 3938 1238 3999 Petrus
1260 3933 1416 4012 Damiani,
1440 3935 1629 4016 bichardus,
1650 3941 1750 4020 Hugo,

124 4038 314 4117 Bernardns,
329 4041 494 4120 Repertus,
505 4041 612 4102 Petrus
623 4036 823 4116 lombardus,
833 4035 1021 4114 Alexander,
1034 4033 1191 4111 Albertus,
1204 4032 1346 4110 Thomas,
1360 4036 1584 4114 bonaventura,
1594 4037 1752 4120 castamque

125 4153 247 4214 omnes,
260 4137 314 4218 qui
327 4135 379 4200 bis
400 4135 561 4216 nongentis
579 4135 669 4200 annis
684 4135 721 4198 in
737 4133 868 4198 Ecclesia
891 4133 1081 4210 floruerunt,
1104 4135 1135 4196 S.
1161 4131 1342 4218 Hieronymi
1365 4130 1504 4195 versione
1526 4131 1570 4195 ita
1590 4140 1665 4196 sunt
1685 4135 1751 4214 usi,

126 4241 163 4300 ut
174 4240 301 4312 miore,
312 4251 380 4316 quie
392 4251 469 4314 pene
487 4233 730 4297 innumerabiles
743 4238 846 4309 erant,
859 4230 948 4313 quasi
960 4230 1052 4312 lapsa
1066 4229 1103 4293 de
1117 4227 1261 4292 manibus
1276 4227 1496 4310 theologorum,
1510 4228 1632 4309 penitus
1642 4230 1754 4296 obsole-

128 4331 240 4396 verint.
259 4333 356 4408 Quare
377 4349 440 4396 non
454 4331 609 4395 immerito
630 4330 778 4395 catholica
799 4328 928 4393 Ecclesia
946 4331 978 4393 8.
999 4328 1222 4409 Hieronymum
1235 4326 1387 4390 doctorem
1404 4329 1593 4405 maximum,
1611 4335 1702 4410 atquc
1714 4330 1754 4394 ad

126 4431 297 4512 Scripturas
309 4447 407 4494 sacras
417 4428 659 4511 interpretandas
671 4427 820 4492 divinitus
833 4427 1009 4504 excitatum,
1022 4427 1067 4490 ita
1078 4423 1222 4504 celebrat,
1233 4433 1270 4488 ut
1279 4427 1345 4506 jam
1358 4425 1485 4489 dilflcile
1498 4443 1559 4490 non
1575 4427 1616 4490 sit
1627 4427 1753 4493 illorum

126 4528 268 4593 omnium
286 4527 431 4592 mmnare
448 4527 617 4608 judicium,
636 4527 691 4609 qui
708 4525 762 4590 vel·
777 4531 841 4590 tam
862 4523 970 4590 eximii
981 4523 1111 4588 doctoris
1123 4521 1385 4587 lucubrationibus
1400 4540 1463 4587 non
1476 4523 1689 4605 acquiescunt,
1703 4525 1754 4590 ιιι

127 4627 222 4690 etiarn
235 4624 374 4704 meliora,
389 4630 443 4689 aut
455 4630 535 4688 certe
547 4624 649 4705 paria,
671 4629 812 4705 prestare
825 4641 857 4686 se
869 4641 955 4704 posse
968 4621 1135 4686 confidunt.
1152 4624 1321 4700 Getarum,
1334 4638 1374 4684 ne
1387 4628 1453 4686 tarn
1466 4619 1564 4685 fidelis
1576 4622 1754 4704 translatio,

99 4748 103 4760 ·
127 4732 252 4806 tamque
263 4723 298 4787 in
312 4740 416 4788 omnes
429 4729 529 4804 partes
540 4721 677 4786 Ecclesiae
689 4722 793 4801 utilis,
806 4720 856 4785 ιιι
868 4719 985 4802 injuria
993 4727 1189 4800 temporum,
1202 4719 1253 4782 ιιι
1265 4719 1482 4800 impressorum
1495 4718 1615 4784 incuria
1621 4769 1633 4802 ,
1648 4722 1696 4786 vel
1711 4728 1756 4786 te-

128 4840 213 4888 mera
224 4821 456 4887 emendantium
469 4819 609 4898 audacia,
623 4819 689 4884 ulle
706 4836 745 4884 ex
757 4825 841 4902 parte
860 4825 1120 4910 corrumperetur,
1145 4817 1251 4882 eedem
1264 4823 1449 4882 sacrosancta
1465 4817 1606 4900 synodus
1629 4817 1759 4884 Triden-

161 5040 196 5107 (ί)
210 5039 321 5104 fillium
327 5037 492 5104 Mfdt'ottt't
500 5035 642 5101 praecipum
651 5041 740 5086 aumor
749 5033 823 5088 card.
835 5031 1001 5102 Bellermtnm
1010 5033 1127 5100 babetur,
1138 5047 1204 5086 unns
1213 5047 1228 5086 e
1237 5032 1336 5086 selectis
1348 5033 1409 5086 viris
1418 5033 1511 5100 qulbus
1521 5035 1657 5102 vigeam
1666 5036 1758 5090 biblio·

129 5124 189 5164 rum
205 5109 345 5162 eddonem
360 5121 377 5158 tt
394 5106 465 5160 Sixto
478 5105 501 5154 V
514 5110 670 5168 armatam,
683 5105 767 5156 denno
783 5104 922 5169 castigandi
937 5110 1014 5170 atque
1030 5103 1174 5169 perficiendi
1192 5117 1254 5156 cura
1266 5104 1417 5156 demandata
1429 5111 1467 5157 est
1481 5118 1498 5157 a
1513 5105 1635 5158 Pontihce
1648 5108 1759 5160 llarimo

128 5183 261 5234 Clemente
277 5178 344 5230 vul.
363 5177 457 5230 Eorum
475 5175 579 5241 quidem
596 5174 834 5241 congregationibus
846 5177 965 5226 Summus
982 5174 1101 5226 Pontifex
1119 5188 1172 5225 non
1188 5175 1275 5226 aderat
1292 5187 1393 5239 praeses,
1411 5175 1455 5227 sed
1472 5175 1500 5227 in
1517 5176 1549 5228 iis
1567 5179 1661 5242 regnlae
1679 5179 1711 5229 ιι)
1728 5191 1759 5229 00

129 5251 281 5320 prescriptae
299 5249 505 5312 observabantur,
518 5246 571 5297 imo
587 5245 640 5311 ipse
653 5246 836 5304 ¹controversias
849 5258 936 5296 omnes
950 5259 980 5297 ac
996 5244 1073 5296 dubia
1087 5241 1232 5297 dirimebat.
1247 5246 1371 5309 Praefatio
1388 5259 1505 5312 quoque,
1517 5260 1569 5298 non
1581 5261 1652 5300 secus
1663 5262 1691 5300 ac
1705 5249 1759 5312 ipsa

130 5321 330 5376 Clementiniane
341 5320 420 5373 editio
426 5357 436 5384 ,
449 5317 580 5370 Pontiflois
595 5317 744 5382 probatione
756 5321 784 5367 ot
797 5315 868 5380 quan
884 5315 1036 5369 auctoritate
1047 5315 1249 5368 commendator.
1264 5315 1302 5367 Gi.
1316 5329 1374 5381 que
1386 5317 1419 5368 de
1430 5317 1478 5368 bac
1491 5329 1520 5370 re
1535 5317 1652 5371 diaeerult
1665 5317 1758 5371 doeth.

130 5395 211 5452 oimm
223 5393 350 5466 Ungmffi
362 5392 391 5444 ln
404 5388 498 5444 Amuli
509 5387 540 5439 δι’
551 5388 651 5445 Solem
662 5386 791 5458 redigisse.
805 5385 892 5440 Rom,
