4182 6044
713 437 955 502 aenuauraen
974 439 1009 502 rr
1028 436 1182 515 axonae,
1201 459 1263 504 ae.
1284 429 1329 504 ul.
1786 441 1840 504 res

202 557 279 610 mett.
289 535 862 620 Utenssssarnerduslllr.tuellapetlum
872 567 880 603 :
892 553 998 620 cneus,
1043 551 1092 606 lici
1106 551 1275 618 essentiam,
1294 547 1367 626 pule
1379 542 1497 609 essendi
1509 535 1633 636 pelagiis
1647 555 1838 624 immensum,

201 634 310 708 inquit,
322 634 403 690 amat
415 633 449 688 ut
458 631 595 700 eharltes,
607 631 691 688 novit
703 634 736 688 ut
744 632 860 702 veritas,
874 627 955 688 sedet
966 637 999 689 ut
1043 649 1079 690 ex
1093 647 1154 708 quo
1167 639 1268 692 nostro
1277 635 1369 694 modo
1382 626 1567 710 concipiendi
1582 636 1753 710 (criminae,
1765 629 1839 714 pule

200 717 326 792 nequitae
335 755 344 786 ,
359 715 531 772 dominatur
544 716 577 770 ut
591 715 743 784 majestas,
762 715 879 786 regitat
892 710 1000 788 prinei·
1043 713 1074 771 in
1089 715 1153 792 ipsa
1168 717 1215 774 Dei
1229 719 1370 794 essentia,
1387 716 1488 776 omnia
1501 721 1569 775 strat
1584 734 1643 776 una
1665 735 1712 776 res
1726 717 1838 792 simpli·

200 803 298 876 pium,
310 801 410 860 tuetur
421 801 455 856 ut
467 797 558 866 salus,
573 800 713 870 operatur
726 799 759 853 ut
771 799 874 867 virtus,
890 791 999 854 revelat
1043 799 1170 874 eisslma)
1182 804 1281 859 omnia
1293 803 1340 860 ilai
1349 801 1488 860 attributa
1498 804 1602 880 ordine
1613 820 1668 861 suo
1678 804 1799 860 manant
1811 807 1838 860 et
1851 807 1908 853 neus
1925 813 1959 856 at

201 891 236 944 ut
247 885 316 955 lux,
338 879 445 942 asnstlt
464 883 499 938 ut
517 881 611 954 pietas
627 897 634 936 :
650 895 718 954 qum
732 881 833 938 omnia
846 881 958 938 iaciunt
971 885 1000 938 et
1043 881 1207 957 profluunt,
1221 887 1295 944 sicut
1309 888 1477 945 exessenlia
1486 889 1594 960 angeli,
1605 877 1745 957 hominis,
1756 884 1836 962 equi,
1850 883 1958 976 ζζξῗιξξζ

201 969 310 1042 angeli,
323 967 449 1025 tacimus
460 968 553 1022 etnos
561 981 571 1034 3
585 962 639 1020 sed
653 963 742 1036 longe
753 963 884 1022 interiori
894 965 998 1036 modo,
1044 983 1147 1026 omnes
1162 971 1187 1042 ej
1192 987 1225 1026 us
1239 971 1322 1028 dotes
1337 976 1365 1029 et
1376 973 1568 1046 proprietates
1578 974 1681 1031 ordine
1693 989 1747 1032 suo
1760 989 1837 1032 enta·
1851 993 1880 1037 aa
1892 996 1957 1048 pone.

201 1056 263 1110 non
276 1051 380 1124 utique
393 1050 477 1107 bono
488 1048 572 1122 quod
584 1063 687 1104 sumus
695 1088 704 1117 ,
719 1049 772 1105 sed
785 1048 868 1121 quod
880 1045 999 1120 partici—
1043 1055 1124 1109 nunt.
1141 1048 1228 1124 igitur
1241 1055 1313 1131 quia
1326 1049 1401 1112 Deus
1413 1057 1456 1112 est
1470 1056 1569 1130 ipsum
1582 1072 1656 1126 esse,
1671 1057 1732 1114 sive
1745 1053 1838 1132 pleni·
1874 1055 1935 1104 bili⁸·

200 1144 324 1210 pamus3
340 1137 416 1192 Deus
429 1135 529 1189 autem
541 1131 599 1188 hoe
613 1130 836 1204 ipsoquodest,
848 1129 888 1187 ait
901 1130 996 1187 enim:
1042 1135 1117 1193 tudo
1139 1138 1230 1207 entis,
1254 1137 1324 1195 hino
1347 1140 1511 1197 necessario
1533 1139 1666 1212 sequitur
1686 1157 1754 1198 eum
1775 1155 1837 1200 esse

201 1223 262 1292 Ego
276 1229 345 1276 sum
358 1217 412 1292 qui
425 1227 528 1272 sum.»

237 1304 332 1369 Scato,
354 1309 445 1358 asum
459 1299 511 1372 qui
525 1313 631 1368 sum,a
646 1297 679 1353 id
696 1300 740 1353 est
754 1312 825 1352 snm
847 1299 928 1352 aetus
942 1311 997 1369 pu·

201 1387 335 1445 tissimus
354 1387 382 1441 et
397 1381 647 1456 simplicissimum
666 1379 690 1435 sl
709 1379 787 1436 enim
805 1395 899 1436 essem
917 1393 998 1436 oom-

202 1471 328 1542 positus,
341 1479 437 1525 essem
450 1463 596 1540 posterior
608 1461 743 1536 partibus
755 1477 803 1519 me
817 1471 998 1535 componen-

201 1547 297 1622 tibus,
313 1557 341 1608 et
354 1551 393 1610 ab
407 1550 465 1607 illis
478 1547 619 1606 haberem
632 1563 710 1616 esse,
727 1547 790 1618 jam
804 1549 903 1603 autern
917 1563 936 1602 a
949 1553 997 1604 ine

201 1638 266 1696 solo
280 1637 374 1694 nabao
388 1644 490 1693 meum
504 1649 576 1691 esse.

133 1731 139 1744 ·
176 1761 183 1776 .
235 1721 372 1792 Septimo,
396 1733 487 1775 asum
507 1717 561 1790 qui
581 1730 690 1784 sumpt
714 1713 803 1798 idest
822 1711 997 1773 habeoesse

200 1802 498 1872 universalissimum,
513 1798 692 1856 illimitatum
706 1801 735 1855 et
748 1798 896 1855 infinitum
901 1819 910 1871 3
925 1814 997 1857 narn

200 1901 268 1946 cam
279 1885 407 1944 habeam
421 1897 484 1941 esse
499 1897 518 1941 a
535 1895 599 1952 me,
618 1883 680 1938 non
699 1881 796 1955 potuit
813 1879 884 1938 mihi
903 1883 996 1940 deter-

200 1970 306 2028 minari
318 1972 417 2042 ipsum
431 1981 494 2024 esse
508 1984 516 2022 z
532 1965 601 2023 hinc
615 1979 682 2022 sum
697 1965 795 2038 ipsum
811 1983 873 2022 esse
887 1963 997 2024 subsis-

199 2060 278 2126 tens,
300 2047 614 2126 incomprehensibile,
629 2047 844 2107 innominabile
858 2054 886 2107 et
900 2049 997 2108 inlini-

199 2143 273 2198 tum.

129 2218 132 2224 ’
160 2266 167 2281 .
238 2223 352 2290 Oetaeo,
369 2229 460 2277 «sum
473 2219 525 2293 qui
537 2233 641 2289 sum,r
658 2217 691 2274 ia
702 2219 746 2274 est
756 2233 823 2275 snm
835 2235 922 2277 carisa
934 2235 997 2277 om-

200 2308 246 2364 nis
260 2323 323 2366 esse
337 2303 422 2380 quod
434 2319 482 2362 res
494 2305 597 2361 creatae
611 2301 787 2375 participant
792 2321 801 2371 3
824 2317 893 2358 nam
913 2305 997 2377 quod

200 2409 237 2450 ex
250 2407 291 2461 sc,
306 2394 334 2448 et
345 2405 398 2464 per
411 2405 441 2446 se
455 2391 498 2445 est
511 2383 580 2455 tale,
593 2384 651 2442 hoe
660 2391 703 2444 est
712 2400 916 2448 eausaeorum
929 2395 996 2469 qnae

200 2480 269 2534 suut
283 2473 352 2532 talia
362 2487 416 2548 per
433 2467 704 2546 participationem
723 2484 761 2526 ex
780 2470 832 2527 illo
847 2487 918 2548 ergo
933 2487 995 2528 esse

130 2593 132 2597 ,
200 2557 249 2615 llei
261 2559 390 2615 increato
404 2554 432 2613 et
445 2555 607 2622 immenso,
629 2552 763 2626 sequitur
780 2569 868 2627 posse
883 2556 994 2614 omniu.

199 2645 258 2700 lloe
272 2644 315 2699 est
331 2637 416 2715 quod
432 2635 511 2695 canit
524 2635 656 2708 Boetius,
678 2633 731 2694 lib.
750 2634 785 2694 lli
805 2631 844 2694 na
859 2634 1001 2696 Cerrsolat,

198 2729 282 2783 mett.
299 2727 338 2782 uz

1043 1219 1837 1296 uuum,perfectissimum,simplicissimum,inlinitum,

1042 1297 1836 1380 independentem,universalissimum,immutabilem,

1042 1389 1202 1456 aeternnm,
1219 1387 1411 1458 omniscium,
1424 1387 1672 1462 omnipotentem,
1690 1387 1837 1464 sanetum,
1946 1381 1954 1396 ‘

1043 1469 1200 1541 optimum,
1212 1469 1515 1544 providentissimum,
1530 1481 1649 1530 oausam
1663 1490 1762 1532 rerum
1776 1491 1839 1532 orn·

1041 1551 1126 1609 nium
1137 1569 1197 1609 non
1210 1557 1326 1610 tanturn
1341 1555 1525 1612 existentium
1542 1560 1570 1613 et
1582 1547 1771 1630 futurorum,
1786 1549 1838 1618 sed

1042 1638 1070 1691 et
1083 1636 1282 1709 possibilium.
1298 1637 1366 1695 ldeo
1381 1639 1460 1695 enim
1470 1655 1516 1695 res
1530 1634 1682 1714 possibilis
1695 1642 1752 1710 eat,
1767 1641 1839 1716 quie

1042 1711 1117 1777 Deus
1130 1736 1196 1777 eam
1209 1721 1318 1794 tacere,
1340 1721 1426 1797 eique
1438 1738 1527 1780 suum
1542 1739 1604 1780 esse
1620 1727 1837 1784 communicare

1040 1805 1147 1875 potest,
1159 1805 1220 1862 sive
1234 1807 1306 1880 quia
1318 1807 1366 1862 Dei
1380 1823 1441 1863 esse
1454 1800 1492 1863 ab
1505 1824 1538 1864 ea
1549 1807 1718 1888 participari
1730 1813 1835 1883 potest.

1041 1887 1136 1944 Radix
1147 1884 1435 1962 enimpossihilitetis
1448 1888 1586 1948 creaturae
1598 1895 1640 1949 est
1653 1891 1682 1948 in
1696 1889 1764 1964 ileo,
1776 1900 1837 1952 uolt
1849 1896 1956 2000 3230012·

1041 1971 1071 2028 in
1085 1972 1149 2044 ipse
1163 1975 1305 2030 creatura.
1328 1974 1420 2030 Radix
1434 1974 1513 2030 enim
1527 1976 1592 2032 hoec
1607 1981 1650 2036 est
1668 1976 1775 2035 divinae
1794 1996 1837 2035 es-

1041 2049 1836 2134 sentiaeirnltatlo,eommendatioetpartieipatio,quod

1040 2137 1148 2194 scillcet
1160 2139 1260 2196 divine
1269 2141 1394 2196 essentia
1403 2145 1543 2198 creaturae
1554 2159 1584 2198 se
1592 2135 1644 2200 lali
1653 2143 1745 2200 modo
1757 2160 1837 2200 corn-

1039 2221 1205 2294 munieare‚
1228 2227 1256 2280 et
1271 2221 1308 2280 ab
1323 2239 1358 2280 ea
1372 2215 1422 2280 tali
1436 2225 1528 2282 modo
1549 2225 1717 2300 participari
1732 2229 1836 2301 possit,

1039 2306 1141 2379 utpote
1164 2321 1231 2380 quar
1252 2307 1335 2364 illam
1355 2308 1516 2367 eminenter
1533 2311 1562 2366 in
1579 2327 1609 2367 se
1629 2312 1785 2370 contiueat.
1809 2304 1837 2372 St

1039 2389 1118 2446 euim
1138 2389 1186 2447 Dei
1201 2392 1326 2448 essentia
1341 2391 1391 2448 tali
1405 2394 1498 2451 modo
1511 2393 1681 2467 participari
1698 2398 1837 2473 nequeat,

1039 2487 1085 2530 res
1096 2473 1138 2530 est
1149 2474 1237 2546 plane
1254 2474 1457 2547 impossibilis.
1472 2476 1558 2544 Quod
1570 2477 1649 2534 e'nim
1659 2479 1733 2535 ilaus
1743 2476 1837 2538 tacere

1038 2557 1151 2630 nequit,
1167 2557 1227 2614 slve
1242 2556 1289 2613 eui
1304 2573 1335 2614 se
1349 2559 1569 2616 communicare
1583 2576 1645 2616 non
1658 2564 1764 2634 potest,
1780 2551 1838 2620 hoc

1037 2656 1160 2714 prorsus
1174 2646 1217 2698 est
1229 2639 1413 2714 impossibile
1427 2660 1434 2697 ε
1450 2640 1598 2700 sichomo
1612 2647 1656 2700 e'st
1674 2644 1836 2718 possibilie,

1037 2725 1110 2799 quie
1132 2724 1181 2781 llel
1203 2725 1328 2782 essentie
1350 2725 1388 2782 ab
1411 2719 1533 2784 homine
1549 2717 1762 2808 participabilis
1782 2728 1835 2787 est.

1037 2811 1172 2882 Deosque
1192 2809 1323 2866 hominis
1340 2810 1430 2868 habet
1444 2811 1543 2869 ideam
1562 2811 1722 2886 practicam
1740 2811 1770 2868 in
1783 2817 1837 2870 sli'a

1037 2891 1176 2960 essentia,
1189 2892 1274 2963 juxta
1286 2905 1378 2966 quarn
1393 2902 1462 2949 eum
1476 2887 1624 2962 formare,
1645 2892 1732 2968 eique
1747 2901 1836 2952 sunm

1037 2989 1100 3030 esse
1114 2975 1333 3032 communicare
1347 2979 1443 3050 potest
1448 2997 1457 3048 3
1481 2977 1620 3034 chimaera
1637 2990 1708 3034 vero
1726 2981 1769 3034 est
1782 2978 1837 3033 ini-

1036 3053 1205 3131 possibills,
1218 3059 1291 3131 (pria
1305 3060 1353 3116 nei
1367 3061 1522 3117 essentiam
1536 3061 1711 3136 participare
1723 3062 1836 3135 nequit,

1036 3154 1090 3198 neo
1104 3143 1179 3199 Deus
1193 3142 1256 3212 ejus
1267 3143 1358 3200 hanel
1369 3136 1482 3212 ideam,
1495 3144 1580 3216 juxta
1594 3151 1764 3218 quantaene
1777 3143 1836 3202 for·

1037 3228 1098 3281 met
1112 3223 1199 3298 eique
1216 3239 1304 3282 suum
1319 3233 1382 3283 esse
1404 3227 1601 3284 eommunicet
1606 3245 1615 3298 3
1637 3227 1710 3301 quia
1728 3224 1837 3286 scilicet

1036 3303 1085 3364 liei
1098 3307 1223 3366 essentia
1236 3306 1406 3366 chimaeram
1424 3309 1456 3366 iu
1478 3323 1509 3368 se
1530 3321 1593 3368 non
1610 3308 1756 3382 continet,
1781 3324 1835 3370 nee

1034 3389 1212 3463 formaliter,
1227 3407 1281 3449 nec
1295 3387 1466 3450 eminenter.
1482 3395 1577 3462 Quare
1592 3393 1728 3451 nonnulli
1742 3394 1835 3454 Theo·

1034 3473 1097 3546 logi
1109 3477 1136 3528 τὸ
1150 3491 1197 3546 epo
1210 3486 1270 3532 scm
1283 3477 1332 3546 qui
1344 3484 1414 3542 cum,
1427 3475 1527 3544 ,omnis
1537 3471 1706 3548 theologias
1725 3475 1835 3552 prinei-

1034 3558 1134 3631 pium,
1147 3559 1209 3615 imo
1224 3570 1373 3616 summam
1388 3563 1417 3617 et
1430 3553 1643 3633 compendium
1657 3560 1799 3618 statuunt.

1070 3638 1143 3700 itote
1158 3659 1166 3700 ε
1181 3643 1269 3702 Sicuti
1282 3656 1392 3701 nomen
1407 3639 1505 3702 tietest
1517 3658 1589 3712 esse,
1603 3645 1643 3702 tta
1656 3661 1672 3703 e
1687 3647 1835 3705 contrario
1860 3657 1947 3714 eropu-

139 3776 146 3789 .
233 3730 326 3800 Nono,
341 3737 432 3787 usum
445 3729 498 3804 qui
512 3735 621 3796 surm»
637 3729 669 3787 id
684 3727 727 3786 est
740 3739 820 3786 unus
838 3743 922 3800 sum,
940 3728 993 3804 qut
1035 3731 1236 3786 ereaturarum
1249 3740 1360 3786 nomeu
1372 3731 1555 3797 calcaneum
1570 3733 1604 3785 ut
1616 3729 1640 3784 sl
1650 3733 1771 3798 rogetur
1781 3729 1834 3788 ho·
1848 3731 1885 3824 ξω
1894 3733 1954 3767 aaa·

131 3851 134 3860 ‚
197 3814 294 3872 habeo
306 3825 369 3870 esse
381 3828 417 3871 ex
428 3821 486 3871 nic.
500 3811 584 3870 Recte
595 3829 666 3884 ergo
678 3807 752 3870 dixit
763 3813 818 3870 tob
827 3828 892 3887 cap.
903 3825 992 3871 xxru:
1035 3828 1097 3882 mo,
1109 3811 1193 3884 lapis,
1208 3811 1331 3882 angelus
1343 3829 1349 3866 :
1361 3811 1431 3880 Quis
1444 3811 1495 3868 cai
1509 3811 1562 3886 qui
1571 3813 1704 3869 vocaris?
1715 3821 1836 3886 'respon-
1861 3795 1948 3890 232¹?

202 3903 288 3971 «lpse
302 3898 384 3957 solus
397 3901 451 3969 est3
462 3917 476 3951 s
488 3897 513 3953 si
527 3897 606 3954 enim
617 3903 692 3955 esset
701 3897 768 3972 quis
779 3896 865 3967 allus,
880 3895 994 3954 habens
1036 3895 1105 3952 dere
1117 3895 1211 3968 possit
1220 3899 1249 3951 et
1263 3892 1369 3952 debent
1383 3914 1389 3951 :
1403 3889 1498 3952 lieutu
1513 3903 1624 3952 nornen
1633 3899 1675 3952 est
1687 3912 1747 3953 uon
1758 3913 1834 3967 esse,
1849 3911 1882 3948 esa
1911 3919 1954 3978 nen

199 3981 293 4038 simile
303 3993 366 4038 esse
376 3981 579 4053 independens
589 3977 617 4038 et
626 3979 786 4052 inlinitum,
801 3983 825 4038 ls
835 3986 910 4038 esset
921 3985 994 4038 lleus
1035 3993 1091 4049 ego
1104 3990 1212 4048 recor,
1233 3987 1295 4034 non
1309 3989 1394 4047 sum,
1412 3977 1503 4050 idque
1520 3982 1626 4048 primo,
1648 3980 1720 4054 quia
1739 3981 1837 4037 omnis
1849 3977 1905 4018 ’Μ’
1923 3968 1955 4073 ἦ]

199 4065 285 4134 alius,
297 4064 410 4122 liabens
423 4065 512 4122 ellam
525 4068 673 4136 naturam,
685 4065 768 4123 aliud
780 4079 843 4121 esse
853 4065 995 4138 indepeu-
1036 4076 1082 4118 res
1103 4064 1200 4116 ereata
1212 4059 1388 4132 prinsquam
1405 4066 1562 4129 crearetur,
1575 4059 1681 4142 hebuit
1693 4059 1836 4120 aeternum
1850 4041 1949 4146 ffiqg,

199 4149 272 4206 dens
285 4152 313 4206 et
326 4149 521 4217 immensum,
536 4147 564 4205 et
577 4151 792 4221 consequenter
805 4147 905 4205 noster
919 4147 995 4204 Deus
1036 4159 1098 4200 non
1119 4156 1191 4199 esse.
1213 4137 1351 4208 secunao,
1369 4142 1394 4199 sl
1415 4143 1615 4217 corruptibilis
1636 4149 1695 4216 est,
1715 4138 1837 4204 habehit
1860 4163 1940 4224 aaran.

197 4239 285 4290 verns
298 4236 326 4290 el
339 4241 417 4289 unus
430 4243 492 4289 non
505 4229 628 4289 liaberet
639 4235 793 4301 naturam,
806 4239 861 4287 nec
876 4247 939 4288 esse
954 4230 995 4288 al·
1037 4239 1156 4282 rursum
1168 4221 1311 4281 aeternum
1321 4239 1383 4282 non
1393 4238 1456 4283 esse
1464 4243 1473 4297 3
1485 4225 1772 4302 sintneorruptlbitis
1782 4235 1835 4300 es'l,
1848 4211 1954 4320 {effla

197 4317 288 4374 terius
301 4305 380 4374 lilius
395 4315 461 4387 llel;
477 4315 606 4390 ideoque
617 4331 679 4373 neu
688 4313 810 4372 haberet
819 4331 907 4372 omne
921 4331 995 4386 esse,
1037 4307 1081 4365 uti
1095 4311 1138 4364 est
1160 4307 1302 4378 augelus,
1316 4311 1413 4381 potest
1430 4318 1546 4386 semper
1559 4305 1669 4368 habere
1688 4320 1749 4370 non
1762 4327 1853 4384 esse,-

58 4417 186 4472 Essepre-
198 4415 232 4458 ευ
245 4399 458 4474 flonseqqentgr
472 4409 535 4456 non
553 4397 629 4456 esset
649 4401 734 4457 Deus,
749 4393 820 4456 mm,
840 4399 869 4456 s,
885 4399 995 4473 Diony.
1037 4391 1109 4465 quia
1123 4389 1215 4464 ipsius
1229 4397 1291 4447 esse
1306 4395 1349 4448 est
1362 4391 1393 4448 lrt
1406 4394 1549 4466 potestate
1567 4389 1617 4451 Del
1631 4393 1721 4452 libere
1737 4395 1838 4468 ipsunt

79 4478 168 4535 prium
198 4483 260 4542 slus
280 4497 346 4558 cap.
366 4487 384 4541 v'
402 4483 442 4541 lie
453 4481 547 4540 viole.
563 4487 665 4542 nemin.
687 4483 774 4542 docet
789 4487 880 4540 Deum
896 4483 996 4541 vocari
1038 4473 1248 4543 conservantis,
1265 4476 1429 4548 etpotentis
1441 4475 1524 4533 omni
1535 4469 1774 4537 momentoill'ud
1787 4487 1838 4536 an-

55 4538 184 4646 ffiffi*
198 4581 261 4638 ens,
274 4568 323 4625 tel
336 4569 399 4624 esse
408 4565 508 4639 potius
522 4575 614 4640 quarn
625 4565 772 4640 quidlibet
785 4563 877 4625 allud.
892 4569 995 4634 Primo,
1038 4553 1171 4614 nihilare.
1198 4552 1303 4623 Tatio,
1320 4559 1392 4630 quia
1406 4555 1480 4615 datm
1492 4564 1552 4631 ast,
1570 4556 1721 4618 variabilis
1733 4567 1762 4619 et
1773 4573 1838 4620 ma-

67 4661 176 4709 tationi·
198 4651 462 4724 queaeramus
480 4651 601 4707 advenit
614 4646 733 4708 cullibet
746 4651 799 4721 rei,
814 4653 842 4707 ct
855 4649 995 4707 ultimum
1038 4641 1137 4699 tabilis
1151 4645 1206 4713 est,
1220 4657 1254 4700 ἔω
1266 4643 1393 4716 proinde
1408 4645 1573 4702 admixtum
1582 4641 1673 4704 habet
1689 4657 1748 4704 110t1
1759 4657 1836 4720 esso;
1852 4660 1933 4707 rann.

81 4724 166 4828 nim}
197 4733 236 4792 ab
260 4743 296 4790 aa
314 4732 440 4802 recedit3
464 4733 596 4800 amando,
618 4735 690 4807 quia
712 4745 775 4790 esse
800 4733 843 4789 est
867 4733 995 4788 maxime
1039 4723 1465 4799 inomnienimmutatione‚
1488 4729 1838 4806 r³l¹0q¹1ffldssfflil³⁵i⁰⁸

52 4788 185 4900 ἕῘἭ
197 4817 336 4874 intimam
350 4814 442 4872 culeis
456 4815 512 4886 ren
528 4814 625 4883 terea,
644 4823 686 4874 est
707 4815 837 4874 maxime
855 4814 997 4897 indepen-
1039 4827 1101 4868 non
1123 4817 1186 4867 esse
1208 4811 1379 4868 includitur·
1402 4813 1521 4880 quarto,
1542 4815 1615 4887 qula
1632 4805 1772 4889 quelibet
1792 4833 1839 4873 res
1852 4828 1939 4880 uuam

65 4909 174 4970 aymus.
198 4903 286 4972 dens3
311 4905 428 4970 quarto,
450 4905 493 4957 est
507 4901 637 4958 maxime
650 4903 864 4970 necessarlum3
881 4905 996 4972 quinte,
1040 4896 1145 4966 ereata,
1162 4895 1201 4953 uit
1215 4895 1297 4952 Plato
1309 4893 1340 4952 in
1352 4896 1494 4968 Theaeteto,
1508 4898 1577 4972 plus
1587 4898 1677 4956 habet
1691 4905 1754 4957 non
1764 4900 1839 4957 entis

197 4989 241 5042 est
254 4981 553 5055 universalissimum
572 4989 658 5050 reato,
672 4981 716 5040 est
729 4977 995 5057 simplicissimum
1040 4987 1130 5052 quam
1144 4978 1229 5050 entis,
1242 4993 1272 5036 v.
1288 4989 1317 5052 g.
1333 4979 1424 5038 homo
1440 4983 1553 5037 tantum
1563 4977 1653 5039 habet
1667 4989 1729 5040 esse
1743 4977 1840 5040 horni-

197 5072 326 5140 septtmc,
340 5070 384 5123 est
397 5063 626 5140 quodammodo
640 5063 804 5137 infinitum;
820 5073 929 5133 octeno,
944 5081 998 5122 cae-
1040 5063 1100 5132 nis,
1115 5064 1168 5119 sed
1181 5054 1272 5120 habet
1283 5071 1345 5120 tlon
1359 5078 1421 5120 esse
1435 5061 1516 5134 coeli,
1532 5061 1631 5137 mirae,
1645 5057 1769 5141 lapidis,
1788 5075 1841 5125 an-

197 5157 260 5208 tern
273 5153 342 5209 sunt
353 5151 540 5225 participatio
555 5149 629 5208 entis
646 5155 674 5208 et
685 5165 763 5220 esse,
782 5161 834 5207 ens
846 5159 917 5206 uero
932 5146 998 5206 nul·
1040 5138 1115 5217 geli,
1135 5142 1321 5220 aliarumque
1341 5157 1440 5203 rarum
1455 5147 1600 5207 omnium.
1624 5151 1724 5224 ltaque
1744 5151 1839 5210 homo
1870 5163 1940 5209 noma

197 5235 256 5293 litte
267 5228 916 5310 estpartleipettmnono,estperiectissimum,
927 5231 998 5306 qula
1039 5229 1129 5287 habet
1144 5229 1260 5287 tantum
1274 5237 1370 5287 unum
1383 5244 1461 5303 esse,
1479 5234 1507 5287 et
1518 5231 1675 5289 innumera
1687 5242 1748 5291 non
1764 5249 1838 5292 esse.
1873 5224 1939 5270 Μ*

198 5319 360 5376 eminenter
379 5319 408 5376 et
426 5319 534 5376 vntute
555 5315 684 5375 continet
703 5313 776 5374 altas
794 5317 996 5391 perfectiones.
1040 5319 1135 5382 ouem
1146 5309 1265 5388 sapiens
1279 5318 1322 5371 est
1335 5313 1387 5388 qui
1400 5329 1447 5384 se,
1465 5317 1493 5372 et
1507 5321 1596 5372 suum
1610 5321 1672 5374 non
1692 5333 1755 5374 esse
1770 5326 1838 5390 003·Ι
1851 5299 1961 5399 ffffiss

198 5404 240 5461 lin
260 5401 371 5476 quibus
388 5403 467 5460 recte
489 5401 613 5473 colligas
634 5401 791 5475 proprium
813 5407 922 5457 nornen
948 5398 997 5458 Dei
1038 5395 1147 5456 noscit!
1170 5399 1213 5455 lla
1232 5399 1260 5456 S.
1282 5399 1409 5454 ioannes
1428 5394 1557 5471 Baptista
1578 5398 1699 5470 rogatus
1721 5417 1729 5456 :
1750 5399 1787 5457 Es
1806 5406 1838 5457 tu
1860 5418 1951 5453 naman

198 5500 262 5544 essa
278 5502 285 5540 :
303 5486 464 5559 «Egosum
473 5485 526 5565 qui
536 5493 639 5543 sum.»
655 5475 891 5559 Signffleatenlm
901 5485 997 5561 ipsam
1038 5481 1188 5541 Christus?
1205 5497 1236 5541 es
1254 5485 1287 5539 tu
1301 5480 1465 5556 Propheta?
1481 5481 1634 5556 respondit
1652 5499 1659 5539 :
1680 5474 1745 5538 tion
1758 5487 1835 5544 sum.
1850 5479 1894 5514 '¹⁰¹²
1904 5479 1960 5520 ⁰⁸⁸⁸·

261 2841 279 2891 0
292 2837 332 2904 qui
345 2841 456 2903 perpetua
468 2835 577 2889 muudum
591 2837 678 2888 ratione
691 2837 816 2900 galerum,

259 2907 378 2962 Terrarum
392 2909 487 2971 caelique
501 2909 571 2970 sator,
586 2907 625 2972 qni
639 2906 729 2972 teutpus
742 2909 770 2957 ab
783 2921 835 2960 oro

260 2981 294 3030 lre
303 2975 524 3044 insanientisque
536 2989 629 3029 manens
639 2974 679 3028 das
690 2983 770 3028 cuneta
782 2977 882 3044 moverl;

260 3051 331 3111 uuam
345 3061 390 3101 nen
404 3055 501 3101 alterna
515 3051 653 3114 pepulerunt
666 3049 751 3112 tepere
765 3059 839 3101 cause

259 3123 357 3173 lictoriae
369 3121 479 3173 fluitantis
490 3133 561 3186 opus,
576 3133 654 3171 verum
667 3120 737 3171 insita
751 3121 834 3172 sumni

261 3194 341 3245 Forma
355 3192 422 3256 honi,
435 3191 507 3244 livore
521 3203 609 3244 carane.

199 3313 372 3371 etllotatin's
385 3299 439 3368 lili.
456 3314 466 3369 l
482 3301 585 3368 Canae

306 3451 348 3512 cai
362 3463 398 3502 res
410 3450 527 3504 namnum
540 3439 682 3510 et'deorun.

307 3521 351 3580 Qui
364 3533 423 3574 mare
437 3527 462 3572 et
474 3525 560 3590 terras,
574 3519 689 3586 vanaque
702 3521 811 3572 muudum

414 3583 534 3658 'lamparet
547 3592 617 3643 noris.
