4100 6024
259 361 278 420 6
804 357 979 418 auscultat
996 357 1116 416 SACRAE
1133 357 1337 416 semmua.

259 463 385 540 tribute,
399 466 504 526 anime
517 459 781 530 immortalitatem,
793 455 975 532 libertatem,
987 477 1050 536 poe·
1126 461 1236 522 Eadem
1256 464 1299 518 est
1316 460 1345 517 S.
1359 456 1531 527 Clementis,
1541 454 1621 513 beati
1638 451 1713 512 Petri
1725 451 1845 514 emtas
1855 455 1887 510 ει

260 563 331 618 nas,
343 550 465 622 premia
485 550 638 620 creataque
658 543 759 600 omnia
773 546 883 614 tangit,
898 543 1004 601 certius
1023 545 1051 600 et
1091 543 1221 616 alumni,
1234 543 1376 601 sententia
1384 585 1394 616 ,
1407 545 1497 616 Epist.
1513 543 1541 596 5.

261 631 384 689 solidius
405 645 494 705 qrrarn
516 627 663 686 naturales
681 625 808 682 scientim
821 628 1050 702 persequuntur,
1128 633 1197 704 Quae
1215 631 1298 688 tertia
1320 631 1403 704 parta
1422 627 1459 685 de
1480 625 1681 683 incarnatione
1698 623 1886 700 qrrteruntar,

262 727 369 787 eisque
383 711 477 772 Slfflbi
491 711 640 778 aberrent,
656 707 687 766 iu
700 707 780 766 viam
793 710 947 768 reducunt.
1092 714 1193 772 omnia
1212 729 1228 771 a
1248 716 1377 788 quatuor
1391 709 1570 782 Evangeliie,
1584 723 1652 784 quae
1669 707 1760 764 ιιιιιιι
1779 703 1888 764 Christi

198 836 203 849 .
298 795 385 864 Quod
402 795 440 852 ed
459 793 622 852 secundum
641 791 755 862 gratim,
768 797 797 848 et
816 794 932 850 tertium
945 791 1052 850 diviui-
1091 802 1244 867 enarrant,
1257 797 1433 870 deprompta
1453 796 1535 862 sunt,
1559 805 1626 866 qum
1640 791 1677 850 de
1693 787 1887 847 sacramentis

262 879 328 938 tetis
347 877 482 936 ordinem
495 919 503 946 ,
515 889 604 932 nemo
622 890 683 931 non
700 874 780 931 ridet
792 889 862 933 cum
876 877 908 932 ι).
923 875 1049 946 Thema,
1091 880 1258 952 veteribus,
1273 895 1309 936 ex
1327 877 1468 949 Levitico3
1491 887 1559 950 qaae
1577 875 1614 931 de
1635 871 1827 934 sacramentis
1845 869 1890 928 ie·

261 961 517 1036 hecphilosophie
531 957 680 1030 incognita
692 956 781 1014 faisse
794 957 873 1030 (cum
881 961 993 1018 nature
1006 956 1052 1015 iu·
1092 963 1137 1037 gir
1159 977 1261 1031 nova,
1284 975 1321 1019 ex
1340 964 1421 1020 Novo
1440 959 1624 1016 Testamenta
1647 955 1773 1030 sparsim
1794 953 1889 1030 petita

262 1061 330 1102 men
344 1041 580 1115 transcendant),
595 1047 623 1098 et
640 1042 704 1098 siue
717 1041 765 1099 uel
782 1039 976 1113 revelatione,
988 1041 1051 1100 sina
1093 1050 1171 1106 sunt.
1188 1047 1258 1118 Ques
1273 1047 1304 1102 in
1314 1043 1413 1122 prima
1425 1041 1563 1100 secundm
1577 1040 1614 1097 dc
1630 1037 1832 1112 heatitudine,
1847 1037 1889 1095 de

143 1140 166 1185 ⁸·
180 1137 249 1194 Seria
262 1129 311 1187 bei
324 1127 416 1187 verbo
431 1127 498 1186 sciri
508 1140 570 1184 ⁰⁰11
583 1138 681 1200 Poste·
694 1123 795 1182 Vidffl’
808 1139 894 1198 erat),
903 1129 937 1182 ui
948 1139 1051 1182 omnes
1092 1131 1207 1190 actibus
1218 1129 1373 1199 humanis,
1387 1125 1537 1197 libertate,
1548 1125 1712 1198 spontaneo
1720 1163 1731 1194 ,
1740 1119 1890 1195 passioni·

150 1203 244 1304 ’ἑξεῖ
261 1225 361 1269 rerum
380 1211 499 1270 ordines
511 1223 595 1267 secra
607 1207 754 1282 Scriptura
771 1207 900 1279 ambiat,
911 1207 1051 1266 omnibus
1093 1215 1170 1288 bus,
1183 1216 1304 1292 pearata
1317 1209 1471 1284 originali,
1482 1205 1611 1278 veniali,
1625 1203 1757 1278 mortali,
1769 1203 1806 1264 de
1819 1217 1890 1276 gra·

149 1321 242 1379 parua.
262 1311 293 1353 ⁸0
306 1295 451 1364 insinuet,
465 1299 494 1351 ei
514 1293 599 1366 (ι11ιεί
613 1291 658 1349 ⁵⁰¹
676 1289 827 1365 ⁵1¹1)ientioe
837 1289 935 1348 ⁰fflfli⁵
947 1289 1051 1348 viril&-
1093 1297 1151 1370 tia,
1164 1297 1289 1368 meritis,
1301 1286 1450 1353 demeritis
1462 1294 1633 1360 tractantur,
1648 1288 1748 1357 unde,
1764 1301 1890 1364 queso,

262 1377 408 1438 iisrudios
421 1395 439 1436 a
450 1391 481 1434 so
494 1373 652 1434 diffundat·
1094 1380 1151 1438 nisi
1172 1381 1223 1438 liei
1241 1377 1419 1436 revelatione
1438 1372 1595 1433 constanti
1608 1371 1679 1441 Ques
1701 1369 1734 1428 in
1755 1369 1890 1430 emunda

141 1473 199 1519 urus
216 1477 250 1520 ce
297 1467 478 1536 Aristoteles,
498 1465 547 1522 rel
564 1463 700 1540 quisquis
720 1465 764 1520 est
783 1463 897 1532 auctor,
914 1457 993 1518 libre
1014 1464 1052 1518 lte
1094 1463 1232 1521 secundas
1242 1463 1280 1520 ds
1291 1461 1362 1532 tide,
1373 1473 1436 1533 spe,
1447 1457 1587 1515 charitate
1600 1451 1891 1532 disputantur,adeo

152 1547 232 1642 Ἠ
262 1553 374 1618 Mando,
388 1563 523 1625 quaerens
533 1546 608 1621 quid
621 1549 659 1603 sit
671 1547 765 1604 neus:
782 1546 863 1601 ailoe
876 1542 908 1601 in
918 1545 1050 1618 mundo,
1094 1547 1183 1604 saeris
1196 1544 1307 1603 Litteris
1321 1543 1465 1610 nituntur,
1479 1543 1513 1596 ιιι
1525 1537 1623 1596 omnis
1639 1550 1742 1595 aarum
1755 1535 1892 1594 intellec·

229 1628 235 1640 '
261 1637 373 1710 inqrrit,
387 1639 430 1691 est
444 1635 532 1702 Deus,
545 1631 629 1705 quod
640 1631 671 1686 in
680 1628 748 1687 navi
763 1625 953 1700 gubernator,
968 1627 1052 1704 quod
1094 1634 1142 1688 tus
1153 1629 1193 1687 ad
1202 1630 1258 1685 ista
1268 1627 1324 1684 tria
1334 1623 1487 1693 referatur,
1496 1621 1536 1678 ait
1545 1621 1573 1679 S.
1587 1621 1777 1692 Augustinus,
1792 1619 1845 1677 iih.
1861 1621 1889 1679 il

260 1720 292 1776 in
306 1735 394 1776 curru
407 1717 527 1790 auriga,
549 1716 579 1772 in
595 1715 687 1771 choro
705 1715 879 1785 praecentor,
892 1711 924 1768 in
937 1711 1051 1771 civitate
1095 1715 1134 1770 lte
1146 1712 1455 1774 doctrtncdirrieiioao,
1468 1721 1591 1780 cap-¹1..
1613 1704 1800 1764 «linirentur
1811 1720 1892 1778 prae-

260 1803 323 1872 lex,
339 1801 369 1858 in
387 1801 515 1858 exercita
531 1797 690 1870 imperator
706 1812 715 1854 z
729 1815 743 1852 o
765 1795 822 1852 nisi
836 1796 919 1869 quod
942 1794 972 1852 in
994 1795 1052 1854 iliis
1095 1797 1188 1870 cepti,
1202 1796 1241 1852 eit
1253 1793 1426 1868 apostolus,
1440 1795 1484 1847 est
1496 1787 1621 1846 chorites
1634 1787 1673 1846 de
1685 1787 1775 1844 corda
1788 1803 1890 1860 puro,

260 1885 441 1961 principatus
454 1879 619 1938 laboriosus
633 1885 687 1950 est,
696 1877 883 1954 perturbatus
892 1881 920 1936 ct
929 1879 1050 1952 anxiua3
1095 1884 1123 1938 et
1137 1879 1313 1937 conscientia
1326 1876 1417 1946 bona,
1430 1869 1702 1929 etfidenenilcta.r
1721 1869 1812 1927 «Fide
1824 1885 1892 1928 non

261 1971 292 2027 in
307 1972 364 2026 lico
381 1965 555 2031 facillimus,
571 1963 739 2021 liberrimus
759 1965 787 2018 et
805 1960 1050 2022 ordinatissimus.
1094 1963 1196 2033 fictae
1212 1977 1250 2019 en
1262 1959 1316 2020 tibi
1328 1959 1402 2017 fides
1416 1958 1541 2028 sincera3
1557 1953 1758 2013 rconsciantie
1770 1953 1889 2027 bonan

261 2056 342 2111 idem
356 2051 464 2108 dixeris
480 2049 517 2107 ds
531 2063 614 2106 sacre
627 2046 788 2120 Scriptura,
803 2057 870 2118 qum
884 2044 949 2102 aliis
962 2047 1052 2104 scien·
1095 2061 1133 2104 en
1145 2061 1229 2122 spes:
1240 2045 1321 2104 hona
1335 2041 1414 2100 enim
1427 2039 1605 2098 conscientia
1616 2043 1725 2116 speret,
1740 2040 1819 2096 mala
1833 2039 1892 2097 de·

143 2149 199 2194 usas
217 2151 250 2192 rs
262 2139 308 2195 tiis
323 2136 446 2206 duxest,
458 2134 523 2201 lex,
536 2133 672 2205 princeps
691 2134 719 2186 et
736 2128 926 2186 moderatrix.
950 2129 1053 2202 Empe·
1095 2134 1205 2203 sperat;
1223 2125 1374 2184 «charitas
1394 2124 1431 2181 de
1449 2123 1539 2180 corde
1556 2137 1680 2196 paro,e
1696 2121 1891 2180 eocharitas.

149 2211 244 2280 *ihm*
263 2222 363 2281 docies
374 2233 456 2287 vero,
470 2219 591 2289 rogatas
603 2214 678 2288 quid
689 2217 763 2270 esset
775 2215 861 2284 heus,
875 2214 1028 2285 respoudit
1043 2231 1051 2270 ε
1096 2217 1166 2284 Quae
1184 2212 1223 2270 de
1237 2209 1366 2284 justitie,
1383 2205 1571 2275 fortitudine,
1585 2203 1761 2279 prudentia,
1775 2210 1894 2280 tempe-

142 2282 250 2376 ffiffi
264 2309 338 2362 Deus
356 2307 398 2361 est
417 2301 532 2377 sphera
543 2295 866 2372 incomprehensibilis,
882 2297 967 2366 cujus
987 2311 1053 2354 cen·
1095 2298 1207 2366 rantis,
1220 2299 1250 2354 et
1267 2295 1348 2351 hisce
1365 2290 1487 2350 annexis
1503 2288 1660 2347 vimutihus
1678 2288 1894 2348 docentlheo-

149 2392 240 2448 uhtaus.
264 2394 341 2446 trum
362 2391 407 2444 est
427 2379 554 2457 ubique,
574 2378 809 2438 circumferentia
829 2393 989 2451 nusquam.
1008 2379 1053 2437 Sic
1095 2383 1173 2454 logi,
1188 2385 1253 2439 tum
1273 2384 1365 2440 liosee
1382 2376 1521 2437 iussero
1541 2378 1570 2432 et
1589 2376 1795 2432 praecauere
1810 2389 1891 2448 pras-

143 2453 250 2558 3⁰¹2}ss
263 2471 378 2544 roganti
390 2468 535 2546 quidnam
548 2465 586 2523 sit
598 2479 681 2524 sacra
693 2464 851 2538 Scriptura,
864 2466 942 2520 recta
954 2463 1051 2523 dicas:
1095 2465 1185 2539 ceptis
1196 2461 1402 2536 judicialibus,
1417 2459 1529 2534 quihus
1538 2458 1588 2529 jus
1600 2457 1709 2530 cuique
1723 2455 1792 2514 dicit
1800 2475 1809 2527 ι
1823 2463 1893 2516 erm

160 2587 232 2632 quam.
264 2557 382 2630 Sphoera
396 2559 439 2611 est
455 2549 618 2624 discipilum
631 2544 953 2621 incomprehensibilis.
968 2547 1053 2620 cuius
1095 2551 1234 2609 mlomon
1245 2541 1807 2612 inProocrtits,Ecciestosts,8optsnttnr
1822 2543 1893 2598 tum

261 2645 395 2698 centrum
416 2637 459 2694 est
478 2633 608 2707 ubique,
627 2629 861 2690 circumferentia
879 2643 1051 2704 nusquam:
1097 2632 1311 2691 Ecclesiasticus
1321 2624 1624 2703 complectiturcinde
1633 2624 1763 2696 πανιριτις
1771 2628 1814 2681 εει
1827 2624 1893 2682 dio-

261 2726 310 2783 Dei
328 2723 408 2780 enim
426 2719 556 2776 verbnm
574 2719 617 2774 est
637 2717 784 2790 Scriptura
804 2729 897 2773 saera.
914 2717 1010 2784 Quare
1021 2721 1054 2775 ut
1095 2721 1156 2787 tus,
1171 2714 1258 2788 quasi
1270 2712 1368 2784 dicas,
1384 2710 1481 2768 omnis
1493 2710 1596 2767 ιιιιιιε.

261 2807 367 2865 mentis
388 2807 495 2861 nostra
513 2800 640 2858 verbum
656 2802 784 2856 mantem
804 2797 900 2873 ipsam
910 2841 918 2870 ,
930 2799 1053 2878 eiusque
1130 2805 1216 2861 Sacra
1231 2801 1312 2859 enim
1328 2799 1476 2874 Scriptura
1489 2797 1531 2854 sic
1543 2813 1563 2854 a
1579 2793 1687 2870 Spiritu
1699 2797 1803 2854 Sancto
1816 2811 1892 2854 cen-

261 2905 347 2948 sensa
369 2887 469 2945 omnin
489 2883 576 2942 refert
589 2901 596 2940 ι
609 2883 650 2942 ita
666 2885 694 2940 S.
713 2883 861 2956 Scriptura
882 2883 988 2942 mentis
1010 2883 1054 2943 di·
1096 2885 1181 2944 cinae
1200 2888 1335 2944 contexta
1354 2887 1414 2953 est,
1434 2885 1467 2938 ut
1486 2879 1627 2938 omuibus
1645 2879 1735 2951 iocis,
1749 2881 1891 2955 tempori-

260 2975 337 3032 vinoe
350 2972 489 3040 Verbum,
505 2972 536 3026 in
550 2983 615 3026 sese
629 2967 762 3040 unicum,
776 2972 804 3023 et
816 2967 917 3024 divino
926 2968 1054 3028 intellec·
1095 2970 1168 3040 bus,
1181 2967 1331 3044 personis,
1344 2964 1584 3034 difficultatibus,
1597 2962 1750 3038 periculis,
1763 2965 1891 3038 morbis,

259 3058 302 3116 tui
316 3061 344 3115 ει
363 3053 525 3127 cognitioni
543 3053 629 3128 quasi
647 3053 836 3126 adaquatum
851 3052 928 3126 (que
945 3052 1054 3110 scilicet
1096 3051 1182 3110 melis
1196 3050 1358 3126 pellendis,
1373 3049 1460 3106 bonis
1474 3045 1669 3119 accersendis,
1684 3047 1833 3106 erroribus
1840 3049 1893 3120 jn·

259 3157 305 3212 se,
321 3153 367 3196 ree
381 3153 499 3208 omnes,
514 3136 662 3193 naturales
675 3141 704 3194 et
716 3134 963 3210 supernaturales,
978 3139 1053 3196 Deus
1096 3135 1249 3208 gulendis,
1264 3131 1453 3204 dogmatibus
1471 3129 1651 3203 statuendis,
1664 3131 1820 3189 virtutibus
1842 3133 1892 3190 in-

259 3239 321 3282 uuo
339 3221 445 3280 mentis
464 3221 555 3278 cernit
571 3222 602 3277 in
619 3219 700 3293 ictu),
714 3219 853 3292 exprimit
865 3220 1013 3294 permulta
1025 3223 1054 3280 et
1096 3219 1243 3287 serendis,
1262 3217 1340 3274 vitiis
1361 3212 1572 3290 propulsandis
1588 3229 1651 3272 sese
1668 3217 1890 3289 accommodat3

258 3306 357 3376 varia,
372 3309 406 3362 ut
423 3306 529 3361 mentis
545 3308 652 3361 nostrae
670 3303 830 3376 augustiis,
846 3319 914 3378 qum
932 3305 1053 3362 unicum
1096 3309 1130 3362 ut
1140 3304 1245 3361 merito
1259 3302 1286 3360 S.
1299 3299 1422 3358 Basilus
1440 3315 1506 3358 eam
1521 3297 1645 3356 ciliciae
1655 3298 1888 3358 inshnctissimse
1902 3310 2026 3367 εειιριιιι

259 3389 336 3445 iliud
349 3387 549 3444 vastissimum
562 3402 623 3444 nou
635 3386 728 3459 capit,
739 3391 836 3444 toturn
849 3387 986 3461 quidem,
1000 3388 1053 3445 sed
1096 3390 1263 3460 comparet,
1286 3397 1354 3459 que
1372 3383 1490 3454 omnia,
1505 3385 1533 3440 et
1552 3383 1649 3440 omnis
1668 3385 1781 3454 generis
1798 3384 1890 3458 phar·
1902 3378 1940 3416 Μ
1957 3373 2026 3430 ⁹¹¹²*

1911 3446 2017 3491 mesopo-

261 3469 405 3527 frustatim
428 3469 514 3542 quasi
539 3469 657 3541 pueris,
678 3483 732 3542 per
757 3469 853 3525 varias
880 3471 1052 3542 sententies,
1096 3485 1181 3528 mace
1193 3467 1350 3542 quibusvis
1363 3467 1476 3525 morbis
1489 3465 1675 3540 suppeditat-2
1686 3465 1725 3523 ita
1735 3467 1889 3542 nimirum,
1928 3495 2002 3541 rim

262 3553 415 3625 exempla,
429 3550 637 3608 similitudines
657 3550 765 3607 sensim
778 3551 901 3621 ingerat.
916 3553 1003 3626 atqui
1017 3569 1053 3609 es
1097 3557 1180 3611 atax
1191 3567 1227 3609 ca
1238 3549 1374 3619 Ecclesia,
1388 3551 1462 3609 dum
1473 3553 1607 3624 tempora
1618 3553 1701 3606 erant
1715 3551 1889 3625 ilertyrum,

261 3636 319 3692 hoc
332 3633 439 3692 deinde
453 3635 539 3708 quasi
550 3633 640 3704 mari,
655 3632 823 3690 scholastici
841 3633 921 3690 rivos
935 3635 1053 3692 concin-
1097 3635 1225 3694 hauserit
1237 3634 1432 3693 constantiam
1446 3647 1531 3690 snam
1544 3637 1572 3690 et
1582 3631 1783 3692 fortitudinem
1791 3653 1799 3706 ;
1815 3637 1891 3694 dum

261 3719 380 3776 sianum
390 3715 633 3788 Theologicarum
645 3715 784 3772 educunt.
798 3716 879 3773 Tolle
893 3718 1053 3774 eSchoias·
1097 3723 1231 3791 tempora
1248 3720 1405 3775 Doctorum
1415 3759 1425 3788 ‚
1445 3715 1595 3791 sapienties
1615 3716 1743 3787 lumina,
1765 3718 1895 3778 flumina

262 3801 318 3858 tica
331 3802 358 3857 S.
373 3801 569 3872 Scripturam,
589 3814 650 3855 non
664 3797 874 3869 theologiam,
890 3799 942 3854 sed
959 3799 1055 3856 Philo·
1097 3801 1285 3876 eloquentiam
1302 3799 1375 3858 dum
1387 3799 1745 3875 temporahrereticoram,
1758 3801 1828 3861 ildei
1840 3803 1893 3862 tir-

263 3884 399 3958 sophiam
417 3883 503 3941 dabis
513 3901 521 3952 ;
542 3881 738 3956 Philosophus
760 3881 832 3950 eris,
854 3897 914 3938 non
933 3882 1055 3940 Theolo·
1098 3891 1257 3956 memeuta,
1271 3899 1406 3942 errorum
1419 3884 1619 3954 eversionem
1634 3883 1665 3940 in
1677 3887 1838 3959 prosperis,
1853 3903 1894 3945 ex

263 3965 639 4040 guszutramqueinvicem
651 3979 757 4022 nexam
769 3967 871 4037 junge,
884 3964 1055 4024 omncleres
1097 3983 1134 4026 ee
1153 3967 1287 4025 didicerit
1307 3967 1504 4024 humilitatam
1522 3970 1550 4023 et
1570 3967 1745 4024 modestiam
1752 3986 1762 4040 ς
1786 3968 1816 4026 in
1838 3971 1894 4028 ad·

263 4055 407 4124 punctum
420 4054 449 4107 ct
458 4049 597 4120 Theologi
611 4052 640 4106 et
654 4047 834 4121 Philosophi.
1098 4053 1208 4124 vorsis,
1225 4051 1513 4124 magnanimitatem
1529 4049 1562 4107 in
1575 4053 1676 4123 tepore
1686 4092 1697 4122 ,
1707 4051 1895 4115 fervoremat

200 4175 206 4190 .
299 4141 339 4195 lta
354 4155 422 4212 que
435 4138 533 4210 prima
542 4141 625 4210 parte
638 4136 677 4195 de
690 4137 738 4193 liei
752 4135 877 4194 essentia
891 4138 920 4192 et
934 4135 1055 4196 attribu·
1098 4134 1299 4208 diligentiam
1314 4134 1458 4208 denique,
1474 4133 1500 4190 si
1518 4133 1641 4208 quando
1659 4137 1703 4191 tot
1721 4134 1893 4197 iubentibus

263 4223 300 4280 tis
310 4263 319 4292 ,
331 4222 367 4279 de
378 4220 634 4297 predestinatione
645 4264 652 4290 ‚
663 4221 701 4280 da
714 4221 849 4292 Angelis,
864 4219 902 4276 de
915 4219 1037 4277 homine
1043 4260 1056 4291 ,
1098 4222 1198 4286 annis,
1207 4219 1308 4288 senio,
1322 4215 1463 4287 maculis,
1477 4216 1567 4273 naris
1581 4215 1771 4290 deformetur,
1785 4236 1822 4278 ex
1835 4221 1895 4280 hac

264 4305 301 4362 da
313 4319 401 4379 opere
412 4320 464 4361 sex
473 4305 589 4362 dierum
599 4303 692 4377 (quod
701 4303 940 4362 totumexiiencs.
954 4315 1055 4377 capr,
1098 4319 1217 4361 morum
1228 4302 1413 4376 perditorum
1425 4301 1649 4373 restitutionem,
1660 4305 1749 4376 atque
1763 4303 1895 4364 reditum

263 4389 388 4462 petitum
406 4404 469 4446 esse
483 4388 608 4462 liquet),
626 4391 787 4444 tractantur
805 4403 823 4444 a
843 4389 876 4444 l).
897 4386 1010 4444 Thema
1028 4389 1057 4444 et
1099 4387 1139 4443 ad
1157 4385 1312 4460 pristinam
1329 4383 1502 4456 dignitatem
1523 4386 1552 4440 et
1575 4387 1684 4441 statam
1706 4385 1763 4444 sihi
1783 4387 1896 4446 adscis-

263 4470 457 4540 Scholastlcis,
468 4470 575 4526 hausta
587 4473 616 4527 et
628 4471 756 4527 deducta
768 4469 1003 4545 suntexiisquae
1012 4485 1058 4529 sa·
1099 4475 1156 4528 cet.
1172 4471 1213 4528 ita
1230 4469 1259 4526 S.
1272 4469 1437 4527 hemardus
1449 4469 1480 4526 in
1493 4467 1545 4526 illa
1558 4469 1662 4527 Christi
1671 4471 1779 4544 verba,
1805 4472 1838 4531 Si
1849 4479 1897 4534 or'a

264 4569 381 4612 orarum
402 4553 574 4611 litterarum
587 4551 764 4612 revelatione
778 4552 946 4612 didicimus.
961 4555 1056 4624 Quare
1098 4555 1236 4626 perfectus
1256 4567 1324 4618 csse,
1344 4551 1429 4619 cnm,
1450 4551 1534 4609 erade
1554 4556 1646 4610 omnic
1666 4571 1728 4626 mcc
1748 4557 1846 4625 istm,
1866 4565 1896 4617 et

264 4640 293 4695 S.
307 4637 482 4712 Dionysius,
496 4637 588 4709 digito
605 4637 753 4696 adfantes
771 4637 1057 4710 intent0‚coelcstem
1100 4638 1138 4694 do
1162 4637 1343 4708 perpessas,
1372 4642 1399 4692 et
1422 4636 1529 4693 latetis
1556 4637 1712 4694 threcarum
1737 4643 1769 4696 ιιι
1795 4645 1857 4699 cole
1885 4663 1895 4701 ι

264 4737 350 4780 suam
363 4719 558 4779 hierarchiam
572 4721 612 4778 ita
628 4719 761 4778 orditur:
774 4719 840 4780 edd
853 4735 950 4780 sacras
963 4721 1058 4797 Scrip-
1103 4739 1118 4775 u
1131 4721 1196 4777 iiaec
1203 4760 1214 4789 ,
1228 4719 1281 4790 ait,
1301 4717 1393 4777 verba
1412 4725 1480 4776 sunt
1493 4735 1561 4794 que
1573 4725 1776 4795 contemptum
1788 4727 1898 4786 mnndi

264 4809 345 4862 turae
365 4803 589 4876 intelligendas,
602 4809 692 4878 prout
711 4803 777 4860 ilias
789 4819 808 4861 a
822 4803 955 4862 Patribus
974 4817 1056 4862 acce·
1101 4803 1132 4862 in
1151 4803 1290 4861 uniuerso
1310 4802 1443 4873 mundo,
1459 4807 1488 4861 et
1502 4803 1702 4861 voluntariam
1720 4820 1897 4880 persuasere
1918 4821 1927 4840 ·

265 4889 364 4962 pimus
373 4887 567 4958 contuendas,
576 4901 633 4962 pro
641 4885 755 4943 viribus
764 4902 933 4960 pergamus,
944 4889 971 4943 et
982 4903 1057 4960 quas
1100 4887 1469 4963 paupertetcm;heecsunt
1478 4889 1704 4962 quemonacbis
1715 4892 1841 4950 claustra
1851 4909 1899 4952 ra·

265 4970 308 5028 itii
323 4971 409 5028 nobis
425 4972 473 5028 vei
485 4987 539 5045 per
555 4971 656 5041 signa,
669 4971 717 5030 eei
735 4985 788 5044 per
802 4971 999 5042 intelligentiae
1013 4987 1058 5029 se·
1100 4972 1199 5046 pient,
1214 4972 1328 5028 deserta
1341 4971 1560 5028 anachoretis.»
1574 4975 1650 5030 itas.
1662 4972 1830 5034 tridentine
1842 4979 1898 5052 Sy-

265 5055 397 5113 oratioris
408 5070 515 5113 arcana
525 5055 719 5124 tradiderunt,
729 5053 890 5111 celestium
901 5053 1058 5126 spirituum
1101 5055 1200 5112 nodus
1214 5054 1345 5110 Ecclesia
1355 5053 1595 5111 reformationem
1608 5072 1626 5112 e
1639 5055 1667 5113 S.
1682 5057 1831 5131 Scriptura
1844 5077 1898 5118 or·

267 5139 468 5197 dlstinctiones
491 5143 519 5196 et
536 5138 675 5208 ordines,
690 5137 721 5194 in
734 5139 879 5210 qrrarrtum
897 5149 1058 5210 possumus
1101 5138 1195 5208 ditur,
1205 5139 1326 5210 totoque
1340 5133 1437 5210 primo
1453 5138 1569 5195 decreto
1587 5141 1625 5194 ile
1641 5141 1844 5208 hermantiam
1856 5145 1898 5202 de

267 5220 464 5296 speculemur.
474 5241 489 5274 a
500 5221 528 5278 Si
542 5221 621 5277 enim
635 5219 831 5292 Angciosaon
840 5219 994 5292 pingerent
1005 5235 1058 5276 no·
1100 5235 1161 5276 une
1175 5219 1298 5276 lectione
1313 5222 1340 5277 S.
1355 5222 1509 5295 Scriptura.
1525 5219 1622 5278 ubivis
1640 5221 1775 5280 iocorum
1792 5226 1840 5284 vel
1851 5225 1899 5285 in·

267 5304 315 5364 bis
336 5320 425 5363 sacrae
447 5304 576 5373 Litterae,
599 5303 666 5375 quis
688 5302 819 5376 Apelles,
842 5301 909 5373 quis
933 5302 1057 5375 oculus,
1102 5303 1317 5374 stituenda,vei
1330 5305 1713 5378 revocanda,tamsoilicita
1726 5309 1898 5382 quammse

269 5383 943 5461 quodacumeueosvestigandodeiineassctt
1101 5387 1242 5459 precipit.
