4042 6032
4 361 7 438 t

1675 191 1740 255 xcv

108 309 231 384 tluendo
248 309 415 385 primoillo
428 309 592 383 augustiori
604 322 693 368 sensu
706 304 903 384 succipitur,et
948 307 1090 380 ὓθῑᾶῒφῐθ
1110 305 1261 376 Pssfflflffir
1276 317 1383 368 ”Mem
1395 319 1463 380 ΨΜ
1476 297 1611 363 mdfflffl‘
1629 307 1740 376 ‘mm'
1857 319 1859 322 ¹

105 393 151 450 hic
162 393 374 452 videturvocis
388 397 482 464 otuu,
497 397 606 461 eciam,
621 406 724 451 sensus
736 391 903 467 primitivus
947 391 1068 466 proprie
1081 390 1165 450 nubre
1177 389 1352 463 significare.

4 495 6 546 i
105 475 411 553 etmagisproprius3
427 492 605 550 nam,vers.
619 477 653 549 8,
677 473 903 534 «vocavitneus
982 475 1073 550 igitur
1085 479 1147 534 erat
1157 481 1227 534 tunc
1241 476 1317 532 circa
1331 475 1469 533 tellurem
1480 475 1512 532 in
1525 471 1604 533 edita
1613 473 1687 533 ueris
1698 493 1742 536 re·

4 557 6 616 i
105 557 325 619 firmamentum
340 559 650 635 (hoodieisecundre),
664 557 814 632 coelum3a
831 555 903 617 alibi
948 559 1036 632 glane
1046 561 1132 635 quasi
1142 557 1281 636 quaedam
1291 557 1417 616 nubium
1429 555 1541 617 fornix:
1558 559 1633 618 Deus
1644 565 1743 622 autem

12 4444 16 4452 ,
119 4385 208 4438 isaim
218 4386 304 4446 (m
315 4384 341 4448 r)
354 4383 386 4434 da
402 4379 503 4447 amens
515 4383 583 4434 hanc
594 4381 677 4446 ipsum
690 4380 774 4434 torum
788 4391 911 4448 exponat,

106 645 237 703 secundo
257 645 396 718 ampliori
416 658 506 702 sensu
522 643 664 713 sumitur,
689 647 718 700 et
740 641 904 717 aliquando
948 643 1096 702 mediante
1109 643 1452 717 hacaeriaexpansione,
1466 645 1742 720 quamntmosphre-

106 725 247 786 nobiliori
268 727 367 785 adhuc
383 731 412 784 et
434 724 558 801 spiritali
574 725 787 799 significatione
800 725 905 800 accipi·
948 741 1013 784 ram
1026 727 1223 801 appellamus,
1237 743 1286 784 eas
1300 725 1409 797 divisit,
1424 741 1489 798 seu,
1504 729 1588 802 quod
1598 724 1742 803 idemest,

106 814 164 881 tur,
176 813 210 868 ut
222 811 368 884 significet
381 811 492 881 locum,
502 809 534 868 iu
546 825 609 884 quo
621 811 697 867 Deus
710 810 803 868 beatis
817 806 905 884 Spiri-
948 825 1107 883 parcerem
1121 809 1190 869 lecit
1203 815 1235 868 ut
1247 825 1289 868 ere
1303 807 1550 870 dividerenturab
1565 811 1661 885 aquis,
1674 829 1742 887 quse

106 893 184 951 tibus
203 895 337 968 seipsum
354 891 530 952 manifestat.
550 893 580 952 si
603 896 638 951 ut
659 891 844 964 communis,
863 891 905 950 ita
948 899 1031 952 erant
1044 893 1100 954 sub
1113 895 1321 970 atmosphaera,
1336 895 1477 954 nimirum
1490 893 1529 954 ab
1544 897 1743 972 aquisiaciem

107 989 175 1034 vera
189 982 235 1033 est
249 977 452 1051 interpretatio
466 976 548 1035 vocis
570 979 703 1034 shomctm
712 976 749 1049 (t)
769 977 853 1050 quod
867 975 904 1034 si·
948 983 1031 1037 terrra
1045 979 1221 1053 tegentibus.
1236 983 1291 1038 Nec
1309 980 1470 1055 improprie
1485 983 1682 1056 atmosphaere
1695 989 1742 1056 ttr-

107 1057 241 1132 gaiflcet,
255 1061 304 1117 utri
317 1071 399 1134 aquo,
417 1055 481 1118 haec
491 1056 633 1134 preclare
646 1058 804 1117 confirmat
819 1059 905 1133 quod
947 1071 1109 1122 momentum
1119 1063 1234 1123 dieitur.
1249 1067 1314 1123 liure
1325 1065 1406 1124 enim
1417 1079 1470 1123 suo
1479 1067 1612 1140 pondere
1626 1071 1654 1126 ct
1663 1085 1744 1142 pres·
1813 1131 1816 1136 ,

108 1143 714 1218 dicimusraempe'primitushancvocem
725 1141 904 1214 significasse
948 1144 1031 1204 sione
1048 1149 1198 1207 terrestres
1220 1165 1314 1224 aquas
1332 1148 1473 1219 conticet,
1486 1165 1524 1206 ne
1537 1149 1663 1209 nimium
1676 1170 1744 1212 eva·

109 1227 207 1284 locum
227 1225 283 1284 ubi
301 1225 396 1284 nubes
417 1231 486 1283 sunt
509 1230 538 1284 et
559 1225 641 1284 unde
662 1223 767 1300 pluria
780 1226 903 1297 decidit,
948 1231 1085 1305 potando
1100 1231 1193 1306 (quod
1207 1232 1294 1290 etiam
1308 1231 1502 1290 inordinaria
1515 1232 1655 1308 temperie
1671 1232 1744 1296 acci·

108 1324 159 1368 ssu
178 1311 275 1367 colum
291 1313 341 1382 qai
361 1307 466 1367 dicitur
484 1325 547 1378 oar,
571 1307 597 1367 st
615 1307 684 1368 licet
700 1309 823 1368 lucretii
840 1320 906 1367 ver·
949 1313 1030 1373 deret
1045 1316 1199 1390 multoque
1218 1315 1313 1387 magis
1326 1314 1479 1374 accidisset
1491 1315 1522 1373 in
1535 1317 1591 1374 hac
1605 1319 1743 1394 periodo,

108 1392 152 1450 bis
165 1389 221 1452 uti.
949 1410 1018 1456 oum
1030 1403 1105 1456 esset
1117 1399 1273 1474 temperies
1288 1394 1382 1474 magis
1397 1399 1518 1474 elevata)
1538 1401 1578 1458 ad
1591 1401 1743 1474 regionem

141 1475 281 1552 Sequitur
295 1492 333 1536 ex
348 1477 410 1551 iris,
430 1489 498 1553 ques
520 1477 557 1537 dc
570 1479 739 1552 puramente
758 1477 904 1550 diximus,
948 1477 1076 1540 nubium
1100 1485 1275 1555 ascendant,
1301 1489 1330 1542 et
1352 1499 1421 1542 eum
1443 1481 1479 1540 iis
1504 1481 1742 1546 confundanturr

109 1574 199 1635 equas
212 1561 383 1637 superiores
396 1576 449 1621 seu
461 1565 659 1636 supernitates
672 1576 732 1620 nou
746 1561 819 1622 alles
830 1579 905 1636 asse,
948 1567 1081 1638 pondere
1098 1565 1168 1625 item
1186 1571 1214 1625 et
1233 1568 1385 1641 pressione
1408 1583 1462 1624 sua
1483 1563 1579 1626 nubes
1592 1567 1697 1628 retinet
1713 1571 1745 1629 in

4 1679 5 1696 1
109 1645 347 1720 qaamnubeset
360 1663 487 1724 vapores
500 1663 624 1726 aqueus,
640 1664 772 1726 quorum
784 1649 906 1720 conglo-
949 1644 1008 1706 alto
1027 1665 1185 1725 suspensas
1207 1668 1289 1726 quae,
1304 1655 1420 1709 remoto
1447 1651 1505 1709 hoc
1525 1649 1701 1726 obstaculo,
1713 1653 1745 1712 in

109 1730 227 1789 batione
246 1731 344 1789 nubes
362 1729 456 1806 liunt,
469 1747 607 1808 quosque
621 1741 754 1791 concretos
761 1777 771 1807 ,
785 1735 905 1792 ur'siiiiet
948 1737 1039 1791 terras
1060 1736 1238 1794 deciderent.
1261 1737 1373 1794 Revera
1386 1734 1497 1806 nubes,
1509 1753 1696 1812 vaporesque
1708 1755 1746 1796 ex

4 1827 5 1832 ’
109 1818 303 1874 atueaiartlosos
316 1829 429 1892 orporea
442 1817 558 1893 physici
570 1823 688 1877 vocant.
703 1817 767 1876 nita
780 1819 906 1894 Scriptu2
948 1814 1060 1891 quibus
1076 1815 1133 1876 illm
1156 1822 1307 1891 constant,
1322 1837 1358 1879 eo
1377 1819 1471 1892 magis
1492 1819 1669 1893 ascendunt,
1683 1839 1744 1898 quo

4 1906 11 1952 ξ·
109 1913 147 1956 ree
159 1897 228 1958 loca
240 1899 406 1974 simplicem
414 1903 491 1960 banc
503 1901 717 1976 expositionem
729 1901 904 1961 confirmare
949 1899 1044 1974 major
1057 1905 1100 1961 ast
1114 1901 1188 1961 aeris
1202 1903 1330 1976 pressio,
1352 1920 1444 1978 quarn
1463 1901 1641 1978 hydrargyri
1661 1905 1745 1964 coiu-

110 1983 255 2043 videutur.
277 1987 351 2043 Psoi.
366 1998 431 2058 cin,
448 1987 480 2047 in
494 1999 556 2062 quo
569 1989 670 2064 lyricis
688 1986 839 2048 coloribus
853 2004 905 2046 sex
948 1987 1038 2044 mella
1052 1987 1083 2044 ia
1095 1985 1271 2045 harometris
1293 1985 1414 2046 indicat.
1434 1989 1474 2045 lta
1488 1987 1582 2044 iioses
1595 1987 1652 2044 hoe
1665 1989 1746 2062 phae-

109 2067 224 2127 dierum
241 2083 320 2143 opus
334 2067 525 2142 describitur,
544 2065 699 2130 exhibetur
711 2073 810 2147 primo
829 2075 905 2131 iletre
949 2083 1099 2128 nomenon
1114 2069 1255 2145 explicat,
1272 2069 1358 2128 iacilc
1372 2067 1446 2128 illud
1462 2068 1602 2146 quidem,
1617 2075 1647 2128 at
1660 2071 1745 2146 quod

111 2151 275 2211 «decorem
287 2152 410 2212 indutus
425 2158 453 2213 ct
466 2155 589 2214 amictus
603 2152 715 2214 lumine
732 2157 807 2216 sicut
818 2157 905 2217 vesti·
948 2153 1140 2213 liebrseorum
1154 2153 1380 2213 admirationem
1394 2153 1519 2212 excitare
1539 2155 1668 2232 poterat,
1683 2171 1746 2216 non

108 2241 207 2295 monto
221 2235 296 2311 (tir
319 2233 392 2298 licea
409 2237 463 2297 tibi
477 2252 553 2314 opus
572 2241 676 2314 primae
689 2238 762 2298 diei:
777 2239 906 2299 succedit
948 2236 1048 2297 miuus
1061 2253 1096 2296 ac
1106 2236 1191 2296 Plinii
1204 2234 1372 2297 scribentis:
1390 2236 1492 2306 «Quid
1503 2253 1567 2296 esse
1579 2232 1746 2300 mirabilius

108 2329 185 2394 pons
199 2321 265 2379 dies
278 2321 361 2382 aiter.
379 2323 570 2382 «Extendens
583 2325 691 2382 coelum
705 2323 782 2381 sicut
794 2323 905 2399 pellem
948 2325 1047 2397 potest
1063 2323 1149 2397 aquis
1162 2322 1194 2380 in
1207 2321 1282 2379 coeio
1298 2319 1442 2380 stantibus
1453 2319 1536 2395 (dits

4 2455 5 2458 ,
108 2403 369 2481 (tabernaculum
386 2407 439 2482 qui
463 2407 537 2480 tegis
554 2409 640 2483 aquis
655 2407 810 2482 superiora
830 2409 903 2480 ejus.
985 2405 1033 2464 liis
1046 2403 1202 2502 prejectis,
1215 2407 1278 2478 jam
1292 2405 1398 2463 seriem
1408 2409 1503 2463 totam
1514 2408 1675 2465 eventuum
1692 2409 1745 2482 qui

4 2515 5 2520 ¹
109 2485 161 2558 Qut
175 2491 267 2564 ponis
285 2489 720 2566 nubemasceasumtcurrum)
734 2495 837 2564 tuum,
851 2487 906 2566 qui
950 2491 1081 2549 secunda
1093 2492 1149 2548 hac
1163 2490 1209 2547 dre
1221 2487 1279 2547 sibi
1293 2491 1505 2560 successerunt,
1518 2504 1667 2564 exponere
1675 2508 1743 2566 pro-

108 2569 245 2635 ambulas
268 2587 360 2654 super
385 2593 498 2653 pennas
521 2583 717 2636 ventorum.»
746 2578 832 2638 Vides
857 2579 907 2636 hic
950 2589 1024 2632 nuru
1035 2579 1089 2635 est.
1103 2572 1148 2632 Sic
1162 2567 1251 2646 igitur
1260 2589 1308 2631 res
1319 2571 1438 2631 videtur
1454 2571 1528 2632 mihi
1538 2573 1742 2648 concipienda.

109 2655 181 2717 nihil
198 2656 284 2718 aliud
305 2663 337 2719 ia
356 2661 479 2722 secundi
500 2661 559 2720 diei
572 2677 662 2737 opere
676 2661 836 2720 memorari
850 2662 906 2719 nisi
950 2657 1051 2717 Statim
1064 2675 1099 2716 ao
1111 2657 1143 2714 in
1156 2650 1262 2718 tellure
1274 2661 1303 2716 ct
1314 2655 1346 2714 in
1360 2656 1565 2716 circumstante
1575 2657 1670 2732 spatio
1684 2659 1745 2734 pri·

109 2742 202 2802 nubes
214 2748 246 2801 et
259 2752 339 2803 aera
353 2742 448 2804 lnlib.
463 2742 512 2803 set
526 2742 564 2820 (3)
576 2742 719 2820 legimus,
732 2747 816 2820 quod
830 2750 907 2812 heus
950 2759 1035 2802 mum
1048 2739 1125 2801 iliud
1139 2739 1309 2799 incendium
1323 2740 1442 2812 resedit,
1460 2741 1654 2801 descendente
1668 2741 1745 2804 inira

112 2825 207 2900 eligat
221 2821 353 2902 (claudit)
368 2829 504 2903 aquasiu
516 2824 649 2887 nubibus
662 2827 723 2887 suis
733 2848 768 2892 :n
783 2833 812 2886 et
824 2830 907 2904 apud
950 2829 1077 2901 gradum
1086 2825 1227 2884 luminosi
1237 2825 1344 2884 caloris
1352 2825 1507 2900 temperie,
1513 2824 1677 2885 obscuritas
1685 2826 1744 2887 ior-

109 2911 203 2970 irrorat.
218 2909 274 2988 (ili
292 2912 371 2985 «Qui
383 2911 452 2971 iacit
464 2917 574 2972 terram
585 2911 803 2972 infortitudine
817 2929 905 2972 sua...
951 2917 1028 2972 tasse
1043 2909 1171 2987 perlecta
1183 2919 1292 2968 terram
1302 2926 1405 2967 rursus
1418 2911 1582 2985 occupavit.
1596 2911 1653 2968 Etsi
1664 2912 1745 2972 enim

111 2991 309 3076 ciprudeutia
321 3005 376 3055 sua
391 2992 521 3056 extendit
534 2995 634 3054 coelos.
647 2995 693 3055 hd
702 2999 808 3055 vocem
821 3013 908 3056 suam
950 2993 1038 3058 valde
1051 2993 1245 3072 probabiliter
1257 2995 1303 3054 soi
1319 2996 1389 3051 tunc
1407 2999 1470 3053 erat
1482 2989 1581 3052 radios
1595 2995 1744 3069 cribrans,

111 3079 159 3137 dat
169 3075 394 3140 multitudinem
408 3097 555 3156 aquarum
567 3079 599 3138 in
608 3076 695 3152 coelo,
708 3081 736 3139 et
748 3080 844 3140 elevat
856 3097 907 3138 ne·
951 3079 1062 3154 quibus
1076 3080 1130 3138 lux
1148 3083 1343 3154 propagatur,
1353 3079 1395 3136 uti
1412 3093 1475 3136 nau
1488 3079 1575 3151 pauci
1590 3079 1745 3154 dixerunt,

110 3153 195 3220 bulas
208 3163 250 3220 ab
264 3161 497 3223 extremitatibus
515 3162 610 3223 terrae.
638 3162 768 3238 Fulgura
791 3165 823 3223 in
837 3164 906 3241 plu·
950 3164 1030 3240 §305
1047 3167 1157 3232 tumen,
1171 3161 1255 3238 qnod
1269 3167 1297 3218 et
1309 3163 1337 3219 S.
1353 3161 1481 3235 Ephrem
1494 3159 1629 3233 advertit,
1643 3163 1745 3222 adan·

111 3243 188 3306 dam
206 3242 314 3304 lacit.»
342 3247 393 3308 liic
412 3247 444 3306 iu
466 3245 542 3306 coelo
562 3244 648 3322 quod
669 3248 793 3306 eetmdit
812 3249 907 3320 Deus,
951 3247 1068 3306 sissimo
1081 3261 1192 3320 vapore
1213 3245 1374 3318 opacisque
1393 3260 1446 3320 per
1465 3243 1594 3318 spatium
1613 3245 1746 3306 dissemi-

112 3333 257 3390 memorat
274 3328 482 3390 multitudinem
501 3345 654 3406 aquarum:
674 3347 780 3391 verum
805 3331 908 3404 hujus·
951 3331 1028 3391 natis
1040 3327 1223 3403 corpusculis
1234 3328 1386 3386 radiorum
1397 3327 1539 3386 solarium
1551 3327 1747 3390 iterobstrue·

4 3453 5 3468 r
112 3408 293 3571 beaw
309 3413 480 3489 cuiusmodi
500 3414 573 3489 siut,
587 3414 687 3474 vides:
702 3431 744 3474 ere
758 3420 907 3490 suntquis
951 3417 1057 3486 batur,
1075 3430 1129 3472 neo
1144 3411 1164 3470 ii
1182 3411 1221 3470 ad
1237 3413 1374 3472 tellurem
1389 3409 1746 3488 usque,nisilortepau·

230 3517 239 3554 l

262 3507 300 3556 its
321 3491 474 3558 elevantur
495 3503 608 3558 eterra
629 3500 660 3556 in
678 3497 800 3572 vaporis
819 3505 907 3572 statu,
952 3496 1061 3558 cissimi
1080 3513 1115 3555 uc
1133 3493 1264 3567 debiles,
1278 3491 1494 3569 pertingebant.
1514 3499 1548 3553 Et
1564 3513 1667 3555 revera
1685 3516 1747 3557 ma-

113 3583 305 3640 concrescunt
327 3579 359 3640 ln
375 3583 488 3658 nubes,
504 3585 534 3642 et
557 3583 589 3640 in
608 3583 743 3657 pluviam
756 3584 906 3642 decidunt.
951 3584 1033 3642 xima
1052 3579 1102 3638 illa
1115 3596 1201 3655 aquia
1213 3579 1316 3652 copia,
1332 3596 1399 3654 quas
1414 3597 1515 3638 recens
1529 3581 1627 3652 genita
1640 3581 1746 3654 fuerat,

113 3668 190 3724 Pria
198 3665 263 3737 virt,
271 3663 319 3738 28,
329 3663 436 3741 legitur
446 3666 478 3724 in
486 3664 610 3739 Vulgata
621 3684 629 3724 a
642 3666 788 3738 «Quando
799 3668 909 3726 aethera
952 3682 1079 3741 quasque
1092 3662 1134 3722 ob
1145 3667 1318 3737 temperiem
1329 3665 1417 3721 nimis
1427 3665 1525 3721 adhuc
1537 3665 1644 3724 elatem
1658 3681 1748 3741 super

114 3747 252 3808 mmmm
270 3762 391 3808 sursum
408 3753 437 3808 et
455 3742 585 3809 librabat
597 3744 693 3808 tontes
712 3762 859 3825 aquarmn
870 3767 906 3809 :a
951 3757 1036 3810 terrra
1054 3744 1209 3822 superficie
1224 3749 1380 3804 consistere
1396 3763 1457 3804 non
1471 3752 1596 3821 poterat,
1611 3749 1749 3822 cingebat

951 3835 1154 3906 undequaque
1176 3835 1284 3888 terram
1301 3831 1475 3888 densissima
1488 3831 1599 3889 nebula
1618 3833 1747 3907 vaporis,

140 3961 145 3968 .
191 3961 243 4016 m
266 3964 290 4016 h
363 3961 396 4014 ὼ
409 3960 420 4012 i
448 3961 496 4012 Μ
951 3918 986 3974 ut
998 3916 1114 3984 dicuat,
1130 3911 1365 3984 vesicuiosi,cui
1379 3911 1574 3987 probabiliter
1587 3916 1749 3975 innumere

144 3963 179 4099 g}
190 3960 384 4098 33&th
395 3973 564 4098 dogm
576 4036 681 4097 met„
692 4043 746 4084 m„
755 4035 876 4095 ,mm
885 4044 910 4085 ,ε
953 3998 1019 4058 aliae
1039 4014 1139 4072 opacae
1157 3997 1323 4069 particulae,
1346 3998 1406 4053 sive
1419 3995 1588 4070 metallice,
1603 4001 1665 4058 sive
1678 4001 1749 4060 eliu·

116 4108 241 4156 uiritim
253 4113 309 4154 tuor
318 4106 399 4168 teucri
409 4113 535 4164 arentem·
550 4103 618 4166 quod
628 4104 659 4154 de
669 4104 750 4154 ventis
760 4104 841 4166 deque
851 4104 910 4169 igne
953 4099 1021 4141 l'Uffl
1035 4078 1209 4156 Speciem&
1225 4080 1491 4138 ⁰⁰fflffll⁵⁰0b³¹¹²¹ff
1504 4097 1616 4140 wem
1627 4101 1642 4137 “
1655 4098 1750 4157 9⁰³0·

116 4171 208 4226 seren
216 4165 411 4237 intellgendum
420 4171 529 4223 viderur.
541 4168 617 4222 Pater
627 4171 744 4224 Petamus
752 4174 835 4224 iocum
843 4173 911 4226 hunc
953 4166 1027 4225 bant
1042 4161 1154 4222 nubem
1166 4163 1373 4220 vestimentum
1388 4165 1451 4236 ejus
1464 4165 1578 4240 (terrae),
1588 4166 1749 4240 etcaligiue

117 4237 257 4296 “hilm
274 4237 439 4308 lfflbtlbffitffl'
458 4241 488 4292 id
505 4239 670 4307 precelleret
689 4243 793 4308 fillium
811 4241 910 4296 referit·
954 4249 1052 4322 illam,
1071 4247 1157 4325 quasi
1169 4248 1277 4321 pannis
1297 4247 1442 4318 infantiae,
1458 4249 1659 4308 obvolvebant
1672 4251 1746 4324 (6).»

117 4317 129 4374 (
137 4321 170 4365 ¹⁸
185 4317 306 4379 “imit
320 4311 364 4364 ω’·
376 4314 414 4372 ¹¹·
429 4320 485 4376 ⁰⁸9·
496 4320 527 4376 V>
542 4307 559 4376 9
574 4313 603 4368 ⁴·
621 4312 652 4374 ⁶)
667 4313 716 4378 (⁰)·
738 4313 832 4364 Tamen
852 4325 912 4364 ⁰⁰³¹
955 4337 990 4392 ht
1003 4329 1145 4407 paulatim
1164 4346 1259 4404 opaca
1271 4331 1449 4403 corpuscula
1460 4330 1702 4406 precipitabant,
1721 4337 1750 4390 et

119 4454 265 4506 mmm
277 4453 347 4505 etde
357 4453 830 4518 Anuelishimmommfflm
839 4467 913 4506 semu
955 4417 1079 4492 quando
1106 4415 1262 4487 temperies
1286 4414 1356 4470 satis
1385 4415 1524 4488 depressa
1544 4415 1577 4472 id
1601 4417 1748 4489 permisit,

4 4537 5 4594 g
119 4519 233 4589 miritaib
249 4525 385 4590 aptissime
402 4539 432 4575 ea
447 4524 525 4574 verba
542 4523 662 4586 explicari
681 4531 784 4586 possunt
803 4525 830 4574 in
845 4524 913 4576 huna
956 4499 1086 4557 maxima
1104 4497 1350 4572 efiflmvisaqtlffl
1371 4497 1672 4593 deCidssPateltilObO
1695 4507 1765 4555 “³¹²¹

4 4609 5 4634 t
120 4592 240 4646 modurn:
254 4593 375 4660 Quisacis
388 4599 492 4659 Angelos
506 4594 874 4652 ministrbsretocrsntmntos,
889 4604 914 4646 et
955 4581 1043 4641 reslri
1060 4579 1370 4655 supei'exlendebatur.
1395 4583 1515 4638 Interim
1534 4583 1749 4639 mulloeterres·

120 4663 356 4730 themanitem·
370 4661 410 4717 lta
418 4659 911 4728 mendoretasets'rhomusnnanisi.
957 4671 1015 4724 tres
1030 4665 1200 4722 substantias
1219 4664 1251 4720 in
1270 4681 1305 4720 ea
1325 4664 1530 4736 solvebantur,
1545 4671 1573 4722 et
1586 4662 1681 4736 caligo
1698 4665 1751 4723 illa

4 4767 5 4770 ¹
121 4734 273 4800 “W-lt
291 4736 675 4797 ssiffltiiimflffiffllsssslmv
695 4735 732 4785 ‘¹st
750 4733 915 4795 suffusam
957 4749 1103 4822 gradatim
1122 4747 1331 4821 dissipabatur.
1356 4750 1422 4804 Post
1444 4753 1487 4804 tot
1503 4749 1748 4821 precipitatione,

122 4805 487 4942 fflaessfumm
498 4807 525 4857 ω
541 4803 586 4857 “m
597 4803 635 4858 m
648 4804 753 4857 mum
767 4807 812 4870 (θ’
824 4807 913 4872 ΔΨ·
957 4848 1066 4903 magna
1087 4827 1137 4888 illa
1156 4830 1373 4904 corpuscularis
1392 4831 1522 4904 sphaera,
1544 4847 1611 4904 quae
1625 4829 1751 4902 globum

200 4941 263 5013 esp.
272 4959 334 5000 ms
359 4949 384 4998 r,
955 4919 1120 4975 terrestrem
1134 4910 1279 4986 cingebat,
1293 4913 1362 4972 satis
1375 4913 1525 4988 diophane
1537 4914 1638 4971 evasit.
1653 4913 1751 4986 vapor

151 4946 187 5083 iii
199 5013 302 5083 Cre-¹,
315 4978 354 5077 (ὅ,
366 5012 407 5068 ¹⁸·
955 5001 1058 5058 umen
1079 5011 1194 5073 aqueus
1211 4999 1382 5068 conmetus,
1400 5001 1429 5054 et
1441 4987 1494 5054 ille
1513 4995 1749 5071 quidemeopio·

151 5142 185 5200 (ι)
198 5141 295 5189 uum
308 5136 631 5188 ammorrhaeorum
644 5139 914 5199 tranunt-ammi

127 5189 913 5260 inerupmmnmuoneirrwum.
989 5179 1371 5247 ‹srntsr.nam.,un.xm

128 5261 410 5320 summumne
421 5262 499 5308 rm
521 5263 591 5318 iser.
989 5252 1025 5316 (er
1039 5253 1093 5304 rot.
1109 5265 1211 5314 mvn,
1224 5255 1249 5302 a.

397 5401 401 5412 a
