4100 6024
176 311 179 320 ’
250 345 269 400 a
799 339 974 398 encouruu
992 340 1111 398 sicae
1130 339 1334 398 maresuan.

251 448 414 522 augustam
426 443 518 505 iliada
530 443 647 502 llomeri
660 442 700 501 ad
712 442 860 502 Christum
873 460 1042 504 accommo-
1088 446 1222 520 phrasim
1237 444 1402 514 imbibere,
1421 447 1451 502 et
1470 443 1556 518 quasi
1576 441 1771 502 domesticum
1790 443 1822 500 in
1844 458 1882 502 eo

252 531 366 601 dantes,
378 527 518 599 imitatus,
529 527 708 600 scripturam
721 528 749 584 S.
763 527 821 600 piae
832 543 893 586 suae
902 527 1043 586 adinven·
1088 529 1198 587 versari
1211 547 1217 584 :
1229 529 1313 603 quod
1319 528 1373 601 qui
1382 527 1513 600 negligit,
1527 526 1611 586 dictis
1620 525 1801 600 quibusdam
1812 526 1881 583 hinc

251 614 326 672 tioni
339 609 728 684 attemperet,perniciosnm
742 613 785 667 est
798 610 914 680 sentim,
929 611 1042 684 pericu·
1088 611 1157 670 inde
1180 610 1396 668 difficilioribus
1417 609 1560 683 excerptis
1581 609 1790 683 explicatisque
1811 625 1882 666 con·

250 699 343 757 loeius
356 696 460 754 iacere.
477 695 504 752 Si
514 694 593 752 enim
608 694 749 768 mysticus
759 709 846 751 verus
859 698 902 752 ast
915 695 1043 766 Scriptu—
1089 697 1195 765 tentus,
1215 709 1371 767 nunquam
1392 694 1431 751 ad
1444 708 1527 752 sacra
1549 693 1651 766 adyta,
1669 708 1821 763 arcanum,
1837 694 1882 750 in-

251 798 291 840 rae
308 796 426 849 sensus,
441 779 466 836 si
488 794 558 836 eum
573 779 621 836 vei
638 779 767 836 maxime
785 777 907 850 Spiritus
922 779 1043 836 Sanctus
1088 793 1191 850 quam,
1206 781 1374 838 sanctorum
1385 777 1573 850 eloquiorum
1587 777 1769 850 penetrabit;
1786 777 1839 833 sed
1852 779 1882 833 et

252 866 360 924 dictam
379 863 482 932 voluit,
497 877 558 936 qua
579 861 693 920 ratione
714 861 842 920 liberum
857 862 964 935 cuique
978 860 1042 932 erit,
1087 857 1173 920 facile
1199 877 1217 920 a
1239 862 1359 920 veritate
1378 866 1407 920 et
1425 863 1523 918 mente
1548 861 1698 934 scriptoris
1720 860 1878 918 aberrabit.

251 965 322 1008 enm
333 953 367 1006 nt
381 946 461 1004 volet
474 947 643 1019 exponere?
665 961 726 1019 qua
748 944 843 1004 ironte
863 944 975 1003 cerebri
996 945 1042 1002 sui
1089 946 1191 1002 Videre
1209 945 1268 1002 hoc
1280 949 1324 1003 est
1339 944 1372 1004 in
1393 944 1546 1002 nonnullis
1563 944 1803 1017 antiquioribus,
1816 958 1879 1002 non

251 1035 319 1110 quis
333 1034 545 1102 commentum,
560 1030 682 1104 Spiritus
696 1030 791 1088 Sancti
805 1034 933 1088 mentem
948 1029 1041 1099 dicet,
1087 1027 1214 1086 indoctis
1226 1019 1339 1102 alio'qui
1352 1028 1430 1100 viris,
1448 1028 1502 1103 qui
1516 1028 1548 1086 in
1564 1043 1596 1085 re
1613 1027 1788 1099 'theologica
1802 1027 1878 1086 adeo

251 1133 341 1192 seque
356 1132 468 1190 suaque
488 1119 521 1172 ut
535 1114 658 1188 Spiritus
671 1113 766 1172 Sancti
785 1113 929 1172 fanaticus
942 1112 1043 1170 vendi·
1087 1111 1188 1168 leviter
1213 1113 1394 1186 quandoque
1416 1117 1534 1186 arrepto
1557 1111 1703 1170 axiomata
1730 1111 1879 1186 quopiam

250 1201 342 1262 tebit?
361 1201 502 1258 viderunt
514 1198 583 1269 hoc,
602 1199 801 1272 caveruntque
816 1197 939 1266 sedulo,
960 1196 1042 1269 quie
1087 1209 1171 1252 sacro
1181 1194 1354 1264 abutuntur,
1368 1199 1402 1252 ut
1414 1194 1556 1254 hereticis
1568 1196 1675 1254 nostrie
1690 1196 1877 1268 cachinnum,

251 1285 385 1346 Patribus
406 1283 579 1354 allegoriam
596 1281 726 1339 maxime
738 1283 910 1349 versarent,
926 1280 979 1352 qui
992 1295 1043 1336 eo·
1087 1280 1242 1338 Catholicis
1255 1280 1347 1338 bilem
1362 1286 1510 1340 moveant.

251 1372 319 1430 darn
340 1368 447 1443 Spiritu
467 1365 564 1440 pleni,
579 1379 640 1422 non
657 1366 697 1424 ad
714 1365 837 1438 plausus
852 1379 958 1422 suosve
973 1377 1042 1420 con·
1122 1364 1259 1422 Proeclare
1268 1366 1296 1422 S.
1309 1365 1465 1436 Gregorius
1474 1367 1621 1440 prooemio
1629 1370 1660 1423 ta
1670 1368 1753 1422 tidros
1763 1369 1876 1440 dmum,

251 1456 352 1526 ceptus
366 1449 556 1520 astruendas,
574 1447 627 1507 uhi
640 1449 769 1507 arridere
788 1448 919 1518 videtur,
934 1450 1042 1504 temere
1086 1446 1225 1506 lectorem
1239 1451 1350 1516 monet,
1368 1447 1452 1508 aliter
1470 1463 1502 1505 se
1515 1448 1644 1506 subinde
1657 1449 1810 1507 historiam
1827 1465 1879 1508 ex-

250 1553 316 1594 eam
339 1533 519 1602 obtrudunt,
540 1535 590 1590 aut
607 1531 781 1590 inconcinne
802 1531 892 1589 tronti
910 1545 1040 1598 ocream,
1086 1530 1206 1604 plicare,
1216 1546 1308 1605 quam
1320 1535 1418 1591 Patres
1430 1531 1551 1590 iecerint
1562 1550 1570 1588 ι
1583 1533 1608 1589 si
1618 1531 1709 1603 enim,
1717 1533 1823 1608 inquit,
1834 1534 1879 1592 illi

252 1622 336 1694 quod
346 1619 436 1690 vulgo
449 1616 566 1686 dicitur,
577 1615 656 1674 tibiae
669 1615 785 1688 galeam
800 1616 969 1689 applicant;
989 1614 1042 1670 sed
1086 1613 1214 1672 seriatim
1228 1619 1333 1674 cuneta
1344 1618 1536 1688 exponerent,
1551 1631 1619 1690 qum
1633 1631 1670 1674 ex
1682 1621 1765 1690 parte
1778 1617 1879 1689 tetige-

252 1705 295 1762 rei
308 1705 348 1762 ita
358 1719 424 1760 enm
434 1700 613 1769 devinciunt,
623 1703 655 1756 ut
668 1702 735 1773 epte
746 1715 799 1773 per
811 1699 911 1756 omnia
920 1713 1043 1755 consen·
1085 1701 1171 1767 runt,
1193 1715 1260 1756 eam
1282 1699 1387 1758 seriem
1409 1699 1566 1758 locutionis
1586 1711 1678 1772 quam
1701 1702 1800 1758 tenere
1821 1701 1878 1758 visi

137 1789 314 1846 everentiae,
328 1788 406 1846 Sient
425 1785 504 1842 enirn
517 1784 549 1840 in
561 1783 700 1842 historico
713 1783 805 1840 verba
824 1799 871 1840 res
884 1785 979 1852 gestas
993 1782 1043 1838 de·
1086 1785 1165 1852 sunt,
1179 1781 1335 1842 observare
1348 1797 1539 1857 nequaquam
1552 1782 1725 1857 potuissent.
1739 1782 1828 1842 llulta
1835 1784 1878 1841 vi-

133 1851 241 1956 ζξψὲξξῇ
253 1875 370 1941 notant,
386 1870 426 1928 ita
439 1869 470 1925 in
485 1867 660 1939 allegorico,
679 1883 725 1924 ras
747 1869 835 1938 geste
853 1866 925 1924 alias
948 1865 1043 1936 magis
1086 1863 1190 1923 delicet
1202 1865 1380 1938 inseruntur,
1394 1871 1537 1940 praeeunt,
1560 1870 1792 1939 consequuntur,
1810 1883 1879 1942 qum

133 1972 230 2022 tenerae.
253 1971 373 2016 arcanas
385 1953 570 2026 significant:
586 1957 629 2024 ut,
643 1953 699 2011 nisi
713 1952 855 2024 allegoria
865 1951 1043 2024 respondeat
1085 1963 1154 2004 cum
1166 1948 1233 2008 loeo
1247 1965 1339 2023 quem
1346 1953 1506 2024 pertractas
1514 1951 1717 2024 comparanda
1727 1954 1807 2021 sunt,
1816 1951 1878 2009 alo·

251 2039 398 2108 historia,
412 2037 486 2094 ialsa
499 2050 620 2109 prorsus
634 2036 671 2093 sit
691 2041 719 2093 et
741 2035 876 2094 evanida.
892 2036 932 2092 Ea
953 2049 1042 2092 causa
1085 2031 1211 2090 cationis
1224 2049 1313 2091 sacrm
1325 2035 1434 2092 modus
1445 2034 1511 2092 ahie
1524 2035 1612 2092 etiam
1624 2033 1656 2091 in
1669 2033 1742 2091 locis
1761 2049 1878 2107 perves-

251 2127 278 2183 S.
301 2124 515 2194 Hieronymus,
529 2119 560 2176 in
583 2119 646 2178 Osee
669 2135 734 2193 cap.
755 2118 935 2187 xscribens,
957 2117 1041 2190 quod
1084 2114 1223 2185 ligandus
1236 2121 1289 2189 est,
1303 2117 1419 2190 phrasis
1433 2117 1645 2191 disquirenda:
1660 2133 1729 2191 qua
1748 2119 1878 2194 siexpo-

250 2209 287 2266 de
300 2221 368 2276 rege
379 2203 498 2276 Assyrio
507 2203 618 2276 passim
629 2201 743 2272 dicitur,
750 2202 835 2273 Juxta
843 2201 1040 2274 tropologiam
1084 2197 1183 2256 sitioni
1194 2215 1256 2257 non
1267 2201 1444 2272 cohaereant,
1455 2201 1629 2275 nentiquam
1643 2202 1821 2273 sagenarius
1834 2208 1880 2261 est

249 2293 288 2348 ad
309 2289 456 2348 Christum
473 2285 619 2344 deducere
641 2285 735 2360 (quod
750 2285 913 2358 aliquando
929 2283 1042 2357 imprn·
1084 2279 1141 2338 loci
1161 2284 1321 2355 sententia,
1336 2285 1509 2358 neutiquam
1525 2300 1561 2342 ea
1581 2283 1723 2342 orationis
1737 2289 1876 2358 potestas,

249 2375 323 2434 dens
336 2375 423 2430 antea
443 2370 508 2442 ipse
526 2369 644 2440 iecerat)
666 2369 792 2442 impium
810 2384 872 2425 esse
887 2368 992 2438 docet3
1012 2371 1041 2424 et
1083 2365 1128 2419 vis
1142 2369 1170 2422 et
1190 2367 1295 2424 notio:
1316 2371 1349 2424 ιιι
1370 2368 1504 2440 ambigas
1522 2383 1600 2441 saepe
1614 2367 1730 2440 utrius,
1744 2367 1877 2442 ipsiusne

249 2458 375 2532 prologo
390 2456 421 2512 in
434 2452 571 2522 abdiam,
583 2452 737 2525 semetipse
751 2452 858 2523 arguit,
870 2452 955 2526 quod
968 2450 1041 2508 olim
1083 2447 1125 2505 rei
1139 2464 1178 2506 an
1190 2450 1317 2523 phrasis,
1329 2451 1494 2512 obscuritas
1508 2451 1545 2508 sit
1558 2451 1664 2524 major.
1884 2498 1889 2507 .

250 2541 404 2614 allegorice
422 2538 600 2612 prophetam
613 2537 693 2594 hunc
707 2535 910 2609 explicuisset,
925 2535 1042 2593 tristari·
1119 2539 1210 2596 Taceo
1235 2541 1363 2610 variam,
1385 2546 1414 2598 et
1430 2541 1518 2616 quasi
1536 2539 1727 2612 omnigenam
1748 2543 1878 2602 materiae

251 2641 316 2684 cam
329 2625 393 2695 ejus
405 2620 626 2692 intelligentiam
636 2620 764 2677 necdum
774 2623 933 2676 assecutus.
1084 2621 1332 2696 amplitudinem:
1354 2625 1429 2699 quid
1443 2625 1523 2684 enim
1545 2627 1608 2683 toto
1627 2625 1717 2682 veteri
1737 2639 1876 2700 novoque

186 2747 192 2762 .
285 2709 330 2768 ad
349 2707 522 2765 historicum
537 2721 627 2774 vero,
644 2709 676 2762 ut
697 2705 721 2762 is
738 2719 816 2761 nnus
830 2703 883 2761 tibi
904 2703 1040 2775 sufficiat,
1082 2706 1278 2765 instrumento
1305 2723 1366 2768 non
1392 2710 1607 2782 pertractatur,
1641 2711 1694 2765 aut
1719 2709 1877 2784 tangitur?

251 2797 325 2868 quot
344 2791 520 2865 quantisque
536 2787 714 2860 adjumentis
736 2792 780 2846 est
794 2789 891 2861 opust
910 2804 1002 2862 quam
1015 2789 1040 2844 is
1083 2791 1215 2864 Exempli
1229 2792 1265 2848 sit
1278 2793 1379 2862 instar,
1395 2796 1427 2850 ut
1441 2795 1564 2864 Regum,
1574 2789 1877 2864 llachabaornmdls·

250 2893 327 2952 sape
337 2873 529 2934 reconditus?
542 2887 634 2946 quam
648 2870 767 2929 liebraea
780 2871 881 2944 phrasi
895 2872 1039 2944 Graecave,
1083 2873 1155 2944 dra,
1171 2874 1295 2934 Danielis
1309 2881 1337 2933 et
1356 2876 1484 2934 aliorum
1497 2875 1709 2949 Prophetarum
1723 2877 1876 2938 volumine

249 2967 277 3018 ct
289 2975 386 3030 novo,
407 2975 426 3015 a
444 2956 613 3029 caeterisque
635 2954 775 3012 omnibus
788 2955 967 3028 discrepanti
980 2954 1041 3012 dic·
1081 2957 1238 3030 intelligas,
1252 2961 1436 3032 quamvaria
1449 2960 1572 3018 historia
1585 2959 1715 3030 Gentilis,
1725 2966 1800 3035 quot
1812 2977 1876 3020 mo·

249 3043 336 3104 tionis
350 3057 455 3114 genere
473 3039 612 3098 abditus?
632 3053 723 3113 quam
746 3037 881 3098 sublimis
900 3039 1040 3098 altissima
1083 3042 1220 3114 necate,
1232 3045 1430 3118 Assyriorum,
1444 3045 1607 3115 lledorum,
1621 3045 1785 3116 Persarum,
1800 3049 1877 3105 Gre-

249 3144 326 3204 saepe
340 3142 403 3185 sese
422 3125 530 3183 librat?
548 3127 648 3198 Neque
664 3125 696 3180 id
718 3125 837 3182 mirum.
857 3125 884 3183 Si
903 3125 981 3182 euim
995 3141 1041 3182 sa·
1083 3142 1197 3199 corum,
1212 3130 1414 3186 Romanorum
1426 3129 1660 3202 pernoscenda?
1679 3133 1753 3203 quot
1776 3146 1875 3190 mores

248 3214 382 3286 pientum
400 3209 491 3266 verba
513 3224 599 3266 sensa
621 3209 713 3266 animi
734 3208 874 3282 sapientis
897 3209 1040 3282 produnt,
1082 3211 1225 3282 gentium,
1235 3212 1307 3269 ritus
1315 3211 1470 3284 foederum,
1482 3212 1642 3284 bellorum,
1651 3213 1873 3288 sacrificiorum,

247 3312 365 3370 voxque
379 3294 538 3368 respondet
560 3292 745 3366 conceptioni
764 3293 889 3350 mentis:
903 3293 956 3350 ubi
977 3295 1040 3353 haec
1082 3294 1301 3354 connubiorum
1323 3296 1534 3370 perquirendi?
1553 3301 1629 3371 quot
1648 3296 1767 3355 urbium
1790 3299 1874 3368 situs,

248 3379 370 3438 coelestis
387 3383 415 3434 et
434 3377 535 3434 diviua
547 3375 651 3446 fuerit,
665 3391 758 3448 quam
779 3391 896 3436 necesse
913 3380 957 3434 est
977 3378 1040 3436 elo·
1082 3376 1250 3449 fluminum,
1265 3379 1423 3449 montium,
1431 3379 1587 3451 regionum
1602 3395 1638 3436 ex
1651 3380 1788 3440 universa
1800 3384 1875 3440 anti-

248 3463 394 3520 cntionem
407 3460 516 3534 pariter
532 3459 677 3516 coelestem
691 3473 753 3515 esse
767 3463 795 3515 et
815 3459 970 3516 divinam?
990 3475 1040 3520 ne
1081 3459 1232 3534 quissima.
1243 3461 1459 3536 chorographia
1472 3467 1502 3521 et
1515 3463 1741 3538 cosmographia
1761 3466 1875 3539 perlus-

247 3547 320 3602 mini
334 3547 432 3602 autom
454 3541 580 3600 dubium
596 3556 694 3598 sacros
708 3539 801 3598 libros
815 3557 900 3598 sensa
916 3543 1039 3616 Spiritus
1080 3543 1203 3600 uendit

247 3627 352 3698 Sancti,
367 3624 599 3700 sapientiamque
617 3623 718 3680 aterni
735 3623 821 3679 Verbi
842 3639 897 3680 sna
911 3625 1039 3683 dictione
1116 3628 1160 3685 lv.
1176 3627 1281 3684 Verum
1293 3644 1331 3687 ne
1343 3629 1411 3703 quis
1424 3629 1473 3688 hic
1487 3630 1645 3706 scrupulus
1662 3635 1804 3708 supersit,
1818 3651 1873 3710 age
1886 3646 1939 3704 etp.
1966 3660 2001 3694 π.

247 3710 425 3785 complecti:
447 3713 481 3765 ut
499 3707 625 3781 proinde
645 3722 707 3764 uon
728 3707 812 3764 humi
831 3723 966 3780 serpere,
987 3711 1040 3768 sed
1080 3709 1177 3782 prima
1188 3710 1227 3766 ab
1243 3712 1355 3783 origine
1372 3727 1435 3770 rem
1450 3715 1642 3787 deducemus,
1659 3718 1871 3794 videamusque
1884 3709 2004 3782 ΜΨ

247 3797 278 3852 in
296 3795 391 3852 altum
404 3793 514 3863 erigere
530 3807 591 3848 sese
614 3793 762 3864 oporteat,
782 3790 807 3851 si
830 3791 937 3848 divinis
959 3793 1039 3850 hisce
1081 3795 1235 3867 quomodo
1259 3796 1343 3852 ornni
1362 3811 1478 3872 semper
1495 3803 1594 3871 atate,
1614 3801 1769 3860 difficultas
1787 3805 1872 3876 iuxta
1885 3771 2005 3878 ,εξ-’ζ

247 3877 373 3952 eloquiis
396 3875 435 3933 ad
449 3874 550 3932 diviua
570 3874 716 3946 cogitata,
729 3874 917 3947 primamque
935 3877 1038 3934 verita·
1081 3892 1115 3934 ac
1129 3877 1255 3948 dignitas
1263 3882 1291 3937 S.
1304 3879 1476 3953 Scriptura,
1488 3886 1517 3938 et
1531 3885 1722 3942 reverentiam
1731 3888 1777 3944 sui
1788 3903 1872 3947 acne-
1883 3895 1940 3940 dieta
1963 3849 2003 3942 Jet

247 3967 307 4018 teni
320 3959 472 4034 pervolare
485 3959 554 4031 quis
565 3958 674 4031 cupiat.
1080 3960 1133 4031 rit,
1149 3965 1176 4016 et
1190 3961 1323 4019 studium
1337 3964 1511 4023 Sanctorum
1524 3968 1699 4026 accenderit.
1715 3972 1800 4044 Apud
1821 3974 1872 4030 lle-
1889 3959 1992 4014 ⁶¹⁸¹²¹¹³¹¹

181 4091 188 4106 .
284 4048 385 4103 Pateor
408 4043 567 4115 equidem,
594 4041 787 4100 scholasticos
812 4044 950 4102 Doctores
973 4059 1039 4118 per·
1080 4042 1872 4129 breeospervulgataesttraditio‚cnienostrisastipu·
1889 4017 1993 4124 regem.

247 4131 341 4188 rrrrilta
354 4145 370 4185 e
383 4127 536 4200 scripturis
549 4125 694 4184 subtiliter
705 4141 867 4196 accersere,
882 4142 976 4199 eaque
990 4143 1038 4187 su·
1079 4125 1178 4184 lentur
1190 4129 1218 4184 S.
1234 4127 1372 4199 Hilarius,
1388 4132 1462 4187 Prot.
1475 4147 1509 4200 ιι,
1515 4136 1544 4188 et
1558 4134 1706 4205 Origenes,
1715 4136 1797 4196 hom.
1809 4143 1827 4197 5
1841 4144 1872 4198 ta
1890 4141 2002 4199 emera

246 4213 337 4269 binde
350 4211 507 4279 discutere3
519 4211 572 4268 sed
583 4224 652 4268 suas
665 4209 722 4282 ipsi
736 4208 792 4267 sihi
810 4214 903 4268 metas
916 4211 1038 4270 Theolo·
1079 4212 1174 4280 Num,
1188 4212 1288 4268 llosen
1299 4227 1368 4269 cum
1377 4213 1453 4283 lege,
1467 4215 1555 4272 etiem
1563 4215 1637 4288 legis
1645 4219 1871 4292 explicationem
1884 4203 1908 4246 ⁸·
1924 4205 2002 4264 θωὴν

246 4298 317 4367 ginis
344 4293 557 4368 questionibus
581 4292 740 4363 definiunt,
761 4308 828 4366 quae
848 4293 960 4352 affatim
979 4296 1037 4368 ipsi
1079 4295 1111 4351 iu
1136 4299 1236 4352 monte
1259 4296 1327 4352 Sina
1349 4296 1489 4354 divinitus
1511 4301 1656 4374 accepisse
1671 4320 1679 4359 ε
1694 4305 1780 4379 eique
1795 4323 1872 4380 prae·
1883 4271 2004 4376 emia-

245 4379 374 4436 urateriae
394 4382 422 4435 et
442 4392 539 4450 operae
557 4376 708 4448 ,Theologo
722 4375 900 4447 utilissime,
916 4384 943 4434 et
963 4395 1035 4437 vero
1079 4383 1197 4450 ceptum
1211 4394 1284 4448 esse,
1299 4383 1332 4435 ut
1343 4378 1438 4450 legem
1447 4381 1596 4455 scriberet,
1609 4385 1661 4443 sed
1669 4385 1743 4458 legis
1757 4391 1872 4450 occulta
1883 4389 1939 4436 tia.

245 4461 428 4531 necessariae,
453 4459 663 4533 suppeditant,
686 4463 719 4516 ut
743 4459 824 4516 alind
843 4475 880 4516 err
902 4461 1035 4534 prolesso
1078 4461 1218 4532 mysteria
1230 4465 1258 4518 et
1278 4477 1364 4518 sensa
1384 4465 1482 4534 tosue,
1496 4470 1524 4522 et
1537 4465 1585 4523 hic
1597 4470 1811 4544 sacerdotibus,
1825 4475 1871 4532 hi·

244 4561 330 4617 agere
344 4559 406 4602 non
419 4542 505 4600 liceat
524 4542 669 4614 :perinde
688 4547 721 4598 ut
733 4543 785 4614 qui
797 4559 894 4600 sacras
909 4544 1036 4602 elucidat
1078 4561 1137 4618 que
1160 4550 1372 4618 consequenter
1397 4549 1515 4606 vicariis
1541 4552 1604 4610 suis
1631 4558 1871 4632 succedentibus,

244 4630 372 4697 litteras,
387 4625 514 4683 subinde
527 4625 716 4696 Theologieas
728 4625 931 4684 conclusiones
945 4628 1035 4684 sacris
1077 4642 1187 4698 magna
1195 4629 1301 4684 silentii
1311 4630 1453 4702 religione
1464 4635 1635 4694 revelarent.
1644 4639 1874 4701 llinchnatolius

244 4711 391 4770 sententiis
410 4710 576 4780 involutas,
595 4710 703 4767 evolvit
715 4710 897 4781 accuratius,
919 4713 983 4782 sed,
998 4729 1035 4771 ne
1077 4712 1159 4783 apud
1170 4712 1456 4782 Eusebium‚lib.vll
1467 4719 1554 4785 Hist„
1566 4735 1632 4793 cap.
1643 4727 1873 4800 xxvrqSeptua.

244 4798 321 4854 ultra
333 4794 495 4867 crepidam,
509 4795 548 4850 ad
563 4809 633 4851 suos
648 4794 746 4851 statim
766 4809 797 4851 se
811 4794 912 4867 recipit
923 4796 1035 4852 cancel·
1076 4795 1158 4865 ginta
1171 4797 1343 4869 lnterpretes
1358 4800 1515 4858 Ptolemaeo
1533 4803 1739 4882 Philadelpho,
1753 4813 1874 4885 AEgvpti

243 4880 299 4937 los.
315 4881 420 4937 Verum
443 4878 525 4936 aliud
544 4881 589 4935 est
608 4878 739 4936 delibare
759 4879 934 4952 quidpiam,
952 4882 1034 4938 aliud
1076 4878 1149 4948 regi,
1163 4882 1365 4951 percunctanti
1384 4884 1487 4954 multa,
1501 4901 1538 4942 ex
1555 4889 1641 4946 blesis
1662 4869 1875 4952 traditionibus

243 4966 321 5021 corto
331 4962 507 5020 etcontinuo
516 4961 646 5034 idipsum
655 4962 759 5020 ordine
769 4968 937 5036 pertexere3
951 4964 1034 5023 aliud
1076 4965 1264 5035 respondisse
1278 4973 1386 5028 narrat.
1410 4971 1443 5025 lit
1456 4973 1573 5044 Esdram,
1587 4974 1635 5031 vel
1647 4976 1784 5051 quisquis
1805 4995 1875 5038 aue·

243 5046 415 5104 sententiam
427 5047 600 5119 quampiam
615 5049 764 5115 excutere,
786 5045 869 5102 aliud
885 5045 1033 5118 integrum
1077 5050 1123 5103 tor
1135 5046 1187 5103 lib.
1200 5050 1233 5104 lv
1247 5051 1342 5108 Esdro
1359 5053 1422 5125 (cui
1433 5054 1486 5110 etsi
1500 5071 1561 5113 non
1574 5060 1737 5132 canonica,
1751 5064 1876 5121 canoni·

242 5130 402 5200 volumen,
417 5145 581 5203 omnesque
598 5130 661 5200 ejus
680 5128 838 5186 sententias
856 5129 988 5200 diligenti
1005 5136 1034 5188 et
1076 5130 1116 5186 cis
1137 5135 1236 5190 tamen
1256 5135 1396 5206 adiuncto
1410 5153 1465 5194 sua
1476 5138 1552 5196 fides
1569 5143 1714 5216 constat),
1729 5161 1796 5220 cap.
1811 5161 1873 5220 xiv,

242 5214 344 5270 exacto
353 5212 587 5270 antecedentium
596 5216 625 5268 et
634 5211 1030 5285 consequentiumexamiue‚
1075 5215 1147 5272 llosi
1161 5216 1289 5274 edictum
1298 5218 1402 5278 refert:
1416 5223 1505 5280 allec
1518 5223 1549 5280 in
1560 5225 1873 5304 palamlaciesverba‚

241 5295 430 5354 tlebraorum
442 5296 668 5367 Graecorumque
688 5293 816 5352 fontium
829 5296 1030 5368 vestigatione,
1075 5301 1104 5355 et
1116 5299 1178 5355 haec
1189 5300 1364 5361 abscondes.
1375 5323 1389 5356 r
1401 5304 1460 5361 Sibi
1469 5307 1589 5379 pariter,
1599 5312 1696 5367 Esdrae
1705 5317 1788 5386 puta,
1801 5331 1873 5373 cum

242 5383 471 5451 sanctorumque
493 5380 611 5436 Petrum
630 5377 768 5447 lectione,
789 5378 939 5447 evolvere,
951 5379 1030 5438 illius
1074 5382 1125 5439 Dei
1138 5383 1277 5441 instinctu
1288 5385 1381 5446 libros
1393 5387 1529 5452 dictasset
1541 5394 1604 5466 aot,
1617 5395 1713 5454 simila
1724 5398 1845 5467 jussum
1861 5416 1871 5458 r
