4182 6044
182 395 185 403 ¹
254 389 309 450 ιιι
575 411 578 418 «
762 379 1003 442 nominamur
1021 383 1055 443 ιιι
1072 383 1229 458 axonae,
1247 399 1310 446 cn.
1328 385 1374 446 ιι.

141 1412 236 1459 denibus

130 1473 186 1517 inest
200 1477 238 1518 ri·

129 1534 211 1579 aditu.

129 1917 234 1970 Socanda

157 1984 208 2023 sunt

143 2040 227 2096 symbo-

128 2099 177 2146 lum
193 2104 235 2146 mi-

139 2166 225 2208 sericor-

154 2227 204 2271 dia.

159 3250 232 3295 (lenm

134 3314 230 3359 lncerre.

145 3751 231 3804 Tertio,

124 3813 232 3868 muntia.

257 510 271 545 a
285 488 412 550 denibus
433 490 564 566 primum
585 491 628 546 est
646 485 741 548 atiusa
762 489 911 550 Tonantis.
925 509 940 544 ι
962 491 1007 549 Sic
1028 507 1047 549 a
1087 495 1120 550 ut
1132 491 1223 550 vitam
1236 492 1341 550 marito
1355 491 1540 568 impetraret;
1560 503 1617 568 pro
1631 489 1729 565 angeli
1742 491 1821 550 enlm
1834 504 1885 567 pe·

253 574 360 644 Plinio,
379 573 432 630 lib.
449 575 495 644 lll,
511 577 591 644 epist.
610 575 663 642 ιι,
687 570 871 632 «advolutus
887 573 1042 646 genibus»
1087 573 1176 631 dibus
1196 576 1284 649 (quos
1300 579 1421 648 tangere
1440 591 1503 634 non
1522 575 1662 652 audebat)
1679 576 1777 634 mariti
1794 577 1885 651 pedes

253 657 368 715 dicitur.
392 655 448 724 Qui
470 667 541 715 vero
567 655 665 712 delicti
688 657 805 713 veniam
827 657 1044 732 precabantur,
1086 658 1226 731 amplexa
1240 663 1295 716 est.

251 738 399 812 supplices
421 737 549 812 pedibus
573 739 819 796 advolvebantur.
843 739 923 798 Unde
940 738 1045 797 'Petrus
1121 739 1245 799 seorsus
1265 758 1425 802 sircurana
1445 760 1482 801 ru
1500 759 1566 803 ιιιιιι
1585 759 1628 801 rs.
1651 773 1687 786 -
1704 740 1814 802 'llirum
1832 759 1886 800 our

251 821 465 895 ChrysaloguS,
477 837 556 879 sum.
572 825 607 879 93
621 841 628 879 :
647 824 719 881 aad
732 823 842 898 pedes,
861 825 916 892 ait,
932 823 1043 894 tendat,
1085 825 1275 898 Septuaginta
1285 829 1434 898 verterint,
1445 831 1523 885 stetit
1534 833 1647 900 sanguis
1657 828 1712 902 titia·
1724 831 1787 886 mei.
1802 825 1885 885 Clare

249 905 338 961 citam
352 906 469 965 veniam
481 906 535 979 qui
543 905 675 980 requirit.
688 927 702 960 ι
719 905 872 964 Salvianus
885 905 1042 962 llassliien-
1085 907 1239 966 Chaldaeus
1247 909 1343 978 vertit,
1351 913 1461 976 obtulit,
1471 909 1613 984 Sephora,
1619 914 1787 982 preputium
1794 925 1885 967 cunm

250 985 309 1056 sis,
326 987 410 1062 epist.
429 990 466 1044 cd
482 991 635 1060 Hypatium
653 995 678 1045 et
696 991 844 1056 Quietum:
861 1007 875 1040 ιι
894 989 1045 1046 advolvor
1085 1005 1127 1056 eo,
1146 992 1268 1063 angelo,
1288 995 1318 1049 et
1332 994 1393 1050 ait:
1412 995 1557 1066 «Propter
1570 993 1745 1065 sanguinem
1758 993 1884 1050 circum·

249 1069 367 1140 vestris,
384 1087 403 1128 o
419 1077 555 1145 parentes
569 1072 747 1142 charissimi,
762 1071 888 1144 genibus
904 1089 911 1128 :
925 1071 976 1128 illa
987 1087 1043 1142 ego
1085 1073 1202 1130 cisionis
1216 1075 1305 1146 hujus
1321 1075 1440 1149 (scilicet
1453 1075 1621 1148 neglectum
1633 1078 1662 1132 et
1674 1076 1882 1148 noneffusum)
1961 1147 1966 1154 .

248 1157 346 1212 vestra
355 1154 496 1214 Palladia.
508 1175 522 1210 ιι
536 1155 658 1229 Piliique
672 1155 985 1230 supplicesparentum
994 1169 1044 1228 pe·
1084 1157 1299 1215 condemnatus
1312 1163 1375 1216 erat
1389 1159 1429 1216 ad
1442 1163 1569 1216 mortem
1584 1175 1711 1232 sponsus
1724 1174 1818 1216 meus.
1828 1179 1844 1212 ι

250 1235 339 1295 dibus
352 1238 439 1296 aliusi
452 1240 543 1313 pedes
555 1237 778 1307 osculabantur,
792 1238 832 1294 alt
845 1237 925 1294 idem
936 1237 1045 1294 Salvia·
1121 1243 1153 1296 ll.
1169 1240 1319 1298 Abrabam
1335 1242 1398 1299 haec
1415 1242 1507 1298 verba
1524 1241 1612 1298 refert
1630 1241 1669 1298 ad
1681 1257 1809 1317 puerum
1826 1243 1881 1299 cir-
1899 1251 1997 1323 samse

248 1335 316 1379 nus.
330 1323 456 1380 Causam
475 1323 564 1394 hujus
581 1321 653 1378 ritus
669 1319 834 1378 naturalem
849 1321 900 1378 dat
919 1319 1042 1390 Plinius,
1085 1324 1263 1395 cumeisum,
1285 1325 1372 1400 quasi
1392 1325 1482 1382 etiam
1504 1323 1676 1382 circumciso
1696 1325 1880 1397 applaudens
1903 1325 1993 1366 'W‘

248 1403 302 1464 lib.
325 1407 375 1478 ιιι,
397 1423 463 1480 cap.
483 1421 539 1463 ιιι
558 1425 565 1462 :
584 1407 760 1476 cllominis,
782 1405 897 1479 inquit,
917 1405 1043 1476 genibus
1084 1409 1178 1464 mater
1196 1407 1302 1466 dixerit
1320 1425 1327 1463 ι
1342 1411 1384 1464 'lu
1399 1423 1429 1464 es
1443 1407 1518 1464 mihi
1536 1423 1665 1482 sponsus
1684 1408 1878 1478 sanguinum
1900 1386 1995 1489 ὥ.

249 1493 388 1564 quaedam
408 1492 512 1564 religio
534 1491 625 1560 inest,
649 1490 854 1546 observatione
877 1488 1011 1559 gentium
1033 1505 1041 1543 ι
1083 1489 1204 1566 tradunt
1222 1491 1301 1548 enim
1319 1488 1446 1560 llebraei,
1460 1489 1553 1548 moris
1573 1490 1663 1548 fuisse
1681 1491 1808 1548 Hebraeis
1818 1507 1881 1550 ma·
1893 1495 1999 1569 pileum

248 1577 311 1632 haec
326 1577 473 1652 supplices
485 1575 645 1646 attingunt,
660 1571 774 1631 adhaec
788 1587 895 1629 manus
908 1572 1043 1641 tendunt,
1083 1573 1195 1645 tribus,
1209 1578 1242 1631 ut
1256 1573 1350 1646 tilios,
1365 1589 1434 1630 eum
1449 1574 1532 1630 erant
1550 1573 1729 1646 circumcisi,
1741 1579 1880 1632 vocarent
1892 1569 1998 1666 ’0ἴῆῗέ

247 1659 311 1716 brec
322 1664 355 1716 ιιι
367 1676 432 1716 aras
446 1659 572 1716 adorant
579 1677 587 1729 ;
599 1658 673 1714 forte
685 1657 756 1732 quia
767 1655 809 1714 eis
820 1658 896 1713 inest
904 1655 1041 1712 vitalitas.
1084 1671 1211 1730 sponsos
1226 1673 1307 1714 suos.
1923 1634 1937 1676 Ρ

247 1743 382 1821 antiquis
392 1743 496 1801 Graecis
505 1741 537 1797 in
548 1740 744 1815 supplicando
756 1741 889 1796 mentum
903 1737 1043 1810 attingere
1118 1737 1252 1807 Secundo,
1271 1739 1410 1800 [tabanus
1423 1745 1508 1816 putat
1521 1743 1682 1816 Sephoram
1695 1745 1757 1802 haec
1771 1743 1879 1802 dixisse

248 1845 314 1888 mos
328 1832 424 1888 crat.»
506 1833 509 1838 '
578 1833 582 1842 ·
1083 1837 1121 1878 ex
1133 1822 1192 1890 ira,
1209 1841 1237 1895 q.
1252 1823 1281 1880 d.
1294 1827 1351 1895 Τιι,
1367 1840 1386 1881 o
1401 1825 1520 1897 marite,
1539 1841 1629 1884 causa
1645 1843 1677 1883 es
1690 1843 1744 1885 cur
1756 1828 1879 1886 fundere

283 1913 405 1968 Secundo
416 1927 505 1968 causa
516 1910 764 1984 est,quiagenua
777 1907 985 1966 misericordiae
999 1907 1044 1965 di·
1084 1903 1240 1964 debuerim
1256 1907 1432 1980 sanguinem
1451 1909 1506 1965 filii
1525 1909 1600 1981 mei3
1620 1909 1701 1967 unde
1718 1911 1822 1969 merito
1835 1913 1879 1969 iu-

247 2001 312 2054 cata
324 1998 402 2053 sunt.
417 1994 532 2052 Servius
545 1993 577 2049 in
589 1991 665 2050 illud
678 1990 784 2048 AEnetd.
799 1993 832 2048 lll
849 2009 857 2048 z
1084 1988 1208 2061 dignor,
1223 1994 1252 2048 et
1264 1993 1292 2047 tc
1305 2006 1382 2048 voco
1396 2007 1541 2064 sponsum
1553 1992 1743 2064 sanguinum.

295 2063 299 2073 '
1120 2075 1225 2141 Tertio,
1239 2072 1290 2131 alii
1300 2074 1342 2129 sic
1353 2073 1516 2148 explicant,
1530 2076 1616 2147 quasi
1629 2073 1708 2133 dicat
1723 2093 1731 2132 τ
1745 2075 1836 2136 Video
1849 2082 1879 2136 ta

1083 2155 1157 2212 mibi
1167 2153 1231 2213 fore
1242 2172 1387 2230 sponsum
1400 2156 1585 2214 laboriosum
1599 2159 1628 2216 et
1644 2159 1877 2233 sanguinarium,

1082 2239 1238 2315 multoque
1249 2239 1363 2312 majora
1377 2239 1450 2296 mibi
1463 2243 1561 2298 tecum
1567 2241 1758 2314 perpetienda
1772 2259 1834 2300 esse
1846 2245 1878 2302 in

249 2330 405 2405 «Physica
427 2330 484 2402 ait,
505 2329 606 2386 dicunt
624 2343 687 2384 esse
707 2329 890 2384 consecratas
911 2326 1040 2384 numini·
1082 2325 1208 2398 AEgypto
1223 2341 1231 2379 r
1246 2323 1358 2381 dimitte
1370 2337 1441 2394 ergo
1454 2339 1512 2393 me,
1526 2326 1560 2379 ut
1572 2323 1826 2382 redeamdomnm
1837 2328 1877 2384 ad

245 2415 303 2472 bus
315 2411 590 2485 singulascorporis
602 2412 755 2484 perloqui
767 2427 869 2467 aurem
884 2410 1040 2482 llemorioe,
1081 2409 1233 2479 parontcs3
1250 2405 1330 2463 unde
1350 2409 1455 2478 putant
1470 2404 1632 2479 Sephoram
1652 2407 1711 2464 hoc
1727 2407 1794 2467 loco
1807 2425 1877 2466 oum

244 2497 373 2555 frontem
386 2497 488 2566 Genio,
504 2495 655 2552 dexteram
668 2491 759 2562 Fidei,
772 2509 869 2564 genua
881 2491 1041 2549 llisericor-
1080 2489 1150 2546 filiis
1163 2489 1289 2547 domum
1302 2489 1436 2548 rediisse.

245 2579 311 2636 dire.
327 2599 341 2633 v
359 2577 530 2647 EtPierius‚
545 2577 706 2646 interculta
722 2591 729 2630 r
746 2577 869 2644 «Genu,
885 2575 940 2646 ait,
953 2575 1040 2634 mise-
1118 2573 1221 2638 Quarto
1238 2575 1267 2628 et
1280 2573 1405 2646 optime,
1420 2573 1505 2647 quasi
1515 2573 1623 2631 diceret
1640 2591 1647 2630 ι
1662 2575 1721 2632 Nisi
1737 2591 1792 2647 ego
1810 2592 1876 2634 san-

244 2661 380 2718 ricordiae
399 2661 500 2718 sedem
517 2676 598 2729 esse,
615 2659 737 2732 antiqua
758 2658 855 2715 omnis
871 2659 1038 2731 superstitio
1081 2654 1202 2726 guinem
1215 2653 1268 2711 fllii
1281 2656 1340 2712 mei
1353 2655 1385 2713 in
1404 2657 1625 2714 circumcisione
1639 2657 1825 2727 effudissem,
1843 2663 1877 2718 ιιι

245 2743 411 2815 confitetur,
434 2743 477 2802 uti
497 2742 647 2799 memoriae
670 2741 764 2812 auris,
780 2741 927 2798 irrisionis
949 2757 1039 2800 nasus
1082 2735 1121 2792 ab
1134 2736 1593 2814 angelointeriectoreperiisses;
1605 2741 1876 2812 teigituregomlbi

244 2825 380 2884 habetur.
396 2847 411 2880 ι
427 2825 573 2882 pacientes
592 2841 662 2896 ergo
683 2827 753 2881 vota
771 2823 911 2881 tenebant
924 2841 1038 2898 genua,
1082 2818 1181 2876 denuo
1195 2834 1340 2894 sponsum
1355 2822 1496 2896 acquisivi
1511 2826 1538 2879 et
1548 2823 1654 2894 coemi,
1668 2838 1730 2882 nou
1744 2824 1812 2882 dote
1825 2841 1877 2898 pe-

245 2912 278 2967 ut
291 2909 328 2966 de
341 2909 463 2966 illorum
479 2909 690 2979 misericordia,
702 2907 786 2979 cujus
797 2909 848 2966 illa
862 2912 931 2965 sunt
943 2903 1039 2982 sedcs',
1081 2903 1227 2975 suniario,
1241 2905 1300 2961 oed
1313 2905 1486 2978 profusione
1505 2907 1660 2978 sanguinis
1678 2905 1732 2964 flul
1748 2908 1823 2979 mei,
1843 2913 1877 2965 ut

245 2991 302 3048 sibi
316 3009 383 3066 quoe
392 2993 556 3068 poscerent,
567 2991 699 3064 polliceri
711 2991 919 3062 significarent.
930 2985 968 3048 oe
982 2989 1038 3050 diis
1080 3002 1169 3045 versu
1181 3003 1244 3064 seq.
1256 2989 1374 3063 plenius
1388 2991 1555 3065 explicabo.

244 3077 379 3134 Gentium
402 3075 442 3132 ait
458 3074 620 3144 arnobius,
636 3074 689 3132 lib.
709 3075 742 3129 Pl
764 3093 772 3130 ι
791 3094 806 3127 a
822 3075 864 3132 lta
880 3075 958 3131 enim
976 3091 1037 3132 non
1116 3073 1205 3129 Nota:
1220 3074 1334 3148 nuptie
1347 3077 1408 3130 tam
1422 3074 1506 3148 apud
1517 3073 1652 3132 liebraeos
1665 3091 1757 3149 quam
1769 3079 1876 3136 Roma·
1905 3085 1983 3156 spera

244 3159 346 3215 ridetis
355 3159 419 3216 hmo
430 3157 529 3230 signa,
544 3174 674 3231 quorum
687 3157 803 3230 plantas
818 3160 846 3218 et
858 3174 955 3230 genua
969 3174 1038 3215 con·
1080 3169 1150 3226 nos,
1165 3155 1277 3214 fiebant
1289 3157 1475 3234 coemptione
1496 3176 1503 3214 ι
1523 3157 1645 3214 maritus
1658 3159 1737 3214 enim
1748 3161 1876 3232 pecunia
1914 3146 1969 3188 ⁰¹⁸²

245 3241 371 3314 tingitis,
386 3247 414 3300 et
431 3241 615 3299 contrectatis
634 3241 769 3299 orantes?
783 3261 796 3296 ι
812 3240 882 3298 lnde
896 3256 968 3297 mox
981 3241 1039 3313 sig·
1081 3237 1224 3295 dotatum
1233 3239 1331 3310 uxori,
1344 3243 1409 3296 tum
1419 3239 1592 3314 parentibus
1603 3241 1674 3314 ejus,
1689 3239 1728 3298 ab
1740 3241 1781 3298 eis
1790 3242 1875 3300 illam
1887 3220 1996 3325 effi}

245 3326 336 3384 nandi
354 3328 440 3396 vola,
458 3331 487 3382 et
499 3324 649 3384 inceraudi
666 3324 792 3380 deorum
809 3339 916 3394 genua.
932 3324 1038 3382 Votum
1081 3319 1138 3378 sibi
1160 3337 1285 3380 uxorem
1307 3320 1476 3394 coemebat}
1500 3322 1628 3380 vicissim
1650 3323 1776 3383 subinde
1797 3341 1874 3383 uror
1886 3333 1919 3377 uo
1944 3343 1993 3376 eae-

244 3409 324 3464 enim
343 3409 469 3483 quisque
490 3425 578 3464 suurn
600 3407 703 3464 ceratis
719 3405 894 3478 inscriptum
911 3405 1037 3477 tabulis,
1081 3405 1220 3464 maritum
1229 3407 1285 3463 sibi
1295 3407 1365 3464 dato
1374 3408 1469 3482 pretio
1479 3405 1640 3466 coemebat.
1651 3407 1695 3464 Slc
1704 3408 1795 3466 David
1806 3426 1873 3468 ceu·
1891 3390 1988 3440 nehem

246 3493 371 3550 deorum
389 3491 514 3563 genibus
533 3489 680 3561 adigebat.
699 3487 861 3560 luvenalis,
874 3495 961 3560 sutpr.
977 3491 1035 3547 lo:
1080 3491 1143 3546 tum
1156 3490 1307 3564 praeputiis
1321 3489 1540 3547 PhilistInorum
1556 3490 1627 3546 emit
1646 3505 1664 3546 a
1681 3491 1765 3547 Saule
1778 3491 1873 3550 filiam

1080 3573 1143 3643 ejus
1157 3573 1261 3630 llichol
1275 3572 1331 3629 sibi
1344 3573 1376 3630 in
1390 3589 1534 3643 uxorem,
1552 3575 1574 3630 ll
1588 3575 1689 3643 Regum
1698 3589 1746 3644 m,
1760 3577 1805 3632 lt.
1827 3573 1871 3631 Sic

300 3713 305 3720 ,
1081 3655 1152 3711 Osee
1165 3653 1352 3713 fornicariam
1365 3657 1422 3713 sibi
1435 3657 1465 3714 in
1478 3672 1604 3714 uxorem
1617 3657 1687 3714 emit
1702 3657 1872 3731 quindecim

283 3741 375 3796 Tertia
392 3755 482 3796 causa
502 3740 558 3808 est,
581 3738 664 3812 quod
687 3736 718 3794 in
738 3737 864 3808 genibus
884 3741 981 3811 posita
1001 3741 1038 3798 sit
1081 3739 1235 3810 argenteis,
1252 3739 1316 3796 Osee
1329 3742 1409 3812 uqi.
1426 3741 1470 3798 Sic
1481 3740 1554 3797 olim
1564 3743 1692 3797 Saxones
1706 3744 1735 3798 et
1743 3743 1875 3812 Burgun-

244 3825 344 3878 motus
354 3825 382 3878 et
395 3819 609 3893 progressionis
620 3821 725 3890 virtus,
739 3821 882 3896 quodque
895 3823 975 3894 ipsa,
989 3839 1039 3880 ro·
1081 3821 1184 3878 diones
1198 3823 1334 3879 trecentis
1353 3823 1456 3880 solidis
1472 3825 1528 3880 sibi
1547 3840 1655 3882 uxores
1670 3825 1873 3898 aparentibus

244 3901 326 3961 boris
340 3907 367 3960 et
379 3903 490 3973 vigoris
508 3903 613 3974 integri
632 3902 804 3976 symbolum
818 3904 885 3959 sint.
905 3905 977 3959 Nam
994 3905 1037 3961 nti
1080 3903 1263 3961 coemebant.
1280 3906 1351 3962 llino
1366 3909 1393 3963 et
1406 3907 1482 3964 illud
1496 3909 1589 3964 Poetae
1605 3925 1614 3963 ε

242 3985 356 4044 flectere
374 3985 643 4060 genua,proiessio
658 3990 700 4042 est
718 3983 926 4043 imbecillitatis
946 3988 974 4043 et
993 3988 1037 4045 in·
1212 4039 1242 4052 ,,
1436 4043 1442 4056 ,
1598 4045 1604 4054 ,
1707 4046 1712 4057 ,

243 4069 391 4140 digentis,
406 4069 447 4126 ita
459 4085 522 4126 non
535 4069 659 4140 flectere,
674 4069 823 4140 dignitatis
837 4073 865 4126 et
878 4071 1034 4142 potentiae:
1110 4040 1365 4162 fflbssbfflffl
1378 4045 1457 4162 Τθῗθω
1468 4047 1531 4164 0ᾞὲ
1542 4045 1648 4166 ἔξω
1659 4045 1738 4167 'ffi

242 4151 322 4207 unde
335 4151 455 4224 elephas
468 4150 609 4235 AEgyptiis
623 4152 796 4224 symbolum
808 4157 870 4209 erat
882 4152 970 4223 regiae
982 4169 1036 4227 po·
1112 4181 1222 4244 Agma„
1267 4125 1309 4175 Η
1365 4151 1373 4175 ’
1423 4127 1493 4178 qm
1584 4127 1651 4178 ΨΜ

241 4233 338 4291 tentia
349 4234 433 4308 quod
444 4249 541 4304 genua
554 4249 617 4290 non
627 4234 733 4304 flectat,
745 4235 778 4292 id
790 4239 834 4292 est
846 4235 964 4294 alterius
978 4253 1035 4310 ope

241 4335 304 4375 non
317 4321 413 4390 egeat,
428 4333 482 4375 nec
495 4315 603 4374 babeat
616 4333 734 4374 neccsse
749 4317 831 4375 alteri
846 4320 1033 4392 supplicare;
1115 4324 1186 4382 Vide
1198 4323 1335 4382 Riberam
1349 4327 1380 4383 in
1396 4327 1461 4385 Osee
1473 4345 1516 4401 ιιι,
1531 4345 1607 4388 vers.
1621 4333 1650 4388 2.

309 2124 435 2244 1ιῂιιιιιιξιιιι
446 2133 519 2186 genua
533 2121 665 2186 amplexus,
680 2119 820 2186 geniumque
834 2120 947 2182 volutans,

350 2207 373 2244 re
389 2207 401 2242 a
417 2209 425 2257 3

338 3615 432 3678 Propter
443 3627 494 3677 qua
508 3614 543 3663 tas
557 3617 593 3662 est
605 3624 679 3675 geum
691 3610 794 3661 interne
807 3611 909 3662 deorum.

193 4461 195 4468 ⁴
240 4405 361 4472 tangere
375 4419 445 4472 ergo
460 4415 566 4472 genua,
581 4400 656 4456 nihil
669 4403 712 4457 cst
724 4401 806 4458 aliud
823 4417 914 4476 quam
929 4419 1034 4474 agnos·
1113 4411 1159 4465 26.
1175 4411 1213 4465 Er
1226 4425 1333 4466 nrursrr
1346 4425 1414 4467 auu.
1424 4441 1459 4453 -
1472 4414 1543 4470 Puta
1552 4415 1683 4487 Sephora
1693 4417 1791 4474 llosen
1804 4417 1875 4476 reli·
1889 4441 1954 4485 vers.
1964 4443 2001 4486 rs.

136 4659 229 4714 01111202

123 4720 181 4764 vitto.

242 4500 306 4540 cere
327 4484 446 4540 alterius
463 4483 556 4540 robur
573 4485 662 4556 atque
681 4486 862 4558 potentiam,
877 4502 938 4559 qua
957 4483 1033 4544 ferre
1080 4491 1144 4564 quit
1156 4491 1300 4566 rediitque
1310 4493 1484 4568 inpatriam,
1499 4497 1539 4552 ait
1551 4499 1691 4570 lyranus.
1701 4501 1809 4557 Verum
1820 4502 1876 4558 ob-

243 4579 333 4638 opem
345 4567 454 4638 possit,
468 4565 493 4622 si
505 4564 591 4634 velit,
606 4569 634 4622 et
647 4566 822 4624 confirmare
836 4568 996 4628 labantem.
1079 4577 1136 4630 stat
1147 4573 1300 4632 Hebraeum
1312 4585 1361 4658 ἤι’
1375 4581 1479 4652 itreplr,
1495 4581 1578 4654 quod
1591 4596 1653 4638 non
1666 4583 1811 4656 significat
1829 4601 1875 4641 re-

279 4649 411 4720 Quurtam
429 4665 549 4706 causam
563 4649 614 4704 dat
631 4649 789 4721 Goropius,
808 4647 861 4707 lib.
882 4655 906 4708 v
925 4653 1032 4726 origin.
1079 4657 1191 4714 mittere
1205 4659 1236 4714 in
1248 4658 1340 4716 alium
1360 4661 1478 4733 locum,
1498 4664 1550 4720 sed
1564 4665 1731 4738 quiescere,
1748 4682 1873 4738 cessare,

242 4734 378 4804 Antuerp.
391 4749 400 4788 :
414 4729 502 4801 Olim,
515 4731 628 4804 inquit,
643 4732 790 4804 supplices
805 4734 844 4790 ad
856 4750 953 4804 genua
965 4754 1035 4809 pro·
1079 4741 1223 4798 dimittere
1236 4745 1268 4799 in
1281 4761 1372 4815 pace,
1386 4761 1448 4802 non
1462 4763 1569 4806 vexare
1583 4749 1686 4806 alium.

242 4812 447 4884 volvebantur,
460 4818 494 4869 ut
505 4813 602 4870 lemur
615 4815 827 4886 oscularentur,
842 4819 927 4888 quasi
944 4820 1034 4880 vitam
1116 4827 1215 4891 Tertio,
1227 4826 1286 4897 alii,
1304 4827 1546 4900 «dimisiteumm
1562 4832 1669 4889 scilicet
1679 4835 1777 4892 blesen
1792 4852 1875 4893 mor-

242 4895 377 4954 sibiindc
386 4912 517 4968 quaerere
526 4895 734 4967 significarent,
745 4897 825 4953 unde
836 4899 1032 4972 accepissent:
1077 4907 1151 4978 bus,
1166 4925 1228 4981 quo
1242 4926 1311 4968 eum
1323 4916 1507 4984 percusserat
1520 4915 1655 4986 angelus.

241 4993 342 5035 samen
356 4975 446 5048 enim,
460 4982 488 5034 et
497 4981 710 5052 consequenter
723 4981 821 5050 proles
831 4983 859 5036 et
869 4984 1032 5056 posteritas,
1113 4991 1216 5058 Quarto
1230 4995 1258 5047 et
1272 4993 1408 5064 genuine,
1426 4995 1562 5054 «dimisit
1575 5014 1678 5070 eum,»
1695 4999 1803 5058 scilicet
1815 5019 1872 5060 an·

240 5059 375 5116 elumbis
383 5064 411 5116 et
420 5059 530 5117 femore
540 5064 640 5118 ortum
648 5060 768 5118 babent.
777 5063 821 5119 Sic
829 5066 1034 5139 ergoSepbora
1077 5074 1160 5145 gelus
1180 5075 1297 5145 ltosen,
1316 5091 1370 5134 nec
1391 5078 1558 5150 ampliusei
1570 5085 1696 5138 mortem
1709 5082 1873 5157 intentavit,

239 5143 390 5233 tangendo
402 5143 494 5216 pedes
511 5145 624 5214 mariti,
644 5159 777 5201 amorem
794 5148 823 5202 at
840 5151 1034 5209 reverentiam
1076 5173 1145 5212 cum
1153 5157 1332 5214 viditfilium
1343 5159 1473 5231 ejusjam
1483 5161 1776 5238 essecircumcisum3
1788 5169 1873 5228 unde

237 5225 299 5294 rlli,
319 5241 355 5282 ac
370 5229 583 5300 consequenter
601 5227 725 5299 angelo,
746 5231 907 5302 quembac
920 5233 1033 5294 rationo
1076 5240 1264 5312 Septuaginta
1282 5246 1417 5316 vertunt,
1434 5249 1461 5300 et
1488 5246 1558 5302 abitt
1576 5248 1687 5319 angelus
1711 5249 1745 5305 oi
1768 5265 1809 5311 eo.
1831 5254 1877 5310 lta

239 5307 373 5382 placare,
390 5312 417 5365 ot
437 5308 545 5367 marito
565 5309 721 5368 conciliare
737 5310 874 5386 volebat,
888 5315 1032 5390 exhibuit,
1076 5321 1104 5380 S
1118 5323 1309 5393 augustinus.

239 5390 362 5464 ejusque
379 5391 610 5451 misericordiam
628 5397 656 5453 et
672 5398 834 5468 potentiam
851 5401 1031 5479 imploravit,
1111 5405 1232 5463 Sronsus
1252 5421 1414 5468 emanant
1432 5425 1469 5469 ru
1487 5425 1551 5472 mm
1563 5429 1611 5487 rs,
1630 5429 1666 5474 or
1681 5430 1877 5481 uncmcrsro-
