4212 6034
669 381 912 448 commeream
929 385 963 449 itt
980 385 1139 465 deuastat,
1158 405 1220 454 aar.
1239 390 1331 457 itm:
1760 391 1811 453 371

64 505 125 554 ep„
147 511 170 554 ι
218 481 247 540 ².
260 482 424 545 Prusreauh
434 491 976 563 mclach-quodhuloannolevam
1016 502 1066 555 tur
1079 497 1287 571 ierule,cujus
1307 507 1413 557 succus
1432 499 1739 558 eivereeinevoeatur
1752 495 1815 571 gal·

6 569 15 592 ¹
184 565 231 624 da
244 564 315 624 lami
328 575 436 627 nostres
451 571 585 630 sufficiat.
600 573 750 632 Nesciebat
768 577 858 634 tacob
877 579 975 636 adhuc
1018 579 1147 653 benum,
1158 583 1255 656 inquit
1267 583 1461 652 Dioscorides,
1473 584 1528 641 ΙΙΙ).
1540 585 1586 654 ΙΙΙ,
1597 597 1775 656 capusum,
1787 585 1817 640 et

184 649 422 722 quinquennium
432 655 588 712 sterilitatis
598 660 626 712 et
634 655 721 713 lamis
734 673 899 731 superesse3
911 662 975 718 haeo
1019 679 1056 720 ex
1078 679 1114 722 eo
1137 665 1303 723 abulensis.
1317 667 1389 724 Vide
1408 671 1437 724 et
1456 667 1583 726 Plinium
1600 667 1653 724 lib.
1669 669 1731 738 llll,
1746 681 1813 739 esp.

184 733 263 788 enim
273 733 346 791 dixit
355 738 382 791 et
392 735 558 794 leclttacoh
570 753 650 796 anno
660 742 792 799 secundo
806 743 973 816 sterilitatis,
1018 748 1232 818 xxvr,inf1ne;
1247 747 1325 808 iavet
1337 753 1367 806 et
1379 753 1524 823 losephus
1532 769 1543 822 ε
1559 761 1630 808 nam
1649 751 1681 808 in
1700 764 1737 808 eo
1757 761 1814 824 pro

183 819 217 870 ut
228 818 307 887 patet
320 827 386 891 cap.
401 833 493 890 seru,
506 835 583 878 vers.
599 825 626 878 9.
1018 831 1117 895 Balara
1131 831 1291 901 legendum
1305 833 1421 889 videtur
1437 833 1564 906 partera.
1660 887 1663 892 .

56 919 123 968 ,ἢ
146 923 168 966 ³,
217 899 246 954 3.
260 900 403 970 tenear·-
416 903 469 975 qui
482 903 557 959 inter
568 903 672 962 iratres
686 907 797 978 animo,
806 909 973 984 prudentia,
1053 917 1200 972 secares.
1215 919 1363 973 -Storax
1383 917 1513 990 lacryma
1534 921 1578 974 est
1598 917 1732 987 arboris,
1746 929 1815 990 quaa
1857 913 1943 984 earu,

183 981 351 1054 eloquentia
363 988 393 1041 ct
405 987 575 1043 auctoritate
588 989 761 1060 excellebat,
773 992 868 1065 inquit
879 995 972 1052 Philo.
1018 999 1119 1068 styrax
1141 998 1265 1068 dicitur,
1283 998 1396 1071 deque
1416 1000 1618 1070 Dioscorides,
1632 999 1685 1056 lib.
1705 1001 1717 1057 Ι
1722 1033 1731 1070 ,·
1746 1015 1811 1074 cap.
1826 975 1898 1039 ΨΜ

217 1065 271 1121 Sua
285 1075 491 1124 smesrsmoua
504 1081 711 1128 enarmonium.
725 1103 760 1116 -
770 1074 908 1132 Hebraico
919 1081 973 1147 est,
1017 1093 1140 1152 exarui,
1151 1083 1180 1138 et
1193 1081 1311 1151 Plinius,
1326 1082 1379 1139 lib.
1391 1083 1445 1153 llll,
1459 1099 1527 1157 cap.
1541 1083 1814 1155 x1r3exeaiitun-

182 1148 355 1203 coatestaado
368 1155 533 1206 contestatus
546 1159 586 1208 est
598 1169 662 1223 aes,
677 1155 710 1211 id
729 1158 772 1211 est
793 1157 974 1216 denuntiavit
1018 1167 1160 1234 guantum
1174 1165 1365 1237 styracinum,
1377 1168 1461 1238 quod
1476 1167 1610 1240 capillos,
1621 1181 1685 1224 non
1697 1170 1813 1225 tantum

183 1228 270 1288 nobis
282 1231 418 1289 adhibite
428 1233 612 1305 juramento,
627 1236 743 1294 dicens:
758 1240 974 1299 recreatorem
1017 1245 1101 1304 bono
1115 1248 1224 1319 odore,
1240 1251 1292 1307 sed
1306 1254 1335 1307 et
1345 1250 1444 1307 colore
1457 1250 1534 1307 flavo
1547 1251 1664 1308 imbuit.

183 1310 382 1371 Phfflfflssd
1052 1331 1333 1390 Srlcras.-Staete
1343 1333 1476 1406 lacryma
1487 1338 1531 1391 est
1539 1335 1768 1408 myrrhas,puta
1778 1335 1813 1393 li·
1856 1335 1931 1406 ‘strete

217 1399 277 1454 Noa
293 1403 433 1454 irretiris
453 1413 556 1458 ereren
577 1415 670 1471 aran,
683 1431 719 1446 -
729 1419 792 1460 non
804 1407 974 1478 permittam
1017 1427 1095 1486 quor
1110 1415 1238 1487 myrrha
1251 1416 1427 1488 purissimus
1441 1420 1469 1472 et
1483 1415 1703 1474 subtilissimus.
1825 1395 1897 1452 Μ’

180 1497 235 1539 vos
252 1491 369 1539 meeum
388 1493 488 1555 agere,
504 1487 555 1540 aut
574 1485 741 1558 quidquam
755 1502 852 1545 emere
865 1489 897 1546 in
912 1494 974 1548 tota
1051 1497 1231 1554 laaeararar.
1247 1525 1282 1540 ··-
1295 1497 1486 1556 terebinthus
1507 1498 1556 1555 hic
1576 1502 1619 1556 est
1641 1500 1753 1572 resina,
1763 1501 1811 1560 vel

181 1565 323 1639 AEgypto3
337 1569 480 1638 tanquam
495 1565 698 1640 exploratores
711 1584 764 1626 ros
782 1571 917 1643 puniam.
932 1574 974 1631 lta
1017 1593 1133 1649 succus,
1147 1581 1250 1654 quiex
1263 1580 1370 1639 arbore
1386 1579 1551 1638 terebintho
1564 1581 1704 1640 distillat:
1718 1583 1811 1656 vulgo

181 1648 347 1706 abulensis
1016 1664 1334 1721 termentlnevoeatur.

59 1753 121 1801 ven.
143 1760 167 1800 0,
216 1735 243 1790 6.
259 1735 288 1790 la
301 1741 379 1791 Basa
393 1748 449 1792 noc
462 1741 582 1793 racrsrrs
596 1739 974 1808 ursarum-noninim-
1051 1745 1096 1800 lt.
1122 1747 1182 1803 lieo
1204 1761 1297 1804 auran
1319 1759 1551 1814 quaereremus
1575 1761 1681 1818 respue
1704 1750 1927 1808 saaraim&

181 1815 291 1886 dendo,
301 1817 354 1874 sed
365 1819 550 1875 occasionem
562 1818 662 1876 dando
672 1819 775 1876 restris
785 1821 972 1879 sermonibus
1015 1840 1086 1898 aao;
1097 1857 1134 1871 -
1146 1829 1256 1887 interea
1275 1829 1350 1886 dum
1368 1846 1424 1888 vos
1438 1846 1542 1888 omnes
1556 1831 1692 1890 absentes
1713 1834 1808 1906 eritis,

179 1898 250 1955 hnic
263 1913 337 1956 mea
353 1899 492 1972 miseria,
507 1913 568 1974 qua
580 1917 649 1959 meo
668 1903 840 1974 benjamine
859 1903 970 1976 privor.
1014 1909 1140 1968 videbor
1152 1912 1226 1969 mihi
1240 1927 1303 1971 esse
1317 1913 1409 1971 orbus
1416 1933 1426 1986 ς
1442 1919 1470 1972 et
1483 1914 1558 1974 sorte
1570 1917 1669 1990 reipsa
1683 1919 1810 1976 nonnul-

179 1981 251 2039 Vidc
266 1981 333 2038 Gen.
348 1984 393 2041 20.
1015 1992 1067 2063 iis,
1082 1997 1134 2051 aut
1147 1995 1234 2052 etiam
1247 1996 1388 2054 omnihus
1407 1997 1495 2054 vohis
1515 1999 1547 2056 in
1565 1999 1623 2056 hoc
1643 2000 1745 2059 itinere
1759 2017 1809 2058 or·

59 2084 119 2134 en,
142 2088 166 2131 7,
214 2067 242 2122 Ι.
265 2065 472 2126 hrrnaoorrrr
493 2081 546 2127 aas
568 2083 665 2140 nouo,
678 2073 746 2141 eta,
765 2085 791 2129 er
809 2081 972 2131 alerannus
1016 2075 1126 2134 habor.
1762 2091 1765 2098 '

179 2160 318 2206 marran.
331 2177 367 2194 -
378 2153 452 2209 Vera
464 2151 551 2209 refert
564 2152 670 2223 ludas,
681 2156 716 2209 ut
731 2155 812 2227 patet
825 2169 891 2229 cap.
907 2171 970 2230 seq.
1050 2161 1166 2218 Biscant
1185 2161 1233 2221 hie
1254 2167 1390 2237 parentes
1409 2179 1478 2222 suae
1499 2180 1566 2238 spes
1580 2167 1608 2222 et
1620 2165 1730 2237 gaudia
1746 2177 1809 2225 non

179 2247 255 2290 vers.
270 2235 320 2304 lt,
334 2233 400 2291 lieet
410 2235 473 2292 haee
486 2234 552 2308 ipsa
560 2237 711 2294 taceantur
724 2251 789 2310 cap.
804 2247 880 2307 retr,
894 2253 970 2296 vers.
1015 2241 1159 2302 collocare
1172 2245 1204 2301 in
1218 2245 1296 2303 liliis.
1309 2249 1380 2304 Ecce
1393 2248 1484 2306 Jacob
1499 2247 1639 2318 insanio,
1653 2262 1722 2305 eum
1736 2249 1809 2307 libe·

179 2318 230 2373 le:
244 2315 286 2373 ihi
300 2317 379 2374 enim
393 2319 563 2376 summatim
575 2321 751 2376 tentumres
764 2324 911 2392 narratur,
924 2321 972 2379 hie
1014 2326 1055 2382 ris
1067 2325 1125 2383 lrul
1138 2328 1277 2400 putabat,
1287 2329 1322 2386 iis
1333 2331 1464 2388 orbatur.
1480 2332 1573 2403 Adde,
1584 2333 1656 2388 dum
1670 2331 1723 2388 filii
1736 2333 1809 2389 ado·

178 2413 250 2456 uero
265 2404 294 2457 et
305 2413 371 2474 cap.
383 2415 447 2476 seq.
457 2402 587 2459 exactius
596 2403 625 2458 et
633 2400 779 2475 prolixius
790 2416 854 2462 rem
867 2408 971 2476 totam,
1015 2408 1140 2481 leseuut,
1151 2423 1229 2484 sape
1241 2429 1308 2470 cum
1318 2417 1400 2471 atate
1415 2418 1548 2472 crescunt
1562 2415 1650 2471 amul
1664 2419 1692 2472 et
1705 2429 1808 2472 eorum

179 2483 282 2556 reique
295 2487 383 2555 gestes
396 2484 533 2542 ordinem
547 2489 685 2543 enarrant
698 2483 811 2543 iratres.
1014 2493 1101 2562 vitia,
1114 2498 1144 2550 et
1155 2498 1312 2568 parentum
1325 2512 1413 2553 curae.
1430 2498 1553 2566 hiscant,
1567 2499 1691 2564 scatade,
1705 2498 1809 2556 fideles

58 2589 120 2636 vm,
144 2593 166 2634 2,
215 2569 243 2624 8.
258 2568 571 2639 Parrum-fratrem
584 2572 656 2626 natu
669 2570 846 2643 minimum
859 2569 973 2647 alioqui
1015 2574 1090 2632 nulli
1101 2575 1143 2632 rei
1153 2578 1313 2634 mundanae
1326 2577 1421 2648 inniti,
1432 2579 1485 2636 sed
1495 2579 1549 2636 toti
1563 2595 1581 2636 a
1594 2575 1653 2635 beo
1667 2581 1806 2651 pendere.

85 2649 148 2724 &²⁸³
180 2652 330 2723 Beniamin
340 2653 401 2724 jam
415 2655 476 2710 erat
489 2655 525 2709 Bt
539 2650 851 2728 annorum,filiosque
864 2669 974 2727 genae·
1015 2659 1087 2715 Ecce
1098 2659 1209 2716 laccho
1222 2659 1406 2719 subtrahitur
1419 2661 1568 2735 quidquid
1580 2661 1738 2733 dilexerat,
1753 2661 1808 2748 scid

58 2711 169 2817 {effi}
181 2740 239 2806 rat,
251 2739 284 2793 ut
300 2739 380 2808 patet
393 2751 459 2810 cap.
479 2749 562 2806 aevi,
575 2749 653 2793 vers.
674 2737 721 2793 Bt.
734 2738 822 2794 Natus
836 2741 880 2795 est
893 2740 973 2796 enim
1015 2740 1082 2798 lieet
1100 2741 1222 2814 hachel,
1241 2745 1368 2816 loseph,
1383 2745 1550 2816 Beniamin,
1568 2748 1602 2802 ut
1620 2745 1659 2802 ab
1672 2746 1707 2802 iis
1723 2759 1808 2803 arnod

70 2832 154 2890 agne
180 2819 345 2890 Beniamin,
361 2829 441 2876 auno
456 2819 572 2876 decimo
586 2821 669 2876 sexto
683 2819 801 2892 losephi
812 2862 822 2890 ,
834 2837 895 2894 qno
909 2822 973 2894 ipse
1015 2841 1078 2883 rem
1097 2831 1216 2898 avocet,
1237 2831 1266 2885 et
1281 2829 1313 2884 in
1335 2831 1427 2887 Deum
1439 2828 1604 2886 transferat.
1620 2829 1734 2887 Biseant
1752 2837 1807 2887 ter»

48 2898 108 2950 Μ
126 2894 169 2938 ‘¹³'
180 2902 316 2960 venditus
336 2905 380 2959 est
401 2902 432 2958 ln
454 2903 709 2977 AEgyptumehoec
730 2907 829 2960 autem
844 2905 973 2975 eontige-
1016 2913 1072 2979 tr'o,
1086 2910 1217 2968 adversis
1238 2925 1300 2968 non
1320 2910 1437 2984 frangi,
1455 2913 1528 2987 quia
1544 2917 1615 2969 tune
1629 2911 1750 2970 lelieites
1764 2911 1809 2970 est

20 2989 23 2996 ‘
65 2958 160 3000 “m'‘
180 2991 249 3044 runt
271 3001 349 3044 anno
372 2987 503 3042 secundo
522 2986 699 3055 sterilitatis,
714 3001 776 3059 quo
790 2987 899 3059 loseph
912 2991 974 3045 erat
1015 2994 1168 3066 proxima,
1182 3009 1251 3050 cum
1266 2994 1424 3052 miserrimi
1434 2996 1582 3052 videntur.
1604 2993 1648 3052 Sic
1665 2996 1744 3052 enim
1762 2999 1808 3054 ta*

180 3073 217 3128 39
228 3083 388 3136 annornm,
404 3075 433 3128 et
444 3073 523 3144 patet
536 3085 573 3127 ex
587 3071 686 3141 dictis,
700 3075 776 3127 etex
789 3085 855 3144 cap.
878 3084 971 3142 sarri,
1016 3076 1072 3134 cob
1095 3077 1143 3134 hic
1164 3077 1307 3148 afflictus,
1320 3094 1390 3136 mox
1410 3077 1549 3134 omnibus
1570 3077 1658 3134 melis
1674 3077 1805 3152 eripitur.

180 3169 256 3210 vers.
272 3157 290 3210 9
294 3171 304 3224 ;
316 3155 377 3226 lem
397 3157 539 3227 computa
553 3154 591 3210 ah
605 3167 685 3210 anno
698 3156 733 3212 16
753 3154 871 3227 tosephi
885 3156 925 3213 ad
938 3157 973 3212 39
1015 3161 1089 3217 Cum
1107 3175 1179 3230 ergo
1193 3160 1348 3218 derelictus
1363 3164 1391 3216 et
1408 3161 1540 3236 perditus
1552 3159 1676 3230 rideris,
1692 3159 1808 3217 animos

181 3237 327 3308 ejusdem,
341 3233 467 3293 habebis
479 3234 516 3292 Bi
527 3249 621 3293 annos
635 3236 807 3308 Beniamini.
1016 3255 1116 3313 sume,
1130 3243 1202 3299 seito
1221 3257 1395 3316 prosperam
1412 3243 1563 3300 fortunam
1584 3247 1660 3299 stare
1676 3245 1743 3299 ante
1762 3243 1808 3314 la«

81 3339 146 3386 aa.
217 3320 349 3378 'lotidem
370 3318 430 3376 iere
454 3331 603 3376 annorum
612 3351 621 3391 ,
635 3324 709 3392 puta
727 3321 774 3388 25,
790 3323 852 3378 erat
872 3321 953 3378 isaac
962 3362 972 3392 ,
1015 3339 1120 3397 nuum,
1134 3324 1248 3399 tibique
1262 3326 1427 3382 imminere.
1441 3329 1511 3381 Ecce
1526 3326 1604 3382 enim
1618 3325 1758 3381 Bomitrus
1769 3333 1806 3382 ea

78 3398 148 3471 ’ΜΨ
183 3419 251 3462 euni
271 3404 372 3475 jussus
394 3407 438 3460 est
458 3401 607 3478 Abraham
620 3416 690 3460 eum
702 3403 876 3475 immolare3
890 3404 931 3461 ita
946 3408 974 3462 et
1015 3409 1075 3467 alto
1090 3425 1145 3466 nos
1158 3408 1276 3482 aspicit,
1289 3413 1431 3467 certantes
1443 3409 1572 3466 intuetur
1585 3413 1613 3466 et
1624 3409 1806 3480 corroborat,

58 3471 172 3564 Ἓξ
183 3487 272 3546 tacob
285 3488 333 3544 hic
347 3501 435 3544 suum
448 3485 652 3557 Beniaminum
672 3486 776 3544 cadem
797 3489 880 3544 estate
894 3487 974 3559 cogi·
1016 3497 1104 3567 atque
1116 3492 1239 3565 praemia
1253 3491 1385 3565 disponit
1397 3496 1426 3548 et
1437 3495 1598 3565 preparat,
1609 3494 1643 3548 ut
1656 3490 1720 3564 ipse
1732 3489 1807 3548 diris

58 3581 169 3628 rueme.
181 3575 231 3629 tur
243 3571 379 3629 abdicare
391 3573 420 3626 et
432 3569 580 3641 resignare
592 3569 624 3626 in
637 3583 744 3626 manus
759 3570 818 3626 Bai.
1015 3576 1043 3632 S.
1059 3575 1184 3633 Antonio
1198 3591 1216 3632 a
1230 3573 1416 3632 daemoniace
1430 3575 1503 3630 mire
1516 3579 1621 3630 vexato
1633 3573 1681 3647 (B).

218 3657 258 3712 Ne
270 3643 516 3724 sorranus-q.
530 3653 559 3709 d.
577 3653 775 3726 «compassio
789 3666 881 3725 quem
894 3653 975 3710 exhi·
1051 3661 1096 3716 la.
1117 3660 1220 3716 Occiae
1243 3671 1387 3728 secernas,
1400 3671 1435 3714 nr
1456 3671 1574 3714 rasruun
1596 3655 1879 3715 eoaarrruu.*=irr⁸·
1891 3667 1936 3714 ta.
1973 3727 1980 3736 ¹

182 3740 288 3796 hamus
301 3753 413 3811 puero,
426 3735 516 3792 nobis
535 3734 676 3793 omnibus
694 3736 749 3793 erit
767 3749 857 3793 eausa
877 3737 975 3793 interi·
1019 3741 1202 3798 «victimae»
1219 3745 1363 3798 vocantur
1376 3741 1424 3797 hie
1439 3745 1467 3798 et
1480 3739 1551 3798 alibi
1565 3739 1719 3809 animalia,
1735 3737 1808 3812 puta

182 3829 245 3894 tus;
259 3821 337 3879 ieme
359 3819 439 3878 eninr
460 3816 644 3892 peribimus,
657 3819 714 3876 nisi
733 3833 803 3876 eum
818 3818 975 3877 nobiscum
1016 3839 1104 3894 ores,
1117 3824 1215 3895 vituli,
1230 3839 1374 3899 capones,
1388 3823 1484 3897 pisces
1496 3822 1622 3895 jugulati
1635 3834 1697 3878 non
1710 3822 1750 3879 ad
1763 3833 1819 3882 aa.

183 3907 297 3976 mittas,
312 3925 328 3958 a
343 3905 384 3961 eit
397 3905 425 3961 S.
440 3903 682 3973 chrysostomus,
696 3902 767 3958 tom.
780 3905 826 3959 ot.
1016 3908 1176 3977 orificium,
1190 3908 1243 3965 sed
1263 3909 1303 3966 ad
1317 3907 1503 3990 convivium3
1519 3903 1656 3962 hebmiee
1672 3905 1810 3962 animast

59 4001 120 4049 vera
143 4006 168 4046 e.
217 3993 245 4048 9.
261 3992 319 4046 Ero
330 4003 445 4046 mecam
458 4001 527 4044 reus
538 3999 568 4042 ra
580 3997 615 4042 re
629 4000 698 4042 oriar
711 4000 932 4058 rsurorn‚-q.
945 3985 974 4043 d.
1018 3999 1086 4053 ttae
1109 3999 1190 4051 ittae
1210 3992 1317 4048 tetocclr
1337 3991 1444 4061 telaeh,
1459 3989 1491 4046 id
1510 3991 1570 4058 est,
1585 3991 1681 4045 macta
1698 3993 1808 4045 maetas

183 4073 333 4142 Quamdiu
346 4071 443 4126 rivam
453 4113 461 4140 ,
472 4071 529 4126 hoc
541 4068 615 4126 milri
628 4071 782 4142 peccatum
795 4070 975 4142 impropera,
1016 4074 1146 4142 tionem,
1160 4074 1217 4128 hoc
1240 4077 1298 4142 est,
1312 4077 1409 4130 macta
1432 4070 1572 4128 animalia
1593 4071 1749 4128 mactanda
1769 4070 1809 4128 ad

184 4161 214 4214 et
227 4167 446 4228 quamcumque
459 4154 559 4223 voles,
572 4165 692 4224 paenam
705 4152 779 4208 mihi
792 4152 901 4223 inflige.
1017 4156 1151 4227 epulum.
1165 4153 1579 4212 Addehaecanimaliavocari
1593 4153 1808 4226 quoquevictl·
1848 4159 1907 4202 luter

56 4250 121 4301 verr.
132 4255 170 4298 ro.
220 4241 266 4297 to.
281 4239 311 4295 Sr
323 4249 380 4294 aaa
392 4248 614 4294 mreacessrssar
626 4249 752 4304 errario,
763 4265 798 4277 -
809 4234 865 4291 nisi
874 4234 978 4290 inisset
1017 4253 1092 4306 mas,
1103 4238 1237 4309 respectu
1251 4235 1343 4308 ipsius
1357 4233 1504 4306 sacrificii;
1516 4238 1627 4292 veteres
1642 4236 1721 4292 enim
1734 4236 1809 4292 intel
1821 4219 1926 4324 „⁶02¹ng

184 4323 291 4395 injecta
312 4321 368 4378 iste
390 4331 492 4385 mora,
515 4333 577 4393 qua
599 4321 764 4375 remoratus
787 4332 819 4374 es
840 4331 913 4387 nos,
926 4331 977 4372 ne·
1017 4320 1121 4394 epulas
1143 4317 1357 4376 sacrificabant.
1381 4317 1414 4374 ld
1437 4319 1474 4375 de
1497 4317 1603 4375 ludaeis
1624 4319 1705 4392 patet
1718 4317 1841 4384 andlfl
1876 4339 1928 4384 seu·

185 4406 286 4479 gando
298 4403 386 4462 nohis
400 4403 571 4460 comitatum
586 4401 747 4472 Beniamin.
1017 4418 1084 4476 cap.
1099 4417 1153 4472 ru,
1171 4401 1224 4457 uhi
1238 4403 1269 4458 in
1283 4401 1388 4458 ultima
1406 4415 1460 4458 sua
1473 4414 1572 4471 coena,
1585 4412 1677 4473 quam
1689 4410 1808 4474 perege·
1852 4405 1901 4504 ¹3¹²

55 4501 122 4548 uera
134 4505 172 4546 rr.
221 4493 267 4547 ΙΙ.
280 4491 384 4547 Scurra
398 4499 435 4544 ne
453 4499 565 4544 orrrnrs
586 4499 683 4542 exara
703 4497 863 4540 reuertens.
877 4511 913 4526 -
926 4483 981 4538 lle-'
1017 4489 1086 4542 runt
1099 4485 1130 4541 in
1142 4487 1288 4558 AEgypto,
1301 4484 1495 4541 immolarunt
1512 4488 1540 4541 et
1555 4484 1748 4540 comederunt
1761 4496 1810 4555 ag-
1822 4472 1928 4566 Ἓξ·

184 4573 284 4631 hraiee
304 4574 361 4642 est,
386 4573 484 4626 sumite
502 4570 534 4625 de
558 4571 713 4628 cantatione
735 4571 824 4621 terra.
845 4563 977 4622 cantatio
1018 4583 1092 4625 num
1114 4567 1293 4640 paschalem.
1317 4569 1358 4623 lta
1377 4565 1446 4624 iecit
1461 4571 1489 4624 et
1510 4567 1640 4624 Christus
1656 4566 1688 4622 in
1705 4565 1811 4624 ultima

185 4655 323 4714 hebraice
336 4657 459 4713 vocatur
475 4667 521 4709 res
534 4655 688 4724 praestans,
706 4648 833 4717 nobilis,
843 4645 978 4704 laudabi-
1018 4666 1074 4707 sua
1093 4664 1191 4718 eoena,
1205 4650 1288 4720 euJus
1309 4649 1432 4722 epulum
1453 4662 1583 4720 eaerum,
1597 4648 1706 4722 pariter
1723 4651 1752 4706 et
1765 4658 1811 4706 sa-

185 4742 222 4796 lis
236 4745 264 4796 ee
277 4737 463 4795 decantanda
478 4737 525 4806 (Ι),
1019 4731 1163 4789 orificium
1176 4731 1230 4789 suit
1243 4732 1433 4791 Eucharistia.

82 4833 169 4878 aesna
222 4803 330 4880 hesma
351 4819 430 4876 -id
441 4801 487 4876 est
498 4819 643 4889 therieeae,
653 4815 792 4889 inquiunt
805 4813 912 4883 ludaei3
925 4813 979 4870 sed
1055 4817 1094 4872 Be
1112 4813 1273 4871 Gentilibus
1292 4815 1373 4872 idem
1392 4819 1521 4887 patetax
1535 4815 1686 4886 Atheneo,
1702 4815 1811 4872 llaerttss

57 4892 137 4954 Μ’
185 4864 342 4979 perperam
362 4922 370 4960 ι
392 4903 490 4960 resina
505 4902 584 4958 euim
599 4906 642 4957 est
654 4915 758 4956 succus
772 4897 867 4953 fluens
881 4896 919 4951 ab
933 4909 979 4951 ar·
1018 4898 1081 4968 hio,
1094 4896 1224 4968 Virgilio,
1236 4899 1372 4954 llomero.
1384 4900 1472 4954 Erant
1483 4897 1561 4954 enim
1575 4897 1716 4954 sacrificia
1725 4897 1813 4970 quasi

186 4989 270 5044 bore.
282 4989 347 5043 lam
361 4987 530 5043 variassent
543 4983 665 5040 arbores
679 4997 746 5056 quae
757 4981 885 5037 resinam
896 4980 978 5035 dant.
1020 4978 1814 5054 saersepu1ae‚inqumusneuscumhominibnsepse

186 5074 219 5129 ln
231 5071 335 5128 ludera
347 5073 376 5126 et
389 5068 473 5144 Syria
491 5068 618 5124 resinam
633 5067 684 5124 dat
697 5064 801 5136 arhor,
815 5077 882 5137 qua
892 5076 980 5119 voea-
1019 5064 1151 5136 labatur3
1166 5062 1294 5137 ideoque
1306 5066 1451 5121 uocantur
1465 5061 1598 5119 victimae.

219 5207 251 5274 (t)
272 5209 333 5261 liae
353 5219 471 5269 manera,
491 5202 565 5272 iuxta
586 5201 818 5266 Bosenmulleram,
837 5205 909 5251 crant
932 5201 980 5250 att-
1505 5263 1510 5272 ,
1690 5265 1693 5272 .
1785 5261 1804 5272 Η

188 5291 303 5343 cumeum
315 5283 434 5343 reluat,
445 5285 472 5332 et
484 5283 637 5339 aliquantum
650 5277 794 5327 mettis.seu
805 5271 873 5322 succi
883 5283 913 5320 ex
925 5270 981 5322 avis
1053 5269 1086 5334 (t)
1103 5268 1173 5322 vers.
1189 5269 1227 5321 ta.
1245 5267 1320 5322 Hehr.
1337 5272 1394 5333 est,
1408 5279 1509 5332 morter
1525 5267 1646 5354 nepot-lma
1661 5269 1813 5352 arpennum·

187 5353 264 5418 perata
275 5355 308 5406 aa
323 5353 404 5405 mellis
417 5349 598 5416 propemodum
614 5343 765 5410 spissitatem
778 5339 888 5402 decocti,
900 5341 981 5391 arabi·
1021 5343 1132 5397 dedara,
1151 5343 1185 5390 eet
1199 5341 1368 5390 devolvendum
1380 5352 1406 5389 se
1420 5341 1466 5404 (ut
1478 5339 1598 5405 losephus
1612 5347 1664 5392 sese
1679 5323 1814 5402 decalvati

187 5426 236 5475 bas
245 5424 301 5476 dtis
313 5422 407 5484 vocati,
417 5422 680 5482 aromatmadmn,
690 5417 798 5476 pistores
806 5421 830 5463 et
838 5413 979 5510 amputata,
1020 5424 1095 5471 saper
1107 5411 1401 5473 connumerandas·
1412 5421 1485 5472 saper
1497 5424 1551 5461 nos.
1620 5496 1635 5528 ο
