4212 6034
257 245 312 325 ao
551 253 553 261 ’
751 213 1406 328 55111111111111115115111,5ιι.1111.τ
1801 275 1822 312 .

256 361 332 426 hauc
346 361 474 434 famem,
487 379 549 440 qua
569 363 664 424 coacti
683 368 753 428 aaut
772 365 874 430 tratres
891 365 992 432 venire
1011 365 1052 428 ad
1093 379 1180 436 rear
1196 363 1283 429 idest
1295 362 1390 434 tore,
1407 359 1544 436 vestim
1557 357 1632 436 quir
1643 373 1694 426 mc
1705 358 1785 444 petri
1795 355 1891 428 tuffttr
1901 370 1964 415 ¹0³0·
1978 381 2026 416 vo.

255 445 364 518 ioseph
377 446 408 506 in
422 450 591 525 AEgyptum.
606 451 684 508 lianc
697 453 796 508 autem
810 465 872 506 esse
885 449 935 506 Dei
947 449 1053 505 volun·
1092 447 1149 504 rati
1162 447 1229 504 estis
1242 451 1271 504 et
1281 446 1465 504 vendidistis.
1481 444 1537 504 Sed
1555 445 1639 502 aliud
1652 447 1695 502 est
1708 443 1889 526 explorator,
1901 431 2019 540 “mnf

254 531 345 586 tatem
357 529 499 588 intellexit
518 533 646 604 ioseph,
660 537 724 589 tum
743 549 779 590 ax
794 533 911 589 somnio
926 548 998 602 suo,
1013 533 1051 589 de
1093 529 1176 588 aliud
1194 529 1243 589 iur
1257 549 1265 586 :
1278 531 1413 602 intelligit
1426 529 1507 587 eninr
1520 529 1630 603 ioseph
1647 544 1701 603 per
1722 527 1891 604 explorato·

256 627 318 686 quo
332 613 398 686 cap.
414 623 532 685 xxxvii,
545 629 621 672 vers.
637 619 797 686 ’1,1111151
812 619 1049 684 rorumeventu‚
1092 629 1156 672 rem
1179 631 1267 684 eum,
1283 614 1334 688 qui
1353 614 1419 670 loca
1439 613 1540 670 minus
1557 611 1674 670 munita
1690 611 1723 670 in
1734 613 1891 686 provincia

257 699 322 760 tum
344 712 380 756 ex
401 697 1052 770 1511111151511515111515,1111111551
1093 701 1250 768 scrutatur,
1264 703 1298 758 ut
1311 696 1437 758 enhoati
1451 696 1570 770 prodat.

260 777 266 791 .
1128 783 1147 838 S
1366 781 1373 794 .
1779 782 1786 796 .

138 868 196 917 e..
213 870 247 914 ...
258 781 539 922 ’1511Ξὲ1Ρὲ111
553 797 608 921 ll*
609 784 833 923 ’11118111
848 863 942 924 ..m
958 865 1051 922 nuo
1093 780 1891 942 ...tilleium{utilitatium

150 931 235 1038 ffi-
259 947 435 1022 nesponeeo
447 952 555 1020 primo,
567 949 637 1022 quia
651 951 725 1004 ilaus
738 949 796 1006 hoc
811 950 896 1024 quasi
910 953 1052 1021 purgato·
1093 947 1245 1006 lationem.
1800 969 1802 976 ⁴

139 1066 246 1110 menige
258 1033 337 1092 rium
350 1033 484 1090 nitereris
497 1034 591 1089 voluit
602 1033 665 1090 dari
678 1033 806 1103 tacebo,
820 1035 887 1090 lieet
897 1035 995 1104 iusto,
1009 1031 1051 1088 ob
1132 1034 1221 1088 Tertio
1235 1035 1264 1088 et
1277 1031 1387 1105 optime
1395 1073 1404 1102 ,
1413 1033 1441 1090 S.
1456 1033 1582 1090 Thomas
1596 1031 1767 1107 respondet,
1780 1033 1891 1108 ioseph

156 1117 224 1190 'quie
258 1116 336 1186 levia
348 1119 488 1194 quedem
502 1117 564 1188 ejus
578 1121 712 1188 peccata,
727 1123 791 1175 tum
813 1117 884 1186 alia,
900 1121 963 1174 tum
980 1116 1052 1189 quia
1093 1129 1156 1170 non
1179 1115 1317 1174 assertive
1338 1115 1390 1172 sed
1409 1115 1548 1176 tentative
1566 1119 1595 1173 et
1616 1115 1770 1188 probativa
1786 1116 1889 1192 loqui,

138 1179 246 1286 ffissf'
259 1201 347 1260 nimie
373 1204 403 1257 et
425 1217 493 1259 cum
516 1199 627 1258 invidia
650 1198 773 1262 teatrum
796 1203 946 1260 amaverat
973 1203 1051 1260 iose-
1094 1196 1137 1256 uti
1154 1197 1270 1266 judices
1291 1201 1425 1261 usserunt
1446 1199 1575 1270 crimen,
1589 1199 1663 1260 dum
1682 1214 1768 1259 rcum
1783 1205 1891 1274 rogant

144 1315 188 1360 ,por
200 1304 236 1348 rn-
257 1284 363 1358 phum.
378 1284 456 1342 Solet
472 1283 551 1338 enim
571 1283 645 1338 neus
665 1281 772 1354 nimios
785 1284 960 1344 Sanctorum
974 1284 1051 1341 circa
1093 1283 1307 1352 pertentando,
1330 1285 1365 1338 ut
1386 1281 1537 1343 veritatem
1560 1282 1687 1342 eliciant.
1709 1283 1774 1340 Pari
1795 1285 1889 1343 modo

161 1377 223 1409 '⁰¹³²
258 1385 321 1426 rem
340 1369 388 1426 vel
407 1381 566 1442 personam
584 1365 717 1438 aliquam
740 1383 856 1422 amores
876 1367 932 1423 hoc
956 1367 1049 1425 modo
1093 1363 1141 1419 hic
1163 1362 1266 1421 iratres
1281 1369 1425 1438 pertentat
1446 1361 1566 1440 loseph,
1585 1370 1619 1422 ut
1637 1365 1679 1423 ita
1698 1366 1798 1438 adigat
1816 1383 1888 1440 eoa,

139 1429 244 1532 flmm-
258 1467 312 1526 par
324 1452 464 1520 adversa,
480 1450 565 1522 quasi
581 1451 684 1506 vinum
704 1450 810 1520 injecta
827 1466 921 1523 aqua,
936 1455 1050 1524 tempe·
1094 1445 1151 1504 sibi
1169 1447 1206 1508 dc
1225 1452 1308 1520 petre
1326 1451 1354 1504 et
1370 1447 1457 1505 tratre
1477 1449 1627 1520 Beniamin
1646 1454 1888 1525 percunctatum,

258 1553 339 1608 rara,
353 1537 414 1598 imo
432 1536 559 1596 recidere
574 1539 601 1594 et
616 1533 803 1596 mortificare.
820 1537 862 1596 lta
875 1537 902 1592 S.
916 1536 1051 1608 Augusti·
1093 1545 1164 1588 vera
1177 1547 1308 1590 narrare.

259 1637 315 1678 nus
321 1661 332 1692 ,
345 1637 432 1679 serm.
449 1621 536 1675 81115
552 1621 686 1692 Tempore.
1129 1616 1219 1670 Porro
1233 1615 1348 1672 nullam
1364 1613 1502 1688 injuriam
1517 1614 1585 1676 iecit
1604 1616 1713 1694 ioseph
1731 1617 1887 1700 iratribus,

160 1712 224 1758 von
292 1704 427 1772 Secundo,
444 1703 539 1759 voluit
558 1700 631 1758 uous'
646 1701 740 1758 cetere
758 1701 901 1759 iacobum
916 1703 1052 1763 vitamet
1093 1696 1135 1754 eis
1146 1698 1223 1754 hano
1234 1698 1413 1755 calumniam
1429 1698 1610 1770 objiciendo,
1621 1705 1793 1778 metumque
1805 1702 1888 1761 incu-

138 1774 235 1879 t⁸³20²⁰⁸
258 1791 366 1844 statum
386 1786 521 1860 iosephi,
537 1789 569 1842 ut
587 1785 727 1859 probaret
743 1789 804 1842 tam
819 1787 882 1856 ejus
896 1802 988 1859 quarn
1003 1789 1050 1845 Jo-
1093 1780 1212 1850 tiendo,
1227 1781 1300 1854 qula
1313 1780 1356 1838 illi
1369 1781 1458 1852 longe
1472 1781 1608 1852 graviora
1619 1782 1714 1840 mariti
1726 1789 1820 1856 oront,
1833 1803 1889 1860 po·

149 1842 234 1952 {20ssss
236 1841 244 1880 ¹
258 1871 342 1944 sephi
351 1871 499 1939 virtutem,
514 1869 751 1938 resignationem,
767 1870 953 1940 patientiam,
968 1887 1051 1928 nmo·
1094 1867 1226 1936 ternique
1241 1865 1350 1936 ioseph
1369 1862 1455 1936 quasi
1474 1865 1613 1938 princeps
1627 1867 1761 1939 AEgypti,
1776 1883 1827 1928 eos
1846 1871 1888 1930 ab

70 2021 77 2035 ·
155 1957 221 2003 neur.
257 1969 401 2026 reinerga
415 1953 572 2022 bermuti
587 1951 725 2023 probavit
739 1952 937 2010 obedientiam
953 1954 1052 2012 otvir·
1092 1946 1285 2024 parricidium
1300 1946 1474 2020 orelegium
1488 1949 1520 2009 in
1536 1964 1566 2008 se
1580 1948 1743 2008 admissum
1760 1952 1888 2026 plectere

257 2041 349 2094 tutem
365 2036 453 2095 isaaci
462 2040 491 2093 51
500 2035 633 2104 Abrahae,
643 2047 712 2091 cum
726 2035 850 2092 Abrahae
856 2035 943 2108 jussit
955 2041 986 2093 ut
996 2037 1049 2095 im·
1094 2033 1198 2088 morte.
1220 2030 1324 2091 Ruben
1342 2029 1455 2088 etiamsi
1475 2031 1675 2090 revenditione
1690 2035 1798 2110 ioseph
1812 2043 1889 2104 osset

179 2149 184 2154 ·
257 2122 381 2179 moleret
392 2136 479 2176 suum
497 2123 591 2188 isaac,
608 2118 700 2176 Graes.
715 2121 826 2188 11111.
1093 2115 1252 2185 innocens,
1267 2114 1337 2188 quia
1350 2117 1449 2170 tomen
1467 2117 1646 2172 commixtus
1664 2121 1726 2174 erat
1744 2135 1813 2176 cum
1830 2119 1889 2180 ira·

293 2209 397 2276 Tertio,
412 2205 484 2280 quia
496 2205 522 2262 si
535 2205 664 2262 scivisset
681 2203 772 2261 iacob
786 2204 882 2262 filium
898 2221 988 2266 suum
1002 2210 1051 2266 10.
1093 2199 1188 2257 tribus
1206 2197 1396 2267 nocentibus,
1412 2197 1481 2254 hinc
1499 2203 1528 2255 et
1546 2197 1686 2270 affligitur
1704 2217 1773 2260 oum
1792 2203 1846 2260 eis.
1859 2205 1889 2264 Si

256 2291 330 2364 seph
342 2305 404 2350 esse
418 2293 556 2361 captum,
571 2286 756 2360 quantolibet
768 2289 861 2361 pretio
877 2305 946 2349 eum
965 2291 1050 2350 rede·
1092 2285 1174 2344 enim
1196 2299 1265 2344 eum
1288 2283 1448 2354 excepisset
1468 2283 1595 2356 ioseph,
1611 2285 1728 2356 agnitus
1749 2285 1852 2350 inisset
1871 2305 1891 2357 a

255 2374 369 2445 misset,
386 2373 486 2448 itaque
505 2371 613 2450 ioseph
632 2386 789 2444 nunquam
812 2364 929 2430 evectus
947 2373 1050 2434 inisset
1091 2365 1242 2429 iratribus.
1262 2369 1302 2426 lta
1322 2363 1486 2426 thelensis.
1502 2365 1547 2425 Sic
1566 2368 1657 2438 licus,
1673 2369 1747 2440 quin
1761 2373 1790 2430 et
1806 2372 1889 2446 prin·

255 2457 287 2514 in
301 2460 427 2530 AEgypto
441 2455 481 2512 ad
493 2455 709 2528 principatum,
724 2469 785 2526 quo
804 2457 902 2510 tamen
916 2456 979 2526 eJus
993 2457 1050 2514 hu.
1094 2467 1173 2524 ceps,
1186 2449 1337 2507 communi
1351 2447 1422 2506 belli
1433 2448 1517 2509 clade
1526 2449 1657 2509 insontes
1671 2467 1740 2511 eum
1751 2453 1887 2514 sontibus

254 2541 448 2599 millationem
467 2538 648 2595 remunerari
662 2541 801 2596 statuerat
814 2540 909 2609 Deus,
922 2541 1046 2612 Sopiant.
1092 2532 1217 2589 involvit
1230 2537 1258 2588 el
1271 2530 1380 2605 plectit·

255 2641 321 2698 cap.
334 2639 364 2693 x,
376 2639 453 2680 vers.
466 2625 511 2678 13.
525 2624 567 2678 lta
579 2619 788 2678 theodoretus.
1127 2620 1232 2674 Notent
1250 2617 1298 2673 hic
1317 2615 1445 2690 prelati,
1459 2631 1550 2690 quern
1570 2617 1602 2676 in
1622 2621 1802 2680 correctione
1822 2639 1889 2684 mo·
1900 2627 2012 2682 cunno·

290 2709 413 2780 Quarto,
434 2705 467 2766 id
483 2705 578 2768 votuit
595 2707 686 2774 Deus,
701 2707 734 2760 ut
750 2705 805 2764 bae
823 2707 936 2769 ratione
951 2710 1049 2772 veriti·
1093 2702 1167 2764 dum
1186 2717 1301 2758 servare
1325 2700 1469 2770 debeant,
1488 2716 1618 2774 eumque
1639 2702 1789 2764 (1180111118
1807 2689 2014 2811 105θῇζῶοζ

255 2797 334 2851 caret
353 2791 503 2849 somnium
520 2789 646 2862 losepho
667 2805 685 2844 a
705 2805 735 2846 se
750 2790 936 2862 immissum,
953 2793 1046 2854 cenes.
1092 2787 1165 2860 pho·
1185 2785 1232 2843 Pie
1253 2787 1282 2840 el
1296 2784 1456 2860 Prudenter
1473 2785 1501 2842 S·
1516 2785 1687 2856 Gregorius.
1705 2787 1788 2848 bom.
1803 2793 1837 2852 tt
1853 2797 1887 2854 e'o

255 2892 319 2949 cap.
333 2889 439 2944 xxxvii,
448 2889 524 2930 vers.
539 2875 566 2941 7,
578 2876 611 2928 ut
624 2869 732 2927 seilicet
745 2871 847 2934 iratres
859 2873 937 2936 lame
952 2879 1047 2952 pressi
1092 2871 1187 2926 Erech.
1200 2889 1208 2924 r
1221 2867 1395 2938 evincebat,
1407 2867 1513 2942 inquit,
1529 2874 1657 2928 mentem
1672 2871 1808 2948 (iosephi)
1822 2877 1887 2950 pie-

254 2963 429 3031 cogerentur
447 2955 486 3014 ad
505 2954 665 3028 iosephum
686 2953 803 3022 venire,
824 2973 952 3032 eumque
976 2961 1048 3018 ado.
1093 2957 1147 3022 tas,
1161 2967 1230 3008 cum
1243 2949 1332 3008 irater
1345 2951 1487 3008 innocens
1500 2951 1658 3024 videretur,
1670 2955 1889 3030 sedpermane-

253 3059 329 3102 ram,
1092 3035 1187 3096 batia
1199 3033 1367 3094 ostensione
1384 3033 1542 3108 asperitas,
1553 3040 1588 3094 at
1599 3035 1703 3096 1111151
1719 3041 1802 3099 noxii
1815 3057 1889 3118 pure

289 3127 405 3198 Quieto,
417 3126 449 3189 id
461 3123 554 3188 votuit
566 3126 657 3196 neus,
672 3127 707 3182 ut
718 3123 774 3184 hae
786 3125 942 3186 occasione
956 3128 1048 3188 taeob
1093 3123 1242 3192 ementur.
1257 3118 1391 3196 Scyphus
1403 3117 1435 3179 in
1446 3134 1530 3176 sacco
1541 3119 1668 3190 iunioris
1681 3120 1887 3204 absconditur,

254 3227 324 3270 eum
339 3215 400 3269 tota
412 3208 525 3274 familia
539 3224 593 3266 sua
605 3207 794 3266 descenderet
811 3209 842 3264 in
861 3211 1046 3284 egyptum),
1092 3201 1161 3262 furti
1174 3206 1243 3281 post
1256 3217 1307 3258 eos
1325 3200 1449 3280 qaeestio
1468 3207 1603 3260 movetur
1618 3221 1625 3256 ε
1641 3204 1672 3262 in
1689 3222 1775 3266 saeco
1786 3211 1889 3282 junio.

254 3295 355 3371 ibique
375 3293 629 3367 multiplicaretur,
648 3296 739 3364 utque
759 3293 785 3348 ei
804 3309 912 3364 magna
927 3297 955 3350 et
972 3296 1048 3354 mira
1092 3288 1134 3344 ris
1147 3285 1310 3356 invenitur;
1326 3284 1477 3356 Beniamin
1491 3286 1655 3357 reducitur3
1670 3289 1770 3347 afflicti
1783 3308 1887 3351 omnes

253 3380 305 3438 illa
313 3378 487 3437 obvenirent
499 3377 530 3434 in
541 3379 679 3449 egypto,
689 3391 756 3448 rinae
766 3391 831 3448 cap.
841 3393 902 3448 rur,
910 3393 987 3434 vers.
1001 3381 1046 3450 13,
1092 3369 1195 3426 matres
1206 3373 1380 3442 sequuntur.
1391 3371 1414 3426 0
1425 3372 1573 3430 tormenta
1583 3371 1806 3432 miserirordiae!
1816 3379 1889 3435 Gru·

254 3479 312 3525 ava
323 3465 386 3534 ejus
398 3461 523 3522 abrahe
534 3459 710 3532 promiserat
721 3461 809 3529 Deus,
825 3475 952 3534 queque
965 3477 1049 3521 enar.
1093 3453 1164 3522 ciat,
1179 3458 1208 3512 et
1225 3456 1315 3513 arnat.
1334 3452 1380 3510 sio
1396 3451 1442 3515 vir
1454 3457 1574 3516 mactus
1592 3453 1705 3519 facinus
1721 3457 1845 3524 cauum
1858 3465 1890 3525 et

253 3550 300 3604 rat
311 3547 441 3606 Exortus.
1094 3536 1204 3598 dimisit
1216 3542 1244 3594 et
1255 3536 1428 3596 vindicavit:
1439 3536 1480 3595 sic
1492 3535 1525 3598 in
1537 3535 1636 3610 rigore
1646 3539 1832 3605 clementiam
1843 3549 1887 3604 te-

135 3631 196 3682 vors
219 3639 239 3679 c.
288 3631 315 3684 6.
336 3633 530 3688 Anonrssnrr.
554 3655 590 3668 -
607 3625 678 3680 Eece
696 3622 744 3681 hic
766 3622 868 3684 iratres
887 3627 1048 3686 nescientes
1093 3621 1168 3692 nuit,
1181 3623 1214 3676 ut
1224 3619 1464 3696 delinquentibus
1475 3618 1625 3692 iratribus,
1635 3638 1689 3680 nec
1701 3623 1764 3686 sine
1775 3625 1887 3690 ultione

254 3709 378 3784 implent
395 3709 545 3765 somnium
563 3703 697 3778 iosephi,
712 3719 841 3779 eumque
859 3708 985 3766 adorare
999 3725 1048 3766 co·
1092 3704 1161 3776 pius
1180 3703 1330 3772 existeret,
1348 3717 1402 3759 nee
1424 3701 1487 3760 sine
1503 3704 1610 3798 pietate
1633 3704 1791 3765 districtus.
1816 3711 1886 3767 licea

254 3797 373 3865 guntur.
388 3793 429 3847 lta
442 3789 603 3862 Procopius
619 3787 666 3860 11).
1092 3786 1207 3842 horest
1221 3785 1421 3856 magisterium
1439 3784 1620 3859 discipline,
1634 3795 1667 3844 ut
1679 3789 1775 3864 culpis
1786 3795 1815 3848 51
1826 3791 1888 3849 die·

135 3883 195 3932 verr.
218 3889 239 3930 o.
289 3879 315 3936 9.
331 3877 572 3942 Reconnrrusuur
585 3885 759 3936 connroruu.
775 3901 810 3918 -·
823 3873 931 3934 videns
948 3875 980 3934 in
992 3877 1049 3940 bae
1094 3872 1170 3926 crete
1188 3867 1303 3928 noverit
1315 3883 1450 3942 parcere,
1464 3873 1493 3930 et
1512 3867 1888 3944 commemoratarum

253 3960 300 4018 sui
322 3959 493 4018 adoratione
514 3956 632 4030 impleri
648 3971 703 4012 sua
720 3956 853 4028 somnia,
867 3971 929 4015 non
949 3976 986 4016 ex
1003 3959 1049 4017 ul·
1093 3967 1205 4025 rusque
1218 3953 1246 4009 S.
1261 3953 1426 4025 Gregorius.

252 4043 351 4113 tione,
366 4041 419 4098 sed
433 4045 466 4098 ut
483 4057 518 4100 ea
534 4055 700 4114 eorumque
717 4041 870 4098 veritatem
891 4041 1049 4101 confirma·
1129 4039 1174 4093 14·
1189 4035 1248 4094 HOC
1267 4050 1327 4106 sssr,
1341 4051 1398 4108 etr,
1413 4050 1491 4106 cnon
1504 4052 1629 4098 nocurus
1640 4054 1695 4098 sun
1710 4057 1719 4097 ε
1737 4043 1885 4102 Emeum·
1900 4061 1965 4109 verr.
1975 4063 2010 4110 u.

251 4131 306 4198 ret,
321 4123 474 4189 efficiendo
488 4122 590 4190 tratres
603 4127 664 4185 tam
678 4123 755 4182 male
766 4124 804 4180 de
816 4139 847 4180 so
859 4124 978 4182 meritos
990 4126 1049 4186 sibi
1093 4134 1180 4186 mnes
1197 4134 1281 4178 nsrrs.
1293 4149 1330 4164 -
1342 4138 1370 4192 c.
1391 4121 1419 4182 d.
1439 4121 1557 4195 Fingitis
1574 4139 1629 4186 vos
1647 4140 1710 4184 esse
1727 4126 1887 4189 duodecim

253 4210 414 4290 supplices3
436 4207 492 4269 hac
511 4207 548 4268 de
568 4221 659 4269 carisa
681 4207 784 4272 durius
805 4223 855 4264 eos
874 4207 1048 4282 alloquitur,
1092 4203 1210 4274 iratres,
1235 4203 1388 4277 aliumque
1414 4204 1497 4268 domi
1519 4206 1629 4266 habere
1655 4207 1797 4272 fratrem:
1817 4209 1888 4274 hina

253 4298 286 4355 ut
303 4294 359 4367 ipsi
377 4307 461 4356 suam
481 4290 661 4362 impietatem
678 4295 705 4348 et
724 4291 911 4354 somniorum
928 4293 1049 4367 Josepbi
1093 4287 1202 4362 colligo
1216 4300 1269 4346 ros
1282 4291 1385 4346 cetere
1405 4303 1527 4364 quoque
1546 4289 1674 4364 fingere,
1693 4308 1817 4367 esseque
1837 4310 1888 4356 ax-

253 4377 404 4438 veritatem
417 4378 598 4448 agnoscere
613 4375 654 4438 ait
667 4390 738 4448 crgo
754 4393 761 4432 ε
1092 4369 1257 4448 placatores
1261 4388 1272 4442 3
1283 4371 1316 4427 ut
1327 4385 1399 4442 ergo
1412 4373 1593 4433 eontrarium
1606 4377 1780 4449 ostendatis,
1793 4378 1889 4442 adda.

133 4468 240 4524 01111-
288 4462 507 4519 1111151115115
525 4471 600 4514 15115
614 4486 650 4500 -
664 4458 745 4516 ilices
762 4477 769 4517 :
785 4461 920 4521 ilentitur
937 4461 985 4522 hic
999 4463 1048 4522 to·
1092 4454 1148 4518 cite
1168 4453 1288 4512 fratrem
1311 4457 1440 4514 vestrum
1461 4457 1618 4520 minimum
1637 4460 1677 4520 ad
1699 4477 1762 4534 me,
1778 4466 1811 4525 ut
1830 4478 1887 4534 ego

149 4533 217 4640 '²³⁰³‘
253 4544 342 4621 sepb;
357 4542 467 4601 sciebat
484 4541 562 4605 enirn
581 4540 684 4600 iratres
698 4556 768 4597 suos
789 4557 850 4600 non
869 4560 931 4600 esse
946 4546 1048 4618 explo—
1092 4554 1161 4596 eum
1181 4538 1313 4609 videam,
1337 4539 1467 4614 indeque
1488 4541 1581 4605 seiam
1601 4559 1653 4602 ros
1671 4559 1743 4604 vera
1764 4544 1885 4610 dixisse.

138 4593 235 4712 „9⁰12ss
252 4631 373 4688 ratores.
387 4624 555 4706 Respondet
567 4627 666 4696 primo,
681 4625 1048 4700 Repertuszrllxplornto-
1092 4625 1219 4683 Rursum
1241 4624 1304 4680 haec
1326 4639 1388 4680 non
1409 4625 1563 4697 assertive,
1581 4626 1634 4684 sed
1657 4626 1794 4692 tentative
1817 4628 1889 4694 dicit

798 4741 800 4746 -
1092 4707 1319 4782 ioseph3idqne
1330 4710 1363 4764 ut
1374 4706 1507 4779 exploret
1516 4707 1590 4786 qnid
1599 4709 1709 4770 iactum
1719 4711 1757 4769 sit
1769 4711 1807 4770 de
1816 4713 1888 4775 Ben-

285 4808 317 4875 (1)
330 4809 380 4860 vi,
392 4805 491 4862 mmm
506 4821 586 4873 opus,
600 4806 737 4870 Joffiphum
758 4806 854 4872 ipsum,
868 4807 973 4872 AEgypti
989 4823 1047 4874 pro·
1087 4790 1198 4862 jamin:
1211 4789 1331 4846 timebat
1341 4789 1580 4852 enimneiratres
1591 4792 1808 4870 similequidin
1818 4797 1889 4860 Ben-

251 4894 339 4946 regem
348 4917 357 4944 ,
378 4893 428 4929 non
445 4879 544 4946 singula
562 4879 692 4929 frumenta
707 4877 811 4942 singulis
831 4881 984 4944 vendidisse,
1002 4881 1046 4932 sed
1088 4873 1236 4943 jeminum
1251 4873 1363 4948 (utpote
1376 4871 1496 4934 fratrem
1510 4891 1598 4936 suum
1613 4877 1778 4950 uterinum,
1792 4882 1822 4936 et
1835 4883 1890 4946 Ra·

252 4965 331 5016 quum
346 4951 465 5000 Cenairaea
476 4947 572 5003 accedia
580 4950 653 5014 (Gall.
668 4950 794 5012 caracara)
807 4963 925 5013 magnam
940 4963 1045 5004 anncnae
1091 4956 1192 5027 chelis,
1207 4973 1301 5030 quam
1313 4959 1403 5016 Jacob
1415 4976 1476 5031 prae
1487 4959 1537 5022 Lia
1551 4961 1709 5035 dilexerat,
1721 4961 1827 5038 filium]
1839 4965 1890 5028 dg.

250 5019 673 5156 euleuuetuerimne
685 5019 796 5153 11111
804 5017 1046 5154 fetuum
1091 5044 1889 5188 {meque,aspernansesem-

250 5171 322 5216 urta
338 5163 456 5214 frumeuti
470 5162 543 5225 eopia
557 5161 697 5226 peregrinis
709 5160 784 5214 vendi
804 5160 894 5224 possit,
909 5168 938 5214 ut
958 5168 1046 5213 utrum

250 5235 353 5286 advenae
365 5232 473 5298 suspecti
485 5238 581 5296 555511,
596 5230 691 5283 neerei
708 5231 824 5296 AEgyptit
834 5230 903 5282 enim
925 5244 977 5300 pree
991 5231 1048 5289 aliia
1126 5215 1171 5269 16.
1187 5217 1325 5282 Aeropum
1350 5230 1402 5274 rea
1421 5230 1547 5274 51151511
1566 5217 1727 5278 Pulmonis
1746 5233 1887 5282 errrore-
1904 5235 1968 5281 vm.
1978 5237 2014 5280 11.

251 5305 369 5376 gentibus
381 5303 493 5357 diffidere
505 5303 618 5355 solebant
635 5301 782 5371 peregrinis.
858 5309 861 5311 ·
1091 5311 1330 5355 1511515115.-
1350 5301 1466 5368 Quaeres
1477 5304 1584 5374 priene,
1605 5317 1644 5360 an
1661 5304 1689 5356 τὸ
1708 5305 1890 5375 persolutam
1905 5297 1943 5344 ΑΙ
1971 5306 2017 5352 μ’
