4118 6042
300 321 354 382 ⁸⁸⁶
794 321 1036 386 commi
1052 323 1087 384 lit
1104 321 1259 395 monos,
1275 333 1338 381 ctr.
1355 323 1424 382 xtv.

179 427 428 499 mnu-tantast,
442 419 672 499 inaequitatem
690 425 842 486 mamatim
859 427 1089 500 hasts3csdant
1165 431 1195 489 s.
1211 429 1378 488 inuram
1392 421 1577 500 mamttd
1591 418 1791 487 decimu
1808 421 2020 490 eison-ras

200 497 273 546 Μ*
300 511 344 568 itti
360 509 485 580 unum,
502 509 677 584 hostemque
691 509 732 568 ad
748 508 871 568 insidias
888 511 1086 586 pertrahunt:
1130 511 1234 586 unta)
1251 515 1511 572 Ριωοππωηι
1523 507 1799 584 (matrairorouna
1821 507 1928 566 -Re-

299 592 370 654 inde
380 591 482 668 prodit
492 605 598 664 agmen
609 591 794 664 instructum,
805 593 889 669 quod
902 595 1017 652 hostem
1027 595 1089 654 cin·
1129 590 1928 672 brmomm,pmserdmhammeendentempohatiom

298 678 341 750 git
349 679 377 733 et
387 675 520 746 conticit,
532 675 617 732 danti
628 690 699 747 ergo
709 677 797 750 pauci
806 677 851 734 illi
862 677 1006 735 attolentes
1019 677 1088 736 hos-
1130 679 1349 754 AEgyptiorom;
1364 677 1505 736 ridebant
1518 677 1600 735 euim
1609 676 1672 748 jam
1684 691 1716 733 se
1727 674 1878 752 spoliatos
1890 671 1926 730 iis

296 763 358 818 mm
371 757 549 817 sumtallere
561 757 711 832 dicuntur,
725 775 854 835 eamque
866 761 1034 835 pertrahere
1047 761 1087 820 ad
1130 779 1198 838 qua
1210 763 1399 822 commodato
1411 766 1527 822 mamm
1539 762 1680 820 dadmaat
1691 761 1833 820 llabrais.

294 841 433 914 insidias,
451 857 523 900 cum
538 845 639 900 tamen
657 843 778 918 proprie
799 859 896 918 nemra
917 845 1088 918 pertrahant
1165 851 1194 905 t.
1213 851 1356 918 rounam
1378 861 1533 908 memes
1553 860 1671 904 corsos.
1684 875 1721 890 -
1738 844 1820 904 olim
1840 841 1928 904 enim
1939 863 2021 910 rna

295 927 337 990 ud
350 925 597 1002 audimusque
609 925 713 986 taliani
724 943 809 1000 eum,
823 927 875 986 sed
888 931 1003 986 tantum
1016 926 1087 984 dent
1129 929 1266 990 curribus
1284 930 1397 990 lateatis
1402 974 1414 1006 ,
1436 934 1465 989 et
1487 931 1519 988 in
1537 929 1674 988 curribus
1690 927 1927 1003 depugnatione

295 1009 495 1082 munionem,
505 1024 568 1085 qua
581 1008 669 1068 illecti
679 1010 777 1068 hostes
791 1025 842 1068 eos
855 1014 1086 1084 persequantur,
1130 1028 1234 1072 cumas
1246 1014 1326 1073 enim
1338 1032 1394 1073 saa
1406 1013 1480 1072 ialce
1492 1011 1679 1072 demetebant
1690 1012 1846 1082 homines,
1860 1009 1928 1068 ani-

294 1093 396 1167 ttsqae
412 1107 466 1150 sua
483 1093 572 1165 culpa
588 1091 738 1164 fallantur,
753 1095 782 1150 ct
800 1091 858 1167 ipsi
871 1109 902 1150 se
915 1092 1034 1151 taliani:
1049 1091 1087 1149 si·
1130 1096 1230 1168 malie,
1242 1101 1366 1170 segetas;
1377 1097 1603 1154 militeasaroin
1615 1095 1687 1170 ipsis
1699 1093 1837 1152 cunibus
1847 1109 1928 1168 prse-

293 1175 360 1234 mtll
375 1175 468 1235 modo
483 1191 554 1234 cum
574 1176 726 1234 Pharaone
744 1175 812 1234 tecit
827 1177 876 1234 hic
895 1179 989 1248 hans,
1001 1177 1086 1234 idac·
1129 1178 1234 1238 liantes
1245 1179 1452 1238 terebantoret
1465 1177 1660 1238 decurrebant
1671 1179 1703 1235 in
1714 1177 1832 1234 hostem
1845 1193 1854 1234 ε
1869 1190 1928 1233 an-

294 1275 356 1336 que
376 1259 485 1320 aidan
505 1275 575 1320 eum
598 1259 761 1321 obdurasse
782 1261 824 1320 ad
845 1261 1087 1336 persequendum
1129 1262 1287 1337 tiquissimi
1309 1268 1338 1322 et
1358 1262 1448 1339 primi
1466 1275 1585 1330 camus,
1599 1259 1761 1335 dequibus
1779 1257 1928 1332 legimns,

294 1344 444 1406 hebraeos.
1131 1351 1200 1403 sunt
1214 1346 1246 1404 hi
1260 1346 1428 1404 Pharaonis.

330 1427 495 1488 Obdaravit
511 1445 583 1505 ergo
596 1429 647 1489 hic
665 1431 743 1489 Reus
761 1430 945 1490 Pharaonem
962 1444 1000 1488 eo
1012 1445 1087 1503 proe-
1164 1429 1369 1504 Tropologice,
1383 1445 1488 1486 curras
1500 1427 1660 1485 Pharaonis
1673 1429 1744 1484 sant
1756 1439 1864 1484 amnas
1878 1425 1928 1483 vi-
1950 1448 2024 1494 am.

294 1517 381 1589 cepto
394 1513 479 1589 quod
492 1514 564 1572 itosi
577 1513 673 1585 dedit,
684 1529 762 1572 vers.
775 1516 805 1585 2,
817 1513 969 1584 nimirum,
979 1515 1088 1572 utcas-
1129 1513 1254 1582 uorum,
1267 1511 1305 1570 de
1320 1511 1430 1586 astibus
1444 1511 1512 1570 vide
1524 1513 1553 1570 S.
1569 1510 1767 1583 hemardum,
1779 1523 1872 1567 serm.
1888 1511 1928 1566 39
1946 1511 2025 1582 '5¹¹¹'

292 1599 498 1656 tramctarotur
510 1597 550 1654 ad
563 1611 645 1655 marc
657 1596 807 1669 Rubrum,
822 1597 970 1669 eregione
982 1595 1087 1652 Phiha-
1129 1598 1161 1650 ta
1182 1596 1273 1663 Cant„
1294 1595 1347 1652 nbi
1369 1610 1545 1670 comparans
1565 1595 1749 1655 Pharaonem
1767 1611 1840 1654 curn
1858 1594 1927 1652 dia-
1939 1577 2032 1676 ’ἑξ

292 1679 394 1739 hiroth
405 1679 482 1738 inter
493 1695 584 1754 rupes
597 1682 626 1738 ct
636 1683 751 1737 montes
756 1698 765 1752 ;
779 1679 861 1736 unde
874 1684 901 1733 rt
915 1685 942 1736 ct
953 1679 1087 1735 cedmabc
1128 1676 1219 1748 bolo,
1231 1681 1390 1752 AEgyptum
1403 1694 1472 1736 cum
1483 1677 1590 1736 seculo
1606 1697 1614 1735 ι
1631 1678 1712 1750 «tbi,
1725 1679 1776 1749 ait,
1786 1677 1928 1754 popalus
1959 1694 2015 1736 aaa

293 1761 480 1821 tantumdem
499 1767 556 1834 est,
567 1777 603 1820 ac
617 1763 643 1819 ei
661 1763 739 1822 dicat
754 1780 761 1819 ε
776 1763 871 1834 itaque
886 1762 1020 1818 obdurabo
1041 1775 1087 1816 cor
1128 1761 1252 1818 eductus
1264 1765 1308 1819 est
1319 1762 1356 1819 dc
1369 1764 1508 1834 AEgypt03
1521 1761 1569 1819 hic
1582 1761 1674 1819 homo
1687 1761 1725 1820 de
1740 1761 1863 1820 smum.
1879 1760 1927 1818 lbi
1958 1767 2016 1844 “¹5

295 1847 372 1918 Ruta
387 1843 498 1904 sciebat
516 1845 597 1902 enim
614 1848 690 1904 beas
709 1845 906 1914 Pharaonem,
920 1842 974 1900 abi
988 1841 1088 1901 audis·
1128 1845 1323 1917 prosternitar
1343 1845 1456 1902 Pharao
1463 1863 1472 1915 3
1493 1845 1542 1902 hia
1562 1845 1712 1904 diabolum
1733 1845 1778 1904 lbi
1797 1845 1928 1904 subras-
1963 1817 2011 1875 ¹¹¹⁴

293 1932 340 1989 set
351 1931 450 1988 ltosen
461 1931 490 1988 et
505 1929 642 1987 nehraos
654 1930 716 2001 jam
733 1943 796 1986 non
810 1929 850 1985 ad
861 1931 920 1986 tres
932 1927 1034 1984 diaetas
1047 1925 1088 1984 ad
1129 1930 1231 1985 tantur
1243 1943 1348 1984 cumas
1360 1928 1521 1985 Pharaonis
1528 1945 1538 1998 ;
1551 1927 1599 1986 hic
1610 1927 1740 2003 carnalia
1757 1932 1787 1986 et
1799 1929 1930 1988 amla-

294 2011 472 2072 sacaiticium
487 2011 610 2083 abiisse,
623 2013 678 2070 sed
691 2011 825 2071 absolute
838 2009 963 2083 fugisse,
977 2023 1087 2084 eosque
1129 2009 1174 2068 ria
1194 2010 1358 2081 desideria,
1376 2025 1443 2084 qaae
1465 2011 1591 2068 militam
1610 2012 1752 2070 adversus
1772 2012 1930 2084 animam,

291 2099 356 2171 jam
369 2112 432 2155 esse
444 2095 601 2156 conclusos
614 2095 690 2153 mari
706 2098 734 2153 et
746 2095 887 2168 rupibus,
903 2095 1001 2151 statim
1011 2091 1088 2152 redi·
1129 2092 1326 2152 suhrunntur.
1339 2093 1384 2151 lili
1401 2094 1433 2150 in
1446 2093 1601 2164 tlachbas,
1613 2094 1662 2152 isti
1675 2094 1708 2152 ia
1718 2094 1852 2153 fletibus.
1867 2097 1932 2154 Ιι·

293 2185 396 2240 tursum
408 2180 449 2240 sd
460 2195 549 2240 suam
561 2179 729 2251 ingenium,
743 2182 772 2236 et
781 2177 939 2252 pristinum
951 2175 1089 2250 proposi·
1129 2177 1187 2234 rlni
1199 2175 1258 2246 illi,
1272 2177 1366 2234 amari
1379 2176 1437 2234 isti.
1450 2179 1523 2235 Puto
1536 2181 1565 2234 et
1576 2192 1657 2234 nanc
1667 2177 1796 2236 mare
1810 2178 1932 2237 demo·

293 2269 359 2324 tam
376 2264 553 2324 dominandi
576 2263 723 2336 hebreis,
742 2262 871 2337 ideoque
890 2261 1039 2320 obdurato
1060 2263 1088 2320 ot
1130 2260 1190 2327 nia,
1201 2258 1309 2317 sitorte
1319 2260 1472 2332 contingat
1480 2261 1608 2320 incidere
1621 2262 1653 2318 in
1665 2261 1757 2319 talm
1769 2261 1931 2320 animam:

293 2349 453 2410 obfirmato
476 2348 578 2408 animo
605 2364 655 2406 eos
683 2352 926 2422 persecuturum,
943 2361 980 2404 eo
1003 2344 1088 2419 quod
1129 2343 1289 2414 Fugiamns
1309 2343 1463 2415 lsraelem,
1483 2345 1556 2418 quia
1575 2345 1716 2402 hominus
1732 2349 1850 2424 pugnet
1866 2361 1932 2420 pro

294 2437 374 2493 certo
395 2433 453 2492 sibi
473 2431 664 2508 persuaderet
685 2447 716 2489 se
738 2447 790 2488 cos
809 2429 1019 2496 obtenturum,
1032 2443 1088 2487 neo
1129 2442 1205 2485 eo.»
1221 2426 1330 2484 Deinde
1342 2427 1517 2498 Pharaonis,
1530 2427 1563 2486 id
1575 2433 1618 2485 set
1630 2428 1931 2502 diaboii,principes

293 2511 826 2592 ipsospossemanussuaseffugere.
1129 2515 1158 2570 et
1175 2527 1280 2568 eamus
1296 2511 1337 2568 ita
1354 2511 1516 2570 desmibit:
1534 2511 1795 2587 «Rahetnamqns
1807 2513 1928 2572 malitia

329 2598 464 2665 Secutdo,
483 2597 562 2655 hanc
584 2596 770 2656 occasionem
792 2594 900 2670 objecit
918 2597 993 2653 Deus
1013 2593 1088 2654 Pha·
1129 2609 1250 2652 currum
1263 2610 1352 2652 saum
1365 2599 1494 2668 quatuor
1505 2596 1577 2654 rotis
1591 2596 1799 2656 mnsistentem
1811 2616 1821 2654 ε
1835 2598 1929 2656 sasi-

292 2681 379 2742 raoni
390 2683 452 2738 mm
464 2695 519 2754 per
531 2679 668 2752 nuntios,
681 2694 773 2754 quam
786 2693 840 2753 per
853 2677 1001 2752 seipsum,
1013 2677 1088 2751 obli·
1128 2677 1180 2748 tia,
1189 2677 1381 2751 impatientia,
1389 2679 1523 2745 audacia,
1535 2679 1729 2753 impudentia.
1739 2681 1832 2739 Valde
1842 2683 1930 2740 caim

293 2765 400 2824 ciendo
411 2763 474 2836 ejus
485 2761 648 2837 phantasiae
661 2763 811 2820 circanam
822 2765 997 2836 presentem
1008 2761 1088 2834 cogi·
1129 2760 1928 2837 veloxestcurrasisteadeffandendamsangainern3

293 2847 420 2906 mtiones
436 2863 475 2905 ex
490 2861 522 2904 se
538 2845 739 2904 indifferentes
759 2846 797 2904 de
815 2845 1005 2904 tiebroeorum
1025 2861 1089 2904 am·
1129 2845 1183 2920 qai
1193 2858 1248 2902 nec
1257 2845 1425 2902 innocentia
1439 2845 1558 2918 sistier,
1570 2860 1624 2903 nec
1636 2847 1779 2920 patientia
1789 2851 1929 2908 mtsrda-

293 2929 531 3008 plitudinc,iuga
541 2933 569 2988 ct
581 2928 718 2988 facilitate
729 2943 781 2987 eos
793 2928 966 3001 reducendi,
975 2945 1012 2988 ex
1022 2929 1089 3004 qui·
1129 2935 1193 3001 tur,
1205 2930 1259 2989 nec
1272 2931 1378 2989 timore
1392 2929 1546 3003 trenetur,
1559 2947 1614 2992 neo
1624 2932 1775 2992 inhibetur
1785 2935 1929 3009 pudme3

293 3015 352 3074 bars
368 3013 479 3072 sciebat
490 3028 561 3071 eum
574 3030 606 3070 se
619 3013 839 3072 obduratorum
856 3012 896 3071 ad
908 3029 1089 3089 persequen-
1129 3015 1254 3072 trahitur
1278 3016 1378 3072 autom
1403 3013 1524 3072 duobus
1554 3015 1720 3074 admodum
1749 3017 1929 3092 pmnimbas

294 3101 368 3158 dum
380 3097 533 3169 flabrorum
548 3097 639 3172 idque
651 3096 785 3172 permisit
795 3099 883 3169 heus,
896 3095 969 3170 quia
982 3099 1090 3156 statue-
1129 3099 1224 3172 eaesis,
1243 3099 1273 3156 et
1288 3097 1328 3156 ed
1347 3113 1469 3155 omnem
1485 3097 1646 3172 perniciem
1665 3101 1789 3173 paratis,
1805 3105 1930 3162 terena
2049 3157 2050 3160 ,

293 3187 339 3240 rat
355 3197 425 3240 eum
440 3181 496 3240 hac
513 3180 626 3239 ratium
641 3181 779 3254 pellicere
793 3180 833 3238 ad
843 3196 925 3238 mare
936 3179 1088 3252 Rubrum,
1130 3179 1736 3256 potentisetscacularipompa3prasident
1745 3184 1929 3246 duobashis

180 3278 277 3326 oasam
293 3266 395 3340 ibique
408 3281 479 3324 eum
490 3264 681 3336 submergere
687 3283 696 3335 3
709 3266 772 3337 jam
785 3264 866 3322 enim
879 3265 1004 3323 omnino
1018 3279 1090 3324 con·
1129 3265 1215 3339 equis
1225 3265 1335 3336 aurigae
1343 3264 1406 3322 duo
1419 3281 1427 3322 ε
1441 3269 1542 3324 tunam
1554 3270 1583 3323 et
1594 3265 1671 3324 livor
1675 3285 1685 3340 ;
1699 3270 1729 3325 ct
1743 3272 1849 3328 tumor
1858 3272 1930 3345 qui-

177 3339 280 3413 '²¹¹¹.³⁶“
294 3349 411 3408 clusum
423 3353 486 3407 orat
502 3349 585 3423 apud
600 3350 692 3406 ileum
705 3347 743 3408 de
754 3348 907 3407 Pharaone
917 3347 1087 3422 puniendo,
1130 3348 1198 3406 dem
1210 3361 1373 3423 pompam,
1386 3347 1464 3408 livor
1475 3363 1547 3407 vero
1564 3350 1729 3424 manuam
1740 3351 1814 3424 agit.
1828 3372 1845 3409 s
1859 3355 1929 3412 Pari
2049 3421 2050 3424 Ἴ

176 3401 282 3509 ,ξ’ῗᾶῗξ,
294 3438 323 3530 et
333 3436 427 3492 morte
440 3431 625 3526 mulctanda,
638 3433 667 3525 at
680 3431 764 3504 apud
775 3433 868 3488 Deum
880 3429 942 3488 lata
951 3430 1016 3503 J'am
1027 3435 1090 3490 erat
1129 3431 1364 3528 modoluxmite,
1373 3432 1480 3531 inquit,
1491 3436 1563 3529 rota
1573 3437 1702 3530 quatuor
1711 3439 1784 3492 sont
1794 3453 1803 3492 ι
1812 3437 1925 3509 otiam,

175 3515 1089 3672 'ist'ltllrttiifliillittill‘immittit
1129 3515 1929 3678 liiitltffltiltinillliatdit

294 3697 363 3740 eum
375 3679 517 3754 pertraxit
530 3677 570 3734 ad
582 3677 682 3733 locum
695 3677 850 3749 supplicii;
864 3679 924 3736 hoc
936 3694 1008 3752 ergo
1020 3681 1088 3739 loco
1128 3685 1193 3758 riga
1209 3688 1278 3742 sunt
1291 3684 1416 3756 ignaviae
1428 3687 1542 3758 torpor,
1557 3688 1586 3742 et
1602 3685 1697 3744 intida
1712 3687 1871 3749 securitas.
1884 3691 1929 3750 Si-

295 3761 452 3821 obduratio
466 3759 499 3818 in
512 3762 572 3816 lieo
586 3773 648 3817 non
664 3758 810 3830 significat
823 3759 925 3832 aliud,
938 3761 996 3818 nisi
1008 3764 1089 3834 judi·
1129 3769 1192 3826 miii
1205 3768 1297 3826 modo
1313 3767 1440 3825 avaritiae
1457 3771 1528 3825 mter
1546 3772 1675 3842 quamor
1686 3772 1757 3828 sunt
1770 3787 1781 3827 r
1796 3772 1927 3845 pusilla.

295 3845 374 3904 cium
387 3848 417 3903 et
432 3843 594 3902 vindictam
612 3841 661 3898 tici
679 3842 712 3898 in
729 3842 929 3915 Pharaonem,
943 3860 1006 3918 qua
1018 3860 1088 3904 eum
1128 3851 1261 3920 nimitas,
1281 3849 1496 3922 inhumanitas,
1517 3855 1703 3926 contemptas
1725 3853 1795 3927 liei,
1817 3858 1928 3916 mortis

294 3927 414 4002 pellexit
427 3928 467 3986 ad
480 3925 681 3984 carnificinam
694 3925 785 3982 maris
799 3923 902 3984 Rubri.
1128 3933 1257 4005 obliri03
1278 3933 1348 4008 equi
1371 3932 1433 3990 duo
1453 3937 1523 3991 sunt
1544 3935 1684 3993 tenacitas
1705 3939 1736 3993 et
1751 3940 1924 4014 rapacitas,

329 4010 401 4068 Vide
413 4011 462 4070 hic
474 4010 505 4068 in
519 4010 687 4081 Pharaone,
701 4025 795 4083 quam
810 4025 881 4068 vera
893 4010 931 4070 sit
946 4014 1089 4072 sententia
1129 4032 1198 4074 cum
1211 4033 1267 4074 suo
1280 4017 1399 4090 auriga,
1413 4015 1467 4090 qui
1480 4019 1524 4074 est
1534 4016 1667 4076 tamena
1682 4019 1791 4093 ardor3
1806 4022 1877 4080 sola
1888 4023 1926 4081 si·

294 4097 330 4152 it
340 4095 372 4154 in
383 4097 530 4152 Sementiir
543 4096 571 4150 S.
586 4093 740 4167 augustini
753 4111 761 4150 ε
774 4094 875 4152 «Nihil
886 4095 1030 4154 infelicius
1045 4100 1089 4156 est
1128 4101 1251 4175 quidem
1264 4099 1402 4171 arantis,
1412 4099 1556 4174 quoniam
1566 4102 1732 4161 conducere
1744 4102 1852 4179 plures
1864 4123 1925 4168 non

294 4179 429 4238 felicitate
440 4177 636 4251 peccantium,
648 4179 1089 4257 quapoenalisnutritmimpu·
1128 4185 1255 4258 patitur,
1278 4199 1340 4241 nno
1363 4186 1500 4241 mutante
1521 4187 1566 4242 est
1586 4185 1727 4244 servitore
1748 4204 1756 4244 :
1779 4187 1926 4249 hameam

295 4265 385 4336 nitu,
398 4265 428 4322 at
441 4260 522 4320 mala
533 4259 686 4333 voluntas,
701 4263 783 4322 velut
794 4264 889 4324 hostis
904 4265 1026 4326 interior
1037 4281 1087 4326 ro-
1127 4270 1157 4326 S.
1171 4268 1347 4325 Bernardas.
1360 4267 1441 4327 idem
1452 4267 1485 4326 in
1496 4268 1573 4327 Scut.
1587 4288 1597 4326 r
1614 4269 1855 4345 «inscriptura,
1869 4274 1926 4347 ait,

295 4347 453 4408 boratur.»
1128 4349 1319 4409 inveniuntur
1330 4353 1389 4408 tres
1406 4367 1520 4410 curras.
1532 4355 1642 4410 Primus
1652 4357 1697 4410 est
1711 4352 1801 4412 eletio
1818 4361 1926 4430 poten

330 4429 370 4482 Er
389 4437 594 4483 csoamcaaoa
607 4437 638 4479 ns
651 4424 820 4498 Paaaaorr,
834 4455 869 4470 -
880 4427 1004 4501 quanio
1017 4443 1087 4488 eum
1128 4434 1176 4492 tiae
1187 4433 1375 4508 temporalis,
1386 4435 1471 4507 cujus
1483 4435 1587 4510 auriga
1594 4439 1639 4494 est
1648 4439 1926 4515 tamorprasamp

294 4522 304 4562 τ
315 4508 336 4564 (1
348 4522 430 4564 mare
444 4505 579 4564 Rubrum
598 4505 757 4579 pellectum
773 4510 859 4584 aquis
871 4526 1004 4584 mergam
1017 4528 1087 4571 cum
1127 4516 1217 4574 tionis
1230 4521 1259 4574 et
1276 4517 1408 4576 audacia
1414 4559 1424 4589 ,
1436 4519 1551 4578 habena
1563 4535 1676 4595 equum
1688 4523 1822 4596 propria
1831 4526 1926 4584 00³5.

295 4591 434 4648 uniserso
443 4587 592 4660 exercitu,
606 4593 676 4648 tunc
689 4593 768 4650 enim
781 4593 922 4652 omnibus
933 4596 1089 4669 apparebit
1128 4600 1244 4659 denua.
1258 4603 1339 4659 Rotae
1349 4602 1413 4675 ejas
1426 4607 1495 4660 sunt
1504 4617 1636 4679 preceps
1649 4604 1927 4667 mobilitasvanita-

296 4673 426 4744 gloriose
439 4685 507 4727 mea
518 4671 788 4745 potentia,1ustitia
798 4680 828 4732 et
840 4676 980 4735 vindicta.
1127 4683 1175 4754 tis,
1189 4687 1218 4741 et
1230 4682 1300 4742 ielis
1311 4684 1457 4745 successio
1471 4687 1683 4763 prosperitatis.
1698 4689 1749 4748 ilic
1761 4695 1810 4748 est
1818 4707 1925 4752 carrae

330 4756 486 4820 &mnam
498 4755 627 4813 la'crrru
634 4797 644 4827 ‚
658 4761 732 4815 -et
742 4763 901 4832 praesentes
916 4763 1086 4836 mergendi,
1128 4767 1307 4840 Pharaonis,
1319 4768 1352 4826 in
1363 4785 1425 4844 quo
1438 4770 1573 4829 moritur.
1587 4772 1725 4832 &suedia
1736 4777 1780 4832 est
1795 4775 1925 4840 altitudo

296 4841 329 4892 ut
341 4837 422 4908 patet
434 4848 510 4893 vars.
525 4837 572 4909 25,
585 4842 614 4896 et
626 4839 743 4914 reliqui,
756 4841 810 4916 qui
823 4842 992 4916 inAEgypto
1004 4861 1088 4904 man·
1127 4851 1368 4910 marersationis.
1381 4857 1410 4911 et
1431 4854 1508 4912 vitm.
1533 4855 1644 4929 auriga
1667 4857 1733 4930 eius
1755 4862 1802 4918 est
1825 4875 1925 4920 amma

295 4919 411 4987 serunt,
424 4917 477 4991 qai
496 4917 538 4977 ita
554 4922 669 4978 attoniti
689 4927 718 4980 et
737 4924 864 4997 perculsi
882 4922 1002 4984 inerunt
1019 4943 1087 4987 suo·
1126 4935 1366 4994 commonitionis
1390 4936 1511 5011 divina,
1535 4938 1650 4998 habens
1677 4956 1792 5016 maora
1819 4949 1926 5004 retiam

295 5013 364 5056 rom
374 5002 486 5074 sanga,
500 5004 529 5058 et
542 5003 593 5059 liei
604 5004 794 5062 licha-aerum
808 5010 899 5077 metu,
914 5010 1086 5086 utquisque
1126 5018 1360 5090 perseverantiae.
1373 5021 1454 5080 Rota
1471 5022 1535 5095 ejus
1552 5027 1621 5082 sunt
1638 5022 1790 5085 horrenda
1809 5029 1927 5088 mihi.

296 5095 387 5155 opera
400 5095 455 5138 sua
467 5082 577 5178 quihus
592 5085 786 5143 distinebatur
797 5103 833 5144 eo
845 5088 903 5159 die,
914 5105 950 5147 ue
963 5094 1087 5153 Pharao·
1126 5099 1194 5157 litas
1213 5105 1447 5178 tormentorum,
1469 5109 1498 5164 et
1514 5107 1592 5166 mira
1614 5107 1830 5168 delectabilitas
1851 5129 1929 5187 prar-

295 5177 365 5220 nem
373 5169 553 5236 sequeretur,
562 5169 661 5259 itaquae
672 5183 740 5224 cum
750 5185 785 5226 aa
795 5177 984 5246 mergeretur,
995 5179 1086 5237 Qum
1127 5184 1268 5244 miorum.
1290 5187 1340 5245 liic
1359 5193 1403 5246 est
1422 5205 1526 5249 curram
1543 5191 1577 5250 in
1596 5207 1658 5266 quo
1681 5191 1753 5266 legit
1770 5209 1843 5252 cum
1863 5195 1928 5254 Phi·

296 5248 771 5320 ⁵¹¹¹¹¹²¹V⁰ffl¹012fflibP⁰l¹⁰Pit¹⁵
785 5251 885 5312 *libat
898 5258 980 5328 &Pud
993 5262 1087 5323 Palla·
1126 5267 1211 5341 lippo
1224 5270 1401 5346 Eunuchus,
1412 5275 1477 5334 Act.
1491 5289 1554 5334 rau.
1570 5277 1677 5333 Tatius
1690 5291 1798 5336 currus
1811 5283 1857 5336 est
1869 5279 1929 5338 cel·

298 5324 661 5403 manumissionem.
675 5344 725 5389 an.
1127 5349 1225 5408 situdo
1241 5355 1498 5429 contemplationis
1510 5362 1539 5418 et
1553 5359 1663 5432 moe.
1677 5361 1789 5436 Auriga
1802 5365 1929 5437 sjnsest
